1794 3172
318 137 634 184 HISTORIAE
661 135 1035 183 BYZANTINAE
1062 135 1204 182 XXII.
1228 138 1270 185 4.
1390 130 1523 178 1079

41 249 186 307 μηκέτι
204 249 263 307 μὴ
282 251 447 294 δεῖσθαι
465 249 571 306 μηδ’
595 246 703 300 ὅλως
721 245 827 305 μήτ’
848 247 919 303 ἓμέ
944 244 1193 306 μαρτύρων·
1228 243 1339 304 μήτ’
1372 246 1524 291 ἐκεῖνον
1545 257 1636 291 Δ.σ.
1653 256 1743 293 1351

42 319 146 376 ἔχειν
172 319 231 363 ἔτι
262 320 508 377 ἀρνεῖσθαι,
546 317 659 375 μήθ’
691 315 803 374 ἡμᾶς
832 317 1019 361 τάκείνου
1040 317 1112 370 διὰ
1132 314 1300 374 μνήμης
1330 305 1745 387 ἅγοπας,ωᾶ·οἲ’ὶςέὼ

42 391 111 432 καὶ
138 388 376 445 γινομένους
402 387 622 447 μάρτυρας
650 384 1002 445 ἀπαραγράπτους
1029 391 1114 430 τῶν
1141 387 1294 430 ἐκείνου
1323 390 1521 445 βλασφη-
1544 396 1586 432 Ρ.
1604 398 1677 433 678

42 463 170 514 μιῶν·
209 456 265 508 ῶς
288 460 431 510 ἐξεῖναι
452 458 558 514 κάμὲ
578 462 661 501 τῶν
679 457 850 512 ἐλέγχων
870 456 952 513 ἤδη
976 456 1035 512 μὴ
1057 455 1163 514 πρὸς
1191 456 1426 514 ἀνέδραστα
1454 459 1524 500 καὶ

12 528 309 571 ὄάστατοῦντα
338 534 488 584 σημεῖα
510 527 586 583 τὴν
606 526 770 583 τοξικὴν
787 525 892 580 μετὰ
912 530 995 570 τῶν
1020 530 1155 580 βελῶν
1180 525 1388 580 ἀναλοῦν,
1417 527 1526 583 μηδὲ

42 596 183 654 τυφλὰ
205 596 395 654 παρέχειν
422 596 477 640 τὰ
501 594 723 653 τραύματα
743 600 802 655 τῷ
826 596 967 654 ἐχθρῷ
976 629 991 649 ,
1035 595 1142 638 ἀλλὰ
1164 599 1282 653 σαφῆ
1299 597 1368 638 καὶ
1388 594 1526 652 ἀναμ-

43 663 301 725 φισβήτητον
332 665 479 722 ἔχοντα
503 665 580 722 τὴν
599 663 813 721 ἀλήθειαν.
859 666 947 708 Καὶ
977 665 1142 723 τρίτον,
1172 663 1236 715 ὅτι
1270 664 1402 721 συχνὰ
1433 673 1527 717 ταῖς

41 741 126 779 τῶν
147 734 277 779 αὐτοῦ
299 734 434 793 λόγων
458 735 629 787 αι’)’λαξιν
650 736 838 791 ἐντίθησι
858 736 927 778 καὶ
946 736 1191 792 διασπείρει,
1222 733 1437 792 κηρύττων
1467 734 1526 779 εἶ-

42 823 110 848 ναι
128 805 307 855 πολλοὺς
322 805 423 856 τοὺς
452 805 565 864 αὐτῷ
592 808 921 863 συμφωνοῦντας
933 838 947 858 ,
978 805 1044 847 ἐπὶ
1066 805 1194 865 σοφίᾳ
1214 806 1283 847 καὶ
1303 807 1563 860 θαυμαζο-ῙΒ

0 876 215 930 ἱΟμένους,
247 872 304 925 ὥς
326 875 507 933 εἴρηται,
553 874 643 918 ὅσοι
662 892 705 918 τε
733 878 816 918 τῶν
851 872 1060 932 ἡμετέρων
1091 875 1160 917 καὶ
1194 872 1284 917 ὅσοι
1314 879 1398 918 τῶν
1437 872 1526 918 θύ-

41 947 187 1001 ραθεν.
225 938 283 987 ὧν
304 942 489 989 ἑκάστων
508 943 693 1000 τοῖἷνομα
712 942 740 1000 ἢ
764 947 858 1002 σιγῇ
882 947 1075 986 παντελεῖ
1087 942 1373 1001 παραπέμπει,
1403 942 1520 1000 μήθ’

42 1011 181 1056 ὁποῖοί
195 1030 322 1067 τινες,
352 1011 468 1070 μήθ’
492 1013 520 1057 ἅ
539 1030 667 1072 φασι,
700 1015 919 1071 διασαφῶν
941 1011 1083 1056 οὐδέν·
1118 1011 1147 1069 ἢ
1178 1013 1280 1070 λέγει
1299 1014 1376 1068 μὲν
1405 1014 1524 1057 ἐνίων

40 1080 227 1137 ὀνόματα
254 1081 467 1140 σωρηδόν·
511 1082 539 1126 ἃ
570 1082 616 1126 δ’
644 1083 745 1126 εἰσὶν
772 1081 802 1125 ἃ
830 1082 1018 1139 λέγουσιν
1046 1082 1187 1125 ἐκεῖνοι
1194 1114 1210 1136 ,
1241 1084 1312 1125 καὶ
1341 1079 1435 1137 οἷα,
1473 1082 1522 1126 τὸ

40 1149 240 1209 παράπαν
259 1152 380 1196 οὐδὲν
400 1151 494 1196 οὔτε
512 1153 788 1210 προτίθησιν,
816 1151 911 1195 οὔτ’
938 1152 1172 1207 ἐπιτίθησιν
1179 1185 1194 1205 ,
1229 1150 1310 1195 ὅσα
1338 1151 1383 1210 γ’
1417 1152 1523 1196 εἶδέ-

0 1223 108 1264 ὲ5ναι
135 1220 229 1277 ἐμέ,
261 1222 333 1264 ἵνα
354 1221 425 1265 διὰ
441 1222 518 1278 μὲν
535 1226 619 1265 τῶν
645 1219 862 1277 ὀνομάτων
882 1220 958 1272 τὰς
981 1225 1066 1265 τῶν
1094 1220 1367 1279 ἀκροωμένων
1388 1220 1562 1279 ἀναρ-Ο

38 1294 124 1334 τῶν
154 1292 223 1334 καὶ
259 1290 501 1347 ἀνασοβῶν,
518 1291 647 1342 ἀκοὰς
681 1291 818 1352 ῥᾷστα
845 1292 914 1334 καὶ
944 1290 1120 1347 ἀπονητὶ
1147 1291 1254 1349 πρὸς
1284 1290 1334 1335 τὸ
1363 1290 1523 1347 βουλό-

38 1377 163 1416 μενον
190 1360 466 1416 πειθομένους
493 1359 565 1419 ἔβςῃ
601 1362 695 1420 (τοῦ
714 1378 759 1417 γε
789 1367 1056 1418 καινοφωνεῖν
1079 1362 1212 1404 δοκεῖν
1238 1367 1327 1411 τοῖς
1353 1365 1523 1411 πολλοῖς

40 1428 306 1485 ἀπεωσμένον
341 1432 474 1486 δῆθεν
506 1428 768 1489 παντάπασι)
804 1428 873 1472 διὰ
900 1430 946 1472 δὲ
971 1434 1047 1485 τῆς
1077 1434 1161 1473 τῶν
1191 1429 1330 1487 ῥητῶν
1359 1430 1521 1474 ἐκείνων

40 1503 156 1555 σιγῆς
193 1497 468 1558 διαδιδράσκῃ
498 1498 572 1543 τὸν
609 1498 796 1556 ἔλεγχον,
834 1496 908 1541 ἅτ’
941 1499 1106 1548 ἐκείνοις
1134 1497 1272 1555 ἥκιστ’
1305 1496 1523 1559 ἀπᾴδοντα

0 1568 165 1624 Όλέγων
194 1565 332 1619 αὗτός.
388 1570 458 1612 καὶ
486 1574 599 1612 ποιεῖ
622 1570 797 1612 διπλοῦν
831 1566 938 1610 ἀνθ’
969 1565 1106 1611 ἁπλοῦ
1131 1566 1282 1622 κακὸν,
1323 1566 1451 1618 αὐτός
1476 1585 1521 1611 τε

36 1640 302 1694 βλασφημῶν
336 1636 562 1694 ἀνέγκλητα
592 1638 661 1680 καὶ
691 1635 781 1692 ἅμα
810 1635 1023 1687 κάκείνους
1049 1634 1310 1693 διαβάλλων,
1347 1638 1415 1680 καὶ
1445 1637 1524 1695 φέ-

39 1723 125 1764 ρων
145 1708 203 1757 εῗς
220 1705 350 1761 μέσον
370 1704 525 1763 ὅμοίως
549 1706 665 1768 αὐτῷ
684 1709 1054 1765 βλασφημοῦντας.

129 1794 167 1831 2.
192 1789 292 1838 ὑμᾶς
312 1792 404 1829 coni.
428 1793 544 1840 Capp.

38 1865 115 1899 star
131 1862 285 1910 praedae
302 1861 566 1909 oonqukebam,
590 1864 641 1899 ita
658 1862 742 1899 mihi
757 1861 934 1905 offeratis,
957 1864 999 1897 ut
1017 1860 1172 1907 effugere
1187 1858 1334 1908 amplius
1352 1871 1420 1895 uon
1437 1871 1522 1907 pos-

39 1910 110 1951 sit,
134 1921 198 1944 nec
223 1921 290 1955 ego
309 1908 377 1944 iam
393 1910 543 1945 testibus
562 1910 631 1945 ullo
650 1914 754 1957 paeto
772 1910 968 1956 indigeam,
999 1920 1064 1943 nec
1089 1908 1167 1953 ipse
1191 1918 1323 1953 negare
1350 1919 1439 1954 quae
1465 1908 1520 1942 illi

38 1956 284 1991 adscribuntur
309 1955 443 1999 valeat3
476 1957 756 2002 quemadmodum
782 1968 848 1992 nee
873 1967 956 1998 vos,
988 1954 1051 2001 qui
1076 1953 1254 2001 opiniones
1282 1953 1358 1989 eius
1392 1965 1521 1989 memo-

37 2003 94 2037 ria
115 2002 263 2044 tenetis,
288 2004 325 2036 et
349 2003 461 2058 ipsius
486 2003 776 2049 blasphemiarum
803 2007 913 2038 testes
939 2002 1027 2037 estis
1058 2000 1148 2036 omni
1180 2000 1386 2047 exeeptione
1411 2001 1521 2036 maio-

37 2060 108 2083 res.
162 2048 268 2083 Unde
294 2047 377 2083 milu
401 2048 523 2083 licebit
545 2061 614 2085 non
639 2050 705 2085 iam
726 2050 764 2085 in
794 2050 895 2096 sigua
921 2047 1152 2084 inconstantia
1186 2051 1224 2082 et
1253 2046 1430 2082 instabilia
1460 2059 1519 2082 re-

37 2093 229 2130 futationes
254 2098 391 2129 nostras
425 2095 526 2142 quasi
549 2096 694 2132 totidem
720 2097 790 2132 tela
814 2108 879 2142 per
901 2100 1010 2130 artem
1032 2093 1249 2140 sagittarium
1275 2098 1518 2140 contorquere,

37 2152 102 2176 nec
120 2153 226 2176 caeca
240 2140 333 2176 hosti
351 2141 498 2177 vulnera
512 2142 694 2188 infligere,
720 2143 782 2178 sed
809 2142 1013 2184 manifesta,
1038 2147 1074 2176 et
1093 2152 1182 2186 quae
1203 2140 1429 2176 indubitatam
1454 2152 1519 2175 ve-

37 2187 176 2222 ritatem
193 2199 279 2233 prae
303 2199 343 2222 se
357 2188 484 2223 ferant.
531 2187 658 2224 Tertio
675 2189 746 2224 suis
771 2189 870 2224 libris
891 2188 1019 2235 passim
1038 2187 1164 2223 inserit
1182 2191 1219 2222 et
1234 2187 1427 2234 praedieat,
1448 2186 1517 2222 sibi

37 2234 201 2269 assentiri
219 2233 366 2277 multos,
390 2238 430 2270 ut
452 2234 580 2270 dictum
597 2239 669 2278 est,
692 2236 866 2282 sapientia
881 2235 1078 2276 mirabiles,
1098 2238 1172 2269 tum
1189 2233 1427 2277 Christianos,
1443 2238 1517 2269 tum

63 2292 215 2326 aganos3
239 2292 381 2326 quorum
398 2281 544 2316 omnium
559 2293 680 2318 nomen
694 2288 758 2317 aut
772 2283 849 2317 alto>
859 2281 996 2317 silentio
1011 2279 1276 2328 praetermittit,
1299 2291 1412 2326 neque
1427 2291 1517 2326 qua-

37 2291 89 2361 l’ee
105 2328 176 2362 siut
191 2338 256 2361 nee
275 2338 367 2374 quae
385 2327 505 2363 dicant
522 2328 692 2374 explicat3
715 2333 777 2364 aut
796 2327 1007 2375 quorundam
1033 2327 1171 2374 quidem
1197 2327 1385 2361 acervatim
1408 2325 1518 2360 nomi-

38 2383 85 2408 na
106 2378 286 2416 recenset,
310 2373 373 2409 sed
400 2386 491 2420 quae
509 2379 570 2409 aut
600 2375 716 2421 qualia
743 2376 862 2411 dicant
889 2375 1102 2417 nullatenu&
1132 2373 1224 2428 quod
1250 2373 1372 2408 saltem
1397 2371 1516 2413 sciam,

37 2419 228 2464 praemittit
247 2424 307 2455 aut
323 2420 517 2467 subiungit:
539 2426 580 2456 ut
594 2422 728 2457 illorum
747 2421 939 2456 nominibus
955 2432 1059 2456 auree
1076 2421 1268 2455 auditorum
1286 2429 1422 2453 suorum
1437 2429 1518 2451 sus-

37 2476 163 2511 pensas
181 2470 300 2502 teneat
325 2471 362 2502 et
379 2468 586 2510 conturbet,
610 2469 731 2515 sicque
752 2467 915 2503 facillime
937 2467 1109 2514 quidquid
1134 2465 1284 2501 voluerit
1302 2465 1352 2499 eis
1371 2474 1517 2510 persua-

37 2512 121 2546 deat
137 2512 217 2558 (qui
234 2512 326 2547 enim
344 2525 452 2548 novas
467 2513 687 2550 introducere
706 2527 811 2550 voees
827 2514 977 2555 videtur,
1000 2524 1023 2548 a
1042 2512 1147 2559 vulgo
1164 2513 1265 2558 plane
1281 2510 1515 2556 repudiatur),

37 2557 102 2592 sed
122 2569 239 2593 eorum
256 2557 351 2594 dieta
368 2559 547 2596 reticendo
563 2562 864 2608 reprehensionem
881 2558 1050 2606 effugiat,
1074 2559 1173 2605 quasi
1197 2557 1334 2594 minime
1351 2554 1420 2590 illis
1442 2555 1516 2590 dis-
1559 2572 1564 2575 ·

38 2615 123 2638 sona
141 2605 328 2650 proferret.
387 2605 457 2641 Hie
480 2611 593 2642 autem
617 2619 680 2654 pro
701 2607 801 2643 unico
822 2618 865 2642 ac
880 2605 1026 2652 simplici
1040 2605 1167 2686 duplex
1182 2603 1304 2639 malum
1345 2605 1514 2655 erpetrat.

36 2649 130 2686 Nam
149 2654 186 2685 et
211 2650 290 2696 ipse
311 2651 356 2686 im
383 2663 451 2688 une
470 2653 705 2700 blasphemat,
738 2657 775 2689 et
799 2653 877 2688 illos
904 2652 1004 2688 simul
1029 2651 1089 2698 phi
1102 2651 1262 2703 esophos·
1332 2651 1513 2689 ummamr,

37 2698 76 2731 et
90 2699 251 2744 tanquam
290 2696 300 2706 ”
367 2709 421 2734 em
438 2710 554 2737 seeum
570 2699 804 2748 blasphemiae
818 2710 899 2736 reos
919 2699 956 2735 in
970 2699 1122 2736 medium
1139 2697 1292 2733 addnext.
