1794 3172
379 116 698 182 HISTORiAE
724 133 1099 180 BYZANTmAE
1122 132 1239 179 xlv.
1268 139 1309 180 2.
1484 124 1585 174 695

100 254 187 293 σεΐν
220 244 391 305 ἐγεγόνει
424 248 493 289 καὶ
522 246 577 290 τὰ
610 250 781 290 πλεῖστα
805 249 890 289 τῶν
910 249 987 289 τοῦ
1005 245 1237 298 Βυζαντίου
1254 246 1412 299 τειχῶν.
1447 242 1794 338 &pugnae-⁰1:32⁴.

100 322 186 362 λων
218 318 264 361 δὲ
291 316 512 375 φραγμοὺς
538 318 607 359 καὶ
647 314 791 372 κήπων
820 313 1066 371 περιβόλους
1091 313 1189 357 οὐδὲ
1218 317 1461 369 μεμνῆσθαι
1483 331 1582 371 χρη.
1631 342 1761 377 1aeol.3

98 385 249 437 πάντες
269 387 347 443 γὰρ
368 390 519 443 μικροῦ
540 386 847 444 κατερῥίφησαν
868 384 963 441 ι’ίχρι
992 385 1203 441 κρηπίδων
1218 397 1228 407 ·
1265 381 1323 433 ὥς
1345 381 1624 440 δυσπρόσο-(ἶ

99 458 173 499 δον
201 458 391 513 γίνεσθαι
412 461 552 499 πᾶσαν
582 455 729 512 ἀγυιὰν
757 462 847 505 τοῖς
866 459 1084 511 παριοῦσι,
1122 452 1314 510 σωρηδὸν
1332 434 1718 510 ε’ῤῥιμμεί’ωνν“352

69 530 184 568 ὁτῶν
204 526 397 569 ἐντεῦθεν
417 526 614 583 ἐρειπίων.
663 523 757 584 (B.)
787 524 1021 579 Ἐκκέχυται
1045 525 1071 566 δ
1076 522 1090 539 '
1114 520 1220 578 ὃμοῦ
1239 524 1309 565 καὶ
1330 522 1378 565 τὸ
1395 527 1471 578 τῆς
1495 527 1586 566 θα-

98 594 253 651 λάττης
277 593 428 653 ρόθιον
445 593 501 645 ὥς
522 592 781 651 πορρωτάτω
801 598 877 650 τῆς
888 594 1043 651 χέρσου
1058 607 1069 617 ·
1105 594 1174 635 καὶ
1193 590 1381 647 μάλισθ’
1408 591 1489 649 ὅπη
1508 610 1585 636 πε.-

96 664 191 715 duic
208 666 276 707 καὶ
306 662 535 720 ἱππήλατος
555 659 607 719 ἦν
638 661 665 719 ἦ
686 669 739 720 γῆ
746 697 760 715 ,
786 665 906 721 με’χρι
924 665 994 706 καὶ
1014 664 1057 714 ἒς
1074 663 1172 705 δέκα
1194 663 1401 712 σταδίους.
1440 665 1582 714 συνεξ-

96 732 226 789 ήλασε
258 733 307 776 δ’
330 733 429 777 »ἕνια
466 735 533 776 καὶ
562 734 725 788 ἐνιαχοῦ
757 738 842 777 τῶν
872 733 1079 786 ἀκατίων,
1116 731 1196 776 ὅσα
1215 732 1320 789 πρὸς
1338 739 1427 782 τοῖς
1449 733 1583 787 λιμέσι

96 805 165 846 καὶ
183 810 270 854 τοῖς
296 779 443 854 3220«,-
471 805 715 860 παραλίοις,
766 805 833 846 καὶ
851 803 1095 857 συνέτριψεν
1119 803 1163 844 ἓν
1182 806 1235 859 τῇ
1254 803 1451 861 μεσογείῳ
1464 816 1475 825 ·
1510 803 1620 846 καὶΙ)

39 880 86 915 10
96 874 290 924 πλείστας
317 874 363 916 δὲ
378 873 597 916 κατέκλυσε
620 871 787 930 χώρας,
825 872 967 923 αὐτοῖς
987 870 1162 928 ἀνδράσι
1190 873 1259 914 καὶ
1284 873 1489 926 ποιμνίοις
1510 874 1580 915 καὶ

94 940 258 998 ζεύγεσι.
296 941 677 999 παλινδρομοῦντός
701 960 745 1000 γε
772 942 858 999 μὴν
891 947 967 986 τοῦ
998 943 1149 1000 ῥοθίου
1174 940 1283 996 μεθ’
1319 941 1460 984 ἱκανὸν
1477 942 1582 999 πρὸς

39 1003 42 1006 ⁴
93 1012 170 1062 τὰς
189 1010 386 1068 συνήθεις
412 1014 480 1055 καὶ
501 1013 749 1068 τεταγμένας
767 1012 909 1066 εὐνὰς,
946 1007 999 1068 ἦν
1019 1014 1119 1055 ἰδεῖν
1139 1009 1254 1061 ἰλύος
1275 1010 1328 1054 τὰ
1348 1008 1486 1054 πάντα
1502 1029 1580 1066 με-

92 1081 174 1124 στὰ
204 1083 273 1125 καὶ
301 1080 462 1137 ἰχθύων
490 1086 660 1139 νεκρῶν.
730 1081 823 1142 (Γ.)
856 1074 1085 1137 Λῖσθησιί
1100 1082 1242 1136 μέντοι
1277 1085 1352 1124 τοῦ
1383 1079 1577 1124 τοιούτου

91 1152 284 1207 γενέσθαι
304 1153 408 1209 φασὶ
430 1156 624 1208 τιναγμοῧ
644 1152 710 1195 καὶ
728 1157 901 1208 σεισμοῦ
910 1152 1029 1208 μέχρι
1045 1152 1332 1207 Λυσιμαχίας,
1355 1152 1422 1193 καὶ
1439 1149 1578 1208 βραχύ

37 1227 82 1263 15
93 1238 131 1263 τι
163 1220 435 1278 Χερρονήσου
463 1222 666 1265 ἕπε’κεινα·
714 1221 863 1278 ἣκιστα
903 1222 947 1264 δ’
981 1217 1056 1265 οὖν
1089 1222 1163 1265 τὸν
1199 1221 1290 1264 ἴσον
1320 1237 1365 1278 γε
1394 1219 1574 1278 τρόπον’

90 1291 187 1333 ἀλλ’
211 1290 348 1349 ὥσπερ
374 1292 419 1343 ἐξ
438 1290 692 1350 ὅρμητηριόυ
713 1294 781 1335 καὶ
800 1292 913 1350 ῥίζης
930 1291 1041 1343 τινὸς
1057 1289 1286 1349 ἀρξάμενον
1310 1294 1386 1335 τοῦ
1405 1292 1615 1344 Βυζαν-Ε·

88 1362 180 1403 τιόυ
207 1356 347 1418 ’ἠρέμα
371 1363 439 1404 καὶ
468 1362 575 1405 κατὰ
605 1362 743 1418 βραχὺ
772 1359 972 1419 προϊόντα
995 1379 1038 1405 τε
1071 1357 1277 1405 ἐνδιδόναι
1307 1362 1376 1404 καὶ
1406 1359 1576 1418 ὖφειμὲ-

88 1447 171 1480 νως
187 1433 442 1484 βαδίζουσαν
470 1431 579 1474 κατὰ
606 1432 655 1475 τὸ
686 1430 888 1489 ἀνάλογον
911 1431 972 1474 ἀεὶ
1002 1438 1094 1482 ταῖς
1116 1432 1262 1489 ἐφεξῆς
1290 1431 1578 1488 παραπέμπειν

83 1499 242 1557 χώραις
269 1502 338 1544 καὶ
366 1499 509 1545 πόλεσι
540 1501 617 1558 τὴν
660 1506 735 1545 τοῦ
766 1499 914 1545 κλόνου
943 1499 1193 1559 συνάφειαν·
1240 1508 1489 1558 παραμεῖναι
1522 1502 1548 1542 δ
1557 1500 1571 1515 ‘

31 1569 186 1626 Ξθᾶχρι
206 1572 275 1613 καὶ
293 1570 423 1614 αὐτοῦ
438 1588 482 1627 γε
502 1576 579 1614 τοῦ
599 1571 754 1629 θέρους
774 1571 846 1629 ἐφ’
871 1568 1006 1631 ἡμέρα
1032 1573 1099 1614 καὶ
1119 1571 1255 1623 νυκτὶ,
1289 1572 1413 1624 μείζω
1439 1587 1483 1612 τε
1504 1571 1573 1612 καὶ

87 1638 247 1683 ἐλάττω
270 1640 347 1696 τὴν
364 1640 565 1696 αἴσθησιν
584 1639 875 1698 παρεχόμενον.
928 1639 1026 1699 (A.)
1062 1639 1190 1684 Κατὰ
1214 1639 1355 1695 με’ντοι
1378 1641 1701 1699 περίρδονΡ,435

82 1708 280 1765 χρονικὴν
320 1714 395 1753 τοῦ
434 1708 608 1753 κατόπιν
644 1712 888 1765 βαδίζοντος
927 1707 1199 1767 φθινοπώρου
1241 1710 1286 1752 ἐκ
1323 1713 1400 1764 τῆς
1441 1708 1573 1765 αὐτῆς

86 1775 288 1829 ὡσαύτως
307 1777 465 1837 ἡμέρας
493 1778 627 1835 ὅμοιοι
650 1778 775 1824 πάλιν
803 1776 1025 1838 ἀρξάμενοι
1054 1779 1131 1836 τὴν
1158 1784 1235 1835 γῆν
1264 1776 1571 1837 συνετάραττόν

88 1865 133 1891 τε.
145 1850 215 1891 καὶ
234 1847 474 1907 ἐθορύβουν
489 1850 655 1906 σεισμοί
663 1864 674 1874 ·
710 1847 768 1901 ὥς
789 1850 834 1893 ἐκ
852 1853 928 1906 τῆς
950 1854 1034 1894 τῶν
1047 1847 1245 1893 τοιούτων
1265 1853 1444 1904 σεισμῶν
1466 1866 1568 1893 συν-

82 1958 156 1994 Sed
174 1964 212 1995 et
228 1959 348 1996 domus
365 1960 585 2004 ceciderunt,
609 1964 647 1997 et
664 1961 809 1998 maxima
825 1974 912 2008 pars,
924 1973 1092 1997 murorum
1107 1959 1388 2008 Byzantinorum.
1434 1961 1567 1998 Vinea-

82 2017 159 2041 rum
183 2013 296 2042 autem
325 2008 490 2044 macerias
514 2014 551 2044 et
579 2010 756 2044 hortorum
780 2016 880 2056 septa
906 2022 951 2044 ne
975 2009 1111 2056 quidem
1135 2008 1389 2043 commemorari
1414 2014 1566 2054 oportet·

81 2052 140 2088 Ea
164 2054 254 2088 enim
280 2055 388 2090 ferme
408 2055 523 2090 omnia
547 2067 570 2090 a
592 2057 827 2091 fundamentis
849 2062 993 2102 proruta
1009 2062 1111 2098 sunt3
1133 2056 1184 2090 ita
1207 2061 1247 2090 ut
1265 2057 1565 2101 praetereuntibus

79 2099 162 2134 viae
181 2111 296 2135 omnes
313 2103 413 2137 aditu
430 2102 593 2137 difficiles
610 2103 820 2146 existerent,
845 2103 1031 2138 ruderibus
1047 2103 1131 2138 inde
1148 2102 1278 2137 evulsis
1304 2102 1489 2137 acervatim
1509 2102 1564 2137 ia·-

80 2147 248 2182 centibus.
290 2148 376 2194 (11.)
391 2149 485 2183 'rum
502 2149 606 2184 etiam
623 2150 722 2184 simul
741 2151 845 2185 maris
862 2151 990 2184 fluctus
1007 2150 1045 2184 in
1061 2154 1190 2184 terram
1209 2149 1329 2195 procul
1345 2149 1479 2184 effusus
1495 2154 1563 2191 est,

78 2192 161 2228 illac
179 2194 337 2238 maxime,
361 2207 432 2242 qua
449 2195 587 2241 planum
606 2201 644 2231 et
661 2197 848 2243 equitabile
869 2197 976 2231 solum
988 2201 1077 2238 erat,
1100 2196 1144 2231 ad
1164 2197 1282 2231 decem
1300 2208 1412 2242 usque
1429 2196 1563 2237 stadim

79 2246 117 2274 et
135 2252 251 2275 secum
274 2241 432 2278 alicunde
457 2243 611 2289 propulit
637 2255 747 2289 parva
773 2244 935 2289 navigia,
957 2255 1048 2289 quae
1065 2243 1200 2278 scilicet
1219 2243 1256 2277 in
1274 2244 1443 2289 portubus
1464 2247 1564 2277 erant

78 2286 226 2333 aliisque
240 2287 310 2323 oris
326 2289 520 2331 maritimis,
535 2290 778 2336 confregitque
795 2291 833 2325 in
849 2291 1121 2332 mediter-ranem
1143 2301 1187 2324 ac
1201 2290 1364 2336 plurimos
1380 2301 1455 2324 cum
1473 2289 1563 2335 ipsis

78 2337 147 2368 tam
171 2334 362 2370 hominibus
392 2348 495 2381 quam
523 2336 689 2382 gregibus
712 2343 750 2372 et
776 2337 937 2372 iumentis
966 2348 1071 2382 agros
1099 2336 1294 2373 submersit.
1347 2336 1562 2370 Recurrente

77 2386 193 2415 autem
217 2381 327 2416 fluctu
351 2382 528 2428 aliquanto
545 2390 623 2429 post
640 2383 685 2418 ad
709 2384 848 2419 solitum
867 2383 1114 2429 definitumque
1133 2383 1288 2426 alveum,
1310 2383 1425 2418 omnia
1440 2382 1563 2417 videre

76 2433 154 2461 erat
168 2427 247 2462 limo
266 2429 367 2473 plena
383 2435 419 2464 et
437 2429 591 2476 piscibus
610 2431 763 2465 mortuis.
809 2431 915 2476 (ΠΙ.)
938 2430 989 2464 Et
1007 2430 1081 2464 eius
1100 2430 1237 2476 quidem
1254 2429 1413 2465 tremoris
1430 2440 1473 2463 ac
1487 2433 1562 2463 ter-

75 2484 138 2508 rae
155 2481 266 2509 monis
284 2487 421 2510 sensum
440 2477 485 2511 ad
502 2477 751 2522 Lysimachiam
766 2489 879 2524 usque
901 2477 1023 2512 dicunt
1041 2477 1262 2523 pervenisse,
1285 2481 1322 2511 et
1343 2475 1447 2522 paulo
1468 2475 1562 2510 ultra

75 2520 348 2556 Chersonesum:
371 2531 408 2557 at
425 2534 640 2569 nequaquam
666 2525 813 2559 eundem
835 2524 871 2558 in
889 2523 1037 2558 modum.
1083 2523 1156 2558 Sed
1171 2534 1194 2557 a
1210 2523 1381 2568 Byzantio
1399 2527 1561 2567 tanquam

74 2567 120 2600 ab
141 2579 204 2602 sna
230 2570 315 2603 sede
342 2574 379 2604 et
402 2569 521 2605 radice
550 2582 627 2605 cum
652 2571 862 2617 incepisset,
895 2570 1022 2605 sensim
1047 2581 1090 2605 ac
1114 2569 1276 2615 paulatim
1305 2568 1561 2615 progrediendo

73 2613 269 2657 remisisse,
290 2620 328 2650 et
348 2615 459 2650 lenius
475 2628 585 2661 usque
606 2618 829 2663 proportione
849 2622 986 2652 euntem
1010 2616 1212 2661 agitationis
1232 2627 1317 2650 suae
1336 2620 1491 2650 tenorem
1513 2615 1561 2650 ad

72 2659 234 2704 regiones
250 2662 425 2708 urbesque
439 2663 622 2698 ulteriores
637 2664 887 2706 tran-isiaee3
903 2664 954 2698 ita
969 2669 1083 2698 autem
1099 2663 1246 2697 durasse
1263 2663 1307 2696 ad
1322 2662 1432 2708 ipsam
1448 2672 1561 2707 usque

73 2711 239 2743 aestatem
257 2709 318 2743 diu
341 2714 535 2755 noctuque,
560 2715 599 2744 nt
618 2711 718 2745 modo
736 2711 897 2746 maiorem
915 2710 1017 2745 modo
1040 2709 1204 2744 minorem
1224 2709 1278 2743 sui
1299 2720 1435 2743 sensum
1453 2719 1559 2754 prae-

71 2751 185 2806 beret.
231 2754 335 2799 (lv.)
358 2756 544 2791 Enimvero
566 2758 724 2791 revoluto
747 2757 963 2804 insequentis
985 2756 1142 2791 autumni
1158 2761 1324 2801 tempore,
1348 2754 1467 2790 eadem
1487 2765 1557 2800 pa-

70 2805 158 2832 riter
176 2799 236 2834 die
256 2800 380 2836 iterum
404 2803 518 2838 exorti
546 2803 672 2839 similes
699 2810 868 2839 tremores
882 2809 1021 2842 ,terram
1045 2808 1299 2837 concusserunt
1323 2814 1366 2836 ac
1387 2802 1556 2836 turbave-
1624 2821 1650 2834 2.

69 2849 170 2888 runt3
191 2846 280 2882 adeo
298 2852 339 2883 nt
352 2849 517 2886 continua
531 2850 593 2886 ina
607 2851 801 2896 agitatione
823 2862 879 2893 ee,
905 2861 996 2898 quae
1010 2849 1189 2886 columnae
1207 2848 1380 2885 lateritiae
1394 2847 1555 2895 imposita
