1794 3172
223 139 357 188 1102
498 154 523 189 „1
633 142 952 190 NICEPHORI
982 140 1310 188 GREGORAE
1395 143 1410 166 '
1445 148 1448 150 ’

1 259 104 296 Α-Με
120 260 386 302 6859κεΐσθαι
407 259 502 301 4τῶν
527 258 741 312 μεθεκτῶν
776 253 837 299 τὸ
859 251 1116 311 ἆμέθεκτον,
1163 252 1262 298 ὅσον
1295 257 1429 298 ταῦτα
1468 250 1551 298 τῶν
1587 272 1707 310 μετε-

57 304 168 343 lnd‘4
216 326 391 384 χόντων.
440 324 626 384 πρόσθεν
658 324 701 368 δ’
730 325 883 368 ἐδείκνυ
914 329 997 368 πᾶν
1025 324 1275 368 τούναντίον.
1325 323 1373 367 τὸ
1404 324 1483 382 γὰρ
1502 323 1547 368 (ἓν
1576 323 1708 381 ἔλεγεν

185 396 329 447 Βεῗναι
358 395 522 440 πάντων
553 394 686 453 ἀρχὴν
720 396 788 438 καὶ
817 392 952 451 πάντη
984 392 1252 450 μετεχόμενον
1277 391 1358 437 ὕπὸ
1393 399 1469 437 τοῦ
1499 393 1705 450 πλήθους,

224 466 437 512 τουτέστιν
461 463 542 508 ὑπὸ
563 463 743 509 πάντων.
787 469 876 516 πῶς
905 465 983 522 γὰρ
1007 463 1057 508 ἂν
1078 462 1181 521 ὑπὲρ
1207 463 1259 508 τὰ
1288 462 1423 506 πάντα
1445 460 1494 520 ἦν
1515 466 1582 507 καὶ
1603 462 1710 507 πάν-

225 554 309 582 των
340 535 472 580 αἴτιον
498 539 582 579 τῶν
611 533 765 588 ὄντων,
801 535 912 593 εἴπερ
935 534 983 578 τὸ
1005 534 1163 593 ἀσχέτῳ
1185 552 1228 578 τε
1259 535 1326 576 καὶ
1354 533 1571 593 ἀμεθὲκτῳ
1603 534 1739 591 πρός5

225 606 352 651 ταῦτ’
375 604 475 650 εἶναι
498 609 661 663 προσῆν
692 604 831 664 attingi,-
876 608 951 648 τοῦ
972 604 1050 662 γὰρ
1073 604 1124 647 τὰ
1147 598 1283 647 πάντα
1305 607 1562 660 πληροῦντος
1583 606 1649 647 καὶ
1669 606 1712 647 ἐν

226 681 352 720 πᾶσιν
374 675 507 729 ὄντος,
538 679 627 725 πῶς
649 674 697 718 οὗ
720 675 885 732 μεθέξει
906 672 1069 729 noina,-
1107 673 1202 719 ἀλλ’
1228 673 1329 717 ἔοικε
1352 672 1526 728 δεδιότι,
1561 674 1620 730 μὴ
1645 675 1714 716 καὶ

224 746 273 790 τὸ
306 751 424 789 θεῖον
453 743 534 789 ὕπὸ
561 749 646 788 τῶν
677 742 947 800 πασχόντων,
983 741 1176 802 καθάπερ
1200 743 1252 787 τὰ
1281 741 1481 799 σώματα,
1512 747 1711 801 μερισθῇ.

76 856 99 880 .
227 814 324 860 οὐδὲ
343 815 423 873 γὰρ
438 814 552 872 ἔφθη
570 811 726 870 μαθών
739 848 753 868 ,
791 812 848 865 ὥς
870 812 892 858 ὅ
913 813 1012 865 θεὸς
1031 811 1189 864 ἁπλοῦς
1208 812 1266 857 ὢν
1284 818 1473 869 πανταχῆ
1495 815 1605 856 ἐστιν
1626 811 1715 856 ὄλι-

185 890 329 939 Εκῶς,
355 887 422 929 καὶ
442 885 630 940 οὐδαμοῦ
647 898 658 909 ·
692 886 760 928 καὶ
780 884 989 940 μετέχεται
1009 885 1085 939 μὲν
1108 881 1189 942 ὑφ’
1217 881 1412 926 ἁπάντων
1426 917 1439 937 ,
1475 883 1714 939 ἇμεθέκτως
1726 890 1773 926 10

229 956 278 999 δέ
289 969 299 979 ⁴
335 957 404 998 καὶ
424 956 626 1012 μερίζεται
643 955 741 1009 μὲν,
773 954 1005 1012 ἄμερίστως
1024 954 1092 997 δέ·
1130 953 1236 996 κατὰ
1257 953 1332 1010 τὴν
1353 951 1491 996 εἰκόνα
1516 958 1590 1009 τῆς
1611 951 1715 1008 ἡμε-

228 1025 351 1082 τέρας
384 1029 548 1081 ψυχῆς,
588 1022 722 1080 ἁπλῆς
752 1022 839 1067 οἷον
871 1024 1015 1074 οὐσίας
1035 1025 1102 1066 καὶ
1122 1023 1264 1079 αὐτῆς.
1311 1025 1379 1066 καὶ
1408 1023 1486 1080 γὰρ
1510 1025 1584 1066 ’καὶ
1608 1021 1714 1079 αὕτη

229 1099 442 1150 πανταχοῦ
481 1098 557 1137 τοῦ
592 1092 790 1148 σώματος
823 1091 898 1150 ὅλη
932 1091 1078 1144 ὃλικῶς
1112 1091 1361 1150 ὖπάρχουσα
1395 1093 1604 1148 μετέχεται
1641 1094 1718 1147 μὲν

229 1161 310 1222 ὑφ’
337 1161 512 1208 ἑκάστου
536 1167 620 1207 τῶν
639 1168 714 1207 τοῦ
739 1161 933 1219 σώματος
949 1168 1110 1221 μερῶν,
1149 1163 1390 1218 ἀμεθὲκτως
1417 1163 1474 1207 δέ.
1523 1162 1717 1219 οὐδὲγὰρ

232 1233 352 1277 οὐδὲν
372 1234 458 1294 ἰδίᾳ
477 1231 638 1277 τούτων
656 1233 819 1290 οὐδαμῆ
839 1235 1026 1290 γίνεσθαι
1054 1233 1207 1291 πέφυκε
1224 1230 1342 1288 ψυχή
1356 1247 1366 1256 ·
1413 1232 1519 1288 πλὴν
1543 1233 1715 1275 ἕκαστον
1731 1236 1775 1274 15

195 1307 319 1347 Ὲτῶν
342 1307 416 1346 τοῦ
436 1300 630 1358 σώματος
648 1308 807 1361 μερῶν,
847 1301 904 1354 ὡς
923 1302 1001 1358 ἔχει
1029 1301 1194 1360 φύσεως
1217 1300 1305 1357 ἅμα
1325 1304 1392 1344 καὶ
1416 1302 1595 1355 θέσεως,
1633 1299 1717 1344 ὖπό

212 1389 275 1430 ’γε
294 1377 369 1429 τῆς
388 1369 580 1428 κινούσης
604 1371 709 1428 ὄμοῦ
729 1375 796 1416 καὶ
819 1371 1001 1429 ζωούσης
1028 1373 1244 1429 ἐνεργεῖται
1266 1376 1427 1428 ψυχῆς·
1467 1370 1571 1415 ὥστε
1593 1372 1660 1414 καὶ
1685 1372 1720 1414 εἲ

232 1437 286 1498 ἦν
315 1443 357 1485 ἐν
376 1439 571 1503 τραχήλῳ
598 1441 626 1498 ἢ
657 1443 700 1486 ἐν
722 1445 827 1500 χειρὶ
863 1442 1096 1498 κατασκευὴ
1125 1440 1360 1497 στόματος,
1400 1439 1525 1492 λάλος
1555 1440 1606 1484 ἂν
1638 1438 1720 1499 (οἷ-

233 1510 327 1569 μαι)
363 1507 415 1567 ἦν
438 1513 506 1554 καὶ
526 1509 552 1567 ἦ
571 1514 662 1569 χεὶρ
690 1514 758 1554 καὶ
784 1510 805 1555 ὃ
837 1510 1054 1569 τράχηλος.
1102 1514 1136 1555 εἲ
1157 1507 1230 1555 οὖν
1252 1510 1361 1555 οὕτω
1391 1515 1539 1564 τοῦτο,
1578 1514 1719 1569 πολλῷ

82 1587 126 1623 P.
149 1587 218 1624 692
241 1580 292 1624 ἂν
307 1585 467 1636 μᾶλλον
483 1579 563 1624 ὑπὸ
581 1579 746 1625 πάντων
766 1582 975 1637 μετέχοιτο
1009 1581 1132 1634 θεὸς,
1171 1579 1193 1624 ὃ
1227 1585 1440 1636 πανταχοῦ
1473 1581 1617 1637 παρών
1651 1581 1777 1625 καὶ20

234 1650 288 1693 τὰ
307 1648 444 1693 πάντα
462 1654 644 1707 πληρῶν.
683 1652 750 1693 καὶ
772 1652 815 1694 ἓν
835 1648 996 1710 ἑκάστῳ
1018 1650 1096 1708 γὰρ
1111 1656 1195 1693 τῶν
1215 1648 1380 1693 πάντων
1399 1648 1606 1707 γινόμενος
1625 1648 1721 1700 ὅλος

235 1720 345 1763 ἐστι’·
369 1722 436 1763 καὶ
457 1718 553 1770 ὅλος
571 1719 681 1775 μένει
699 1719 808 1764 καθ’
833 1718 981 1763 ἑαυτὸν
1006 1721 1073 1763 καὶ
1106 1721 1148 1762 ἐν
1174 1724 1275 1763 πᾶσι
1308 1721 1376 1762 καὶ
1406 1719 1486 1777 πρὸ
1510 1725 1592 1763 τῶν
1615 1717 1723 1762 πάν-

329 1807 363 1844 5.
385 1807 438 1854 τῷ
455 1805 545 1842 coni.
560 1805 673 1853 Capp.
766 1808 800 1844 8.
825 1807 895 1842 Pro
915 1804 1135 1852 πασχόντων
1156 1806 1269 1854 Capp.
1291 1808 1382 1843 coni.
1407 1805 1675 1853 μετασχόντων.

237 1879 346 1924 pant3
370 1880 408 1911 et
429 1877 602 1912 existimat
629 1888 713 1922 ens,
738 1876 830 1923 quod
850 1876 1054 1923 participari
1073 1877 1214 1923 nequit,
1238 1877 1282 1912 iis
1303 1889 1394 1922 quae
1420 1877 1623 1923 participari
1644 1888 1726 1922 pos-

240 1927 323 1957 sunt
336 1927 470 1957 tantum
492 1927 693 1968 praestare,
718 1929 882 1969 quantum
900 1924 985 1958 haec
1005 1923 1140 1958 entibus
1155 1923 1411 1969 participativis
1428 1929 1617 1970 praestant.
1652 1924 1724 1957 An-

239 1973 300 2003 tea
323 1981 406 2003 vero
430 1970 637 2005 contrarium
655 1982 797 2016 prorsus
811 1970 1074 2007 demonstrarat.
1123 1970 1273 2004 Dicebat
1294 1970 1382 2005 enim
1402 1981 1503 2005 unum
1521 1983 1597 2004 esse
1617 1970 1725 2004 omni-

240 2026 297 2050 um
318 2015 541 2061 principium,
566 2022 601 2051 et
626 2028 647 2051 a
675 2016 913 2058 multitudine,
938 2016 974 2050 id
1002 2022 1057 2051 est
1078 2017 1121 2051 ab
1147 2017 1324 2059 omuibus,
1347 2017 1450 2062 plane
1470 2017 1725 2064 participatum.

244 2061 425 2102 Quomodo
446 2062 534 2097 enim
553 2075 658 2109 super
675 2063 787 2099 omnia
805 2066 899 2097 esset
918 2067 953 2097 et
969 2063 1115 2098 omnium
1140 2063 1266 2098 entium
1288 2075 1392 2099 causa
1404 2089 1414 2106 ,
1439 2063 1468 2098 si
1497 2064 1622 2098 nullam
1650 2075 1725 2098 cum

243 2107 299 2142 his
319 2108 552 2144 habitudinem
571 2115 631 2144 aut
657 2110 857 2145 relationem
879 2109 1089 2152 includeret,
1113 2121 1178 2144 nec
1209 2111 1252 2145 ab
1277 2110 1320 2145 iis
1346 2116 1467 2156 posset
1492 2110 1725 2155 participari?

244 2154 337 2190 Nam
359 2155 416 2200 qui
437 2154 515 2189 fieri
536 2156 666 2201 possit,
690 2160 728 2192 ut
753 2156 839 2191 illud
859 2156 969 2191 omnia
991 2168 1058 2191 non
1086 2156 1316 2202 participent,
1342 2158 1434 2203 quod
1459 2157 1569 2191 omnia
1598 2156 1722 2202 replet,

203 2220 207 2224 ι
247 2202 337 2235 etin
358 2201 513 2236 omnibus
541 2202 706 2238 exsistit?
738 2203 799 2237 sed
826 2214 966 2248 prorsus
991 2203 1148 2238 timuisse
1174 2203 1332 2244 videtur,
1358 2215 1401 2238 ne
1428 2214 1605 2248 corporum
1633 2214 1727 2237 more

246 2246 342 2282 Deus
368 2259 389 2282 a
409 2247 694 2294 participantibus
710 2261 752 2284 se
773 2249 997 2285 divideretur.
1052 2250 1214 2286 Nondum
1239 2251 1369 2296 quippe
1389 2249 1580 2291 didicerat,
1605 2249 1727 2290 Deum,

249 2298 371 2340 utpote
385 2293 570 2339 simplicem
582 2320 593 2337 ‚
618 2307 693 2331 esse
710 2296 836 2342 ubique
851 2296 1016 2339 totaliter,
1041 2302 1078 2331 et
1096 2308 1279 2342 nusquam:
1304 2298 1386 2331 item
1406 2296 1449 2330 ab
1473 2296 1626 2330 omnibus
1646 2307 1728 2341 par-

247 2339 407 2386 ticipari,
431 2340 508 2376 sine
533 2342 604 2376 ulla
626 2347 739 2378 tamen
761 2342 813 2377 sui
835 2342 945 2388 ipsius
966 2343 1255 2389 participatione3
1280 2347 1316 2377 et
1345 2343 1476 2388 absque
1497 2342 1567 2376 ulla
1589 2342 1642 2377 sui
1673 2341 1729 2375 di-

249 2386 386 2422 visione
404 2386 524 2422 dividi.
573 2387 681 2423 Cuius
699 2388 750 2424 rei
771 2390 961 2435 exemplum
978 2389 1077 2425 nobis
1092 2389 1293 2436 suppeditat
1311 2389 1422 2424 anima
1442 2394 1572 2430 nostra,
1598 2389 1729 2434 quippe

250 2444 340 2479 quae
362 2434 506 2480 simplex
523 2433 601 2481 ipsa
619 2435 666 2469 sit
684 2436 890 2471 substantia.
937 2437 1036 2471 Haec
1063 2437 1151 2471 enim
1174 2448 1249 2471 cum
1275 2440 1351 2470 tota
1379 2435 1426 2469 sit
1455 2439 1491 2470 et
1510 2435 1665 2470 totaliter
1691 2434 1728 2469 in

253 2480 396 2526 singulis
424 2492 483 2516 cor
510 2481 579 2517 oris
599 2482 779 2528 partibus,
803 2484 847 2518 ab
867 2483 912 2518 iis
932 2483 1186 2529 participatur3
1210 2481 1271 2517 sed
1296 2482 1369 2517 sine
1397 2482 1450 2516 sui
1479 2481 1588 2528 ipsius
1617 2480 1728 2528 parti-

253 2527 436 2573 cipatione.
519 2539 572 2563 am
590 2528 701 2564 anima
718 2541 779 2575 per
800 2541 838 2565 se
857 2534 893 2573 et
911 2540 954 2564 ex
969 2534 1092 2564 natura
1113 2541 1175 2564 sua
1199 2529 1338 2575 proprie
1357 2528 1450 2563 nulla
1473 2534 1528 2563 est
1554 2541 1574 2562 e
1603 2539 1728 2573 corpo-

252 2573 304 2608 ris
328 2574 506 2619 partibus:
529 2577 679 2610 attamen
703 2587 930 2623 unaquaeque
950 2575 1104 2622 corporis
1126 2587 1229 2621 pars,
1252 2576 1438 2611 secundum
1462 2574 1636 2621 propriam
1665 2585 1728 2608 na-

253 2622 366 2655 turam
385 2625 421 2655 et
440 2621 638 2667 positionem
653 2633 768 2665 suam,
793 2624 836 2657 ab
855 2623 965 2658 anima
979 2622 1180 2658 vivificante
1201 2627 1238 2657 et
1254 2627 1413 2657 movente
1432 2632 1527 2655 suum
1555 2621 1590 2655 in
1615 2625 1729 2655 actum

255 2666 433 2709 educitur;
457 2668 544 2704 adeo
561 2673 622 2710 ut,
645 2667 676 2702 si
693 2669 727 2703 in
746 2669 833 2703 collo
854 2670 911 2704 vel
936 2669 970 2703 in
992 2680 1092 2704 manu
1112 2674 1204 2704 esset
1224 2668 1420 2703 mechanica
1443 2667 1513 2702 oris
1536 2672 1728 2708 structura,

254 2711 382 2758 loquax
399 2718 510 2758 esset,
529 2719 570 2750 ut
586 2714 718 2760 opinor,
743 2720 780 2751 et
795 2727 910 2750 manus
929 2720 966 2750 et
985 2715 1117 2750 collum.
1165 2715 1206 2750 Si
1221 2715 1265 2749 de
1286 2716 1396 2750 anima
1414 2714 1464 2748 ita
1483 2726 1521 2749 se
1537 2725 1594 2748 res
1611 2713 1729 2754 habet,

256 2757 358 2804 longe
377 2762 502 2805 potiori
520 2761 653 2797 ratione
672 2762 715 2796 ab
737 2763 890 2797 omuibus
910 2761 1175 2807 participabitur
1189 2761 1305 2803 Deus,
1331 2761 1390 2807 qui
1411 2760 1539 2806 ubique
1562 2770 1727 2806 praesens

256 2806 369 2840 omnia
392 2808 514 2853 replet.
559 2808 649 2843 Nam
670 2807 706 2842 in
732 2819 936 2854 unoquoque
963 2808 1107 2843 omnium
1135 2808 1260 2843 entium
1288 2812 1381 2842 totus
1409 2806 1567 2842 exsistit:
1593 2810 1630 2840 et
1654 2816 1729 2839 cum

256 2855 350 2886 totus
364 2864 430 2899 per
447 2866 484 2888 so
505 2854 597 2890 solus
615 2866 656 2890 ac
668 2866 820 2891 seorsum
839 2858 984 2898 maneat,
1009 2859 1064 2890 est
1084 2859 1198 2891 tamen
1214 2855 1251 2889 in
1269 2853 1424 2890 omnibus
1443 2858 1479 2889 et
1498 2857 1579 2888 ante
1597 2852 1728 2887 omnim

804 2953 822 2971 Ο
