1794 3172
239 122 343 174 582
643 130 958 176 NICEPHORJ
987 131 1309 177 GREGORAE

17 251 114 287 ΑεΜ.
136 249 227 289 6849
241 242 345 300 πρὸς
364 241 511 287 ἐκεῖνον
530 237 693 300 ἓριῦτων
713 243 781 286 καὶ
799 238 971 286 πόθων·
1008 240 1114 285 ἀλλὰ
1132 239 1291 293 πάντας
1311 239 1479 304 ἔστρεφε
1498 244 1596 290 καθ’
1617 243 1715 289 ἔαυ-

51 301 179 368 ’ῙΜΪᾩ
229 313 312 356 ’τὸν
346 312 590 370 λογισμοὺς,
630 312 854 369 ἀνερευνῶν
884 309 947 355 ὅτι
977 309 1031 354 ἂν
1061 311 1236 368 ἀποδοίη
1261 315 1583 369 βραβεῖονῖίξιον
1609 317 1712 371 ἐμοί.

200 384 310 428 Εκαὶ
337 383 421 426 ἐπεὶ
448 375 585 438 μεῖζον
611 380 712 424 ἄλλο
731 385 815 438 τῆς
840 381 1051 436 βασιλείας
1082 380 1158 437 οὐχ
1189 381 1345 440 εὕρισκε
1353 415 1367 435 ,
1414 383 1595 441 ταύτης,
1641 385 1715 428 τὸν

237 449 586 510 δεύτερονψφάναι
626 454 780 504 πλοῦν,
827 450 1021 494 κοινωνὸν
1053 449 1187 509 ἑαυτῷ
1221 453 1288 494 καὶ
1305 454 1480 506 βασιλέα
1506 458 1714 498 ποιεῖσθαι

235 521 306 565 διὰ
328 519 443 577 μάλα
472 524 637 576 μακρᾶς
666 520 837 563 ἐποιεῖτο
868 522 1066 576 σπουδῆς.
1113 520 1248 578 ᾐδεῖτο
1275 521 1354 579 γὰρ
1369 555 1383 576 ,
1420 527 1587 581 πρῶτον
1619 524 1743 579 με’ν,5

235 590 604 648 Δαρεῖονὲκεΐνον
632 589 704 632 τὸν
743 593 827 633 τῶν
859 592 1038 648 Περσῶν
1068 591 1272 645 βασιλέα,
1320 593 1356 634 εἷ
1390 591 1608 651 βάρβαρος
1640 594 1716 648 μὲν

102 657 502 713 Ῡ.293ἒκεῖνος-ὢν,’
548 657 661 715 ὅμως
689 658 758 701 διὰ
793 658 869 715 τὴν
906 663 981 703 τοῦ
1013 657 1221 718 Ζωπύρου
1258 661 1398 717 φιλίαν
1434 661 1550 713 ὅλαις
1568 660 1717 720 ὅρμαΐς

236 735 313 786 τῆς
335 728 577 785 ψυχῆς-τὴν
619 726 865 787 περιβόητον
895 734 1192 787 παραιτεῖσθαι
1238 731 1446 776 διετείνετο
1478 735 1716 787 Βαβυλῶνα

200 798 429 855 Εκαὶ··ἅ,ιια
452 798 557 857 αὗτῇ
590 799 667 855 τὴν
694 799 924 842 Χαλδαίων
955 801 1022 842 καὶ
1051 798 1213 856 Μήδων
1243 799 1398 857 ἀρχὴν,
1446 803 1481 845 εἰ
1510 800 1718 858 Ζώπυρον

233 867 339 926 ὗγιᾶ
357 866 491 924 πάντη
518 866 762 912 θεάσαιτο·Χ
795 868 1000 919 αὐτὸςδὲ
1029 871 1215 920 παιδείας
1246 869 1459 930 ἀνθρώπῳ
1482 869 1717 929 πρεπούσης
1729 878 1774 914 10

235 940 303 983 καὶ
330 939 505 996 πατρίου
535 937 748 993 βασιλείας
774 936 977 996 τρόφιμος
1005 938 1062 983 ὢν
1106 940 1256 982 ἐκείνου
1288 940 1393 998 πρὸς
1425 941 1603 997 ἀμοιβὴν
1634 945 1717 984 τῶν

236 1012 374 1052 καλῶν
415 1007 568 1066 ὀφθείη
617 1005 818 1065 δεύτερος.
877 1007 1014 1051 ἔπειτα
1056 1007 1104 1052 οὗ
1145 1013 1347 1053 τοσοῦτον
1379 1011 1480 1064 ε’μοῦ
1508 1028 1551 1067 γε
1588 1011 1717 1053 εἵνεκα

238 1077 392 1121 τοιαῦτ’
419 1075 594 1135 ἔφασκεν
626 1078 716 1132 ἐμοὶ
748 1074 905 1121 διδόναι
939 1082 1142 1135 βραβεῖα,
1188 1077 1287 1122 ὅσον
1308 1083 1382 1136 τῆς
1411 1080 1539 1122 αὐτοῦ
1560 1076 1718 1122 συστά-

240 1164 345 1199 σεως
357 1181 371 1202 ,
410 1148 478 1190 καὶ
500 1146 588 1202 ἅμα
611 1148 770 1190 παίδων
789 1149 857 1190 καὶ
883 1146 1080 1204 συζύγου,
1120 1147 1270 1201 ζῶντός
1290 1166 1334 1192 τε
1359 1151 1427 1192 καὶ
1447 1147 1717 1205 τελευτήσαν-

239 1216 488 1268 τοςναῦτοῢ.
527 1215 625 1274 (Δ.)
655 1216 760 1273 Ἐγὼ
799 1217 846 1260 δ’
879 1215 1089 1275 ἀκήρατον
1124 1218 1281 1261 ἐθέλων
1311 1217 1532 1276 φυλάττειν
1561 1219 1609 1262 τὸ
1642 1223 1773 1274 τῆς15

106 1286 468 1345 Ρ.361ἓμῆς·πρὸς
491 1287 640 1329 ἐκεῖνον
661 1288 801 1344 φιλίας
828 1288 1029 1345 τερπνὸν,
1067 1289 1134 1330 καὶ
1155 1287 1213 1343 μὴ
1238 1290 1371 1331 δοκεΐν
1398 1288 1462 1332 δι’
1489 1287 1622 1345 ἔρωτα
1644 1286 1717 1331 δό-

235 1360 308 1414 ξης
339 1356 419 1400 ὅσα
448 1353 545 1412 ἡμῖν
574 1354 853 1399 ἕσπούδασται
886 1359 1013 1418 δρᾷν,
1054 1357 1130 1413 οὐχ
1146 1355 1315 1415 εἱλόμην
1337 1358 1458 1402 οὐδὲν
1483 1363 1565 1401 τῶν
1586 1355 1717 1400 ἁπάν-

234 1443 343 1480 των,
383 1424 475 1469 οὔτε
495 1425 661 1483 μέτριον
685 1426 825 1479 οὐδὲν,
865 1426 959 1470 οὗθ’
989 1425 1068 1470 ὅσα
1088 1427 1163 1482 τὴν
1181 1432 1255 1470 τοῦ
1276 1429 1459 1482 μείζονος
1495 1427 1571 1483 ἔχει
1593 1425 1718 1478 δόξαν

234 1500 376 1551 λαβεῖν
392 1509 414 1521 ·>
441 1494 526 1538 ἀλλ’
554 1494 692 1550 ἔμεινα
713 1493 870 1539 τούτων
893 1494 1088 1540 ἁπάντων
1108 1497 1254 1549 &maog
1280 1497 1374 1555 ἄχρι
1405 1498 1473 1540 καὶ
1496 1499 1552 1546 εἷς
1579 1499 1714 1553 δεῦρο.

216 1564 325 1626 (.E)
351 1563 403 1609 Ἄ
439 1565 484 1607 δὲ
521 1568 594 1607 νῦν
622 1563 643 1608 ὃ
683 1563 942 1622 πατριάρχης
979 1568 1218 1624 ἐπιτροπίας
1249 1569 1446 1626 προτείνει
1473 1565 1712 1623 γράμματα,
1728 1575 1775 1610 20

236 1639 314 1692 τῆς
330 1632 423 1678 τότε
440 1635 584 1692 χρείας
611 1634 726 1677 ἕνεκα
747 1633 881 1694 τούτῳ
904 1635 1158 1693 γεγένηνται,
1195 1639 1262 1680 καὶ
1292 1638 1457 1694 οὐδαμῆ
1476 1636 1715 1693 περαιτέρω.

238 1705 379 1748 ἐδεδίει
409 1704 488 1762 γὰρ
521 1701 552 1747 ὅ·
577 1702 793 1759 βασιλεὺς)
842 1703 909 1749 οἷα
943 1706 1076 1749 πολλὰ
1105 1706 1153 1749 τὸ
1185 1705 1425 1763 αὐτόματον
1444 1706 1559 1763 παρὰ
1579 1710 1718 1748 πᾶσαν

200 1773 376 1832 Βέπάγει
387 1773 462 1830 τὴν
483 1775 749 1830 προσδοκίαν,
786 1774 846 1831 μὴ
866 1773 992 1826 αὐτός
1007 1793 1051 1819 τε
1071 1775 1310 1835 κινδυνεύσῃ
1344 1779 1413 1820 καὶ
1444 1777 1520 1821 σύν
1536 1793 1579 1831 γε
1606 1774 1719 1834 αὐτῷ

236 1846 306 1888 καὶ
324 1843 449 1893 αὐτὸς
467 1843 545 1900 ἐγὼ
567 1843 798 1902 συμπαρὼν
809 1876 823 1897 ,
861 1838 894 1904 ᾧ
912 1844 988 1901 τὴν
1007 1845 1204 1901 διαδοχὴν
1224 1846 1285 1889 ἀεὶ
1306 1849 1519 1905 παρετίθει
1542 1849 1616 1901 τῆς
1635 1849 1718 1899 βα-

237 1942 309 1978 diiz
333 1941 396 1977 sed
412 1945 520 1977 totum
538 1953 575 1975 se
592 1941 703 1976 animo
719 1943 829 1987 atque·
841 1941 1054 1988 cogitatione
1073 1943 1245 1978 convertit
1262 1944 1305 1979 ad
1320 1944 1594 1990 investigandum
1613 1957 1720 1992 prae-

237 1990 359 2031 mium,
392 2000 461 2034 quo
488 2000 542 2023 me
567 1993 687 2035 posset
709 1988 816 2034 digne
842 1990 1065 2024 remunerari.
1113 1990 1269 2036 Cumque
1300 1991 1346 2026 nil
1372 1992 1592 2038 imperatorio
1619 1994 1720 2038 apice

237 2035 417 2072 sublimius
435 2035 625 2076 inveniret,
646 2035 682 2069 in
702 2035 739 2069 id
760 2035 860 2070 enixe
883 2036 1056 2078 incubuit,
1080 2040 1120 2071 ut
1139 2038 1257 2072 saltem
1280 2039 1445 2084 collegam
1464 2051 1517 2074 me
1534 2040 1720 2085 imperato-

237 2094 378 2129 remque
402 2082 545 2116 faceret.
591 2082 684 2116 Nam
709 2081 818 2128 primo
845 2082 980 2128 quidem
1005 2095 1080 2117 eum
1102 2083 1273 2130 pudebat,
1296 2091 1478 2132 postquam
1505 2086 1633 2120 Darius
1658 2087 1719 2121 ille

234 2141 298 2164 rex
330 2130 536 2170 Persarum,
577 2129 674 2163 homo
698 2129 889 2171 barbarus,
921 2129 1095 2176 Zopyrum
1122 2130 1173 2165 sic
1198 2131 1405 2174 amavisset,
1435 2137 1476 2167 ut
1497 2132 1629 2178 inclyta
1656 2133 1719 2168 illa

234 2175 413 2221 Babylone
434 2187 474 2209 ac
490 2179 565 2209 toto
582 2179 765 2220 praeterea
782 2175 1034 2211 Chaldaeorum
1054 2177 1461 2224 Medorumqueimperio
1482 2191 1623 2221 catere,
1647 2180 1718 2214 Zo-

261 2234 361 2268 yrum
385 2226 498 2257 autem
514 2222 636 2256 videre
655 2221 809 2256 omnibus
828 2222 986 2257 membris
1011 2234 1129 2258 sanum
1147 2225 1385 2260 ardentissime
1404 2230 1581 2273 optasset3
1607 2226 1719 2272 pude-

234 2233 310 2312 gat,
332 2268 482 2314 inquam,
503 2268 670 2302 hominem
694 2268 903 2303 humanioris
925 2268 1130 2316 disciplinae
1160 2275 1196 2305 et
1218 2272 1354 2316 paterni
1377 2272 1513 2318 imperii
1535 2273 1718 2316 alumnum,

235 2316 363 2351 victum
381 2316 423 2350 ab
445 2315 504 2350 illo
519 2314 633 2349 videri
652 2326 690 2349 se
713 2313 750 2349 in
770 2315 954 2350 referenda
971 2317 1096 2362 gratia.
1143 2316 1279 2352 Deinde
1298 2318 1460 2360 addebat,
1489 2320 1574 2354 haec
1595 2319 1678 2354 mihi
1697 2331 1719 2354 a

235 2374 275 2398 se
294 2362 446 2408 praemia
469 2361 621 2407 persolvi
645 2373 713 2396 non
727 2365 798 2396 tam
824 2362 890 2397 mei
917 2374 1041 2405 causa,
1073 2375 1176 2409 quam
1203 2368 1242 2399 ut
1268 2365 1491 2400 stabilitatem
1524 2377 1619 2400 suam
1641 2370 1720 2400 tue-

235 2413 355 2451 retur,
387 2412 492 2454 atque
520 2412 558 2443 ut
576 2408 658 2443 vivo
679 2412 879 2454 mortuoque
900 2420 937 2443 se
954 2409 1074 2445 liberis
1098 2411 1169 2445 suis
1195 2410 1293 2446 simul
1310 2416 1347 2446 et
1365 2412 1503 2457 coniugi
1526 2413 1718 2448 consultum

237 2459 341 2495 esset.
388 2455 488 2500 (IV.)
512 2456 559 2490 At
576 2467 665 2501 ego,
687 2466 789 2500 quam
808 2455 1019 2501 voluptatem
1045 2457 1277 2503 percipiebam
1307 2469 1350 2493 ex
1373 2470 1489 2494 amore
1513 2470 1598 2504 erga
1622 2458 1718 2494 illum

237 2513 340 2544 meo,
359 2513 434 2537 eam
453 2501 536 2536 mihi
560 2501 726 2538 sinceram
744 2513 884 2537 servare
901 2503 1063 2549 cupiens,
1087 2515 1151 2538 nec
1167 2515 1393 2550 quaecunque
1411 2505 1526 2539 studio
1546 2505 1718 2548 fecissem,

237 2548 375 2603 gloriae·
387 2552 423 2583 et
442 2548 580 2603 honoris
596 2547 710 2583 videri
727 2547 921 2603 cupiditate
942 2550 1089 2592 fecisse,
1114 2550 1242 2585 nullum
1263 2551 1336 2586 sive
1355 2552 1526 2606 mediocre
1547 2552 1622 2586 sive
1644 2564 1717 2586 ma-

236 2605 299 2630 ms-
314 2594 592 2641 splendidiusque
611 2606 799 2641 praemium
821 2607 979 2642 acclpere
995 2596 1111 2638 volui3
1136 2597 1197 2632 sed
1215 2597 1260 2632 iis
1278 2599 1433 2632 omnibus
1448 2610 1580 2633 vacuus
1599 2603 1635 2632 et
1653 2610 1719 2644 pu-

237 2652 299 2676 rus
315 2641 360 2676 ad
379 2641 579 2676 hodiernum
596 2652 707 2688 usque
725 2641 814 2677 diem
834 2642 1016 2688 permansi.
1064 2643 1147 2689 (V.)
1170 2643 1219 2679 Hi
1246 2656 1350 2690 porro
1378 2645 1472 2679 circa
1496 2645 1638 2679 tutelam
1657 2656 1718 2680 co·-

237 2686 366 2730 dicim,
397 2689 700 2734 quospatriarcha
723 2699 812 2723 nunc
836 2690 994 2734 profert,
1022 2689 1114 2724 illius
1141 2701 1207 2725 non
1232 2691 1407 2725 ulterioris
1426 2691 1591 2738 temporis
1613 2703 1719 2726 causa

238 2733 364 2780 scripti
389 2738 483 2770 sunt.
538 2734 731 2770 Verebatur
756 2734 888 2781 scilicet
909 2735 1118 2782 imperator,
1148 2737 1268 2783 qualia
1285 2737 1391 2772 multa
1419 2744 1558 2783 praeter
1587 2750 1717 2773 omnem

286 2780 438 2816 inionem
450 2780 613 2817 fortuitus
630 2793 731 2816 casus
747 2781 891 2825 invehit,
915 2793 960 2817 ne
978 2786 1014 2817 et
1030 2783 1108 2829 ipse
1126 2783 1382 2830 periclitaretur
1394 2809 1405 2826 ,
1425 2789 1462 2819 et
1481 2786 1548 2831 ego
1567 2796 1717 2831 quoque,

238 2792 261 2815 ο

239 2791 334 2863 iliius
352 2839 467 2864 comes
480 2832 518 2865 et
536 2828 671 2871 socius3
696 2827 753 2864 cui
775 2829 835 2865 ille
858 2833 896 2866 et
914 2829 1049 2877 imperii
1067 2835 1104 2866 et
1120 2841 1257 2866 suarum
1282 2830 1425 2866 omnium
1444 2843 1557 2868 rerum
1578 2843 1717 2871 succes-7
