1794 3172
236 136 337 184 750
643 135 959 183 NICEPHORI
992 130 1320 178 GREGORAE

19 255 56 286 Α·
76 253 120 294 Μ·
140 250 374 310 6853γῦρεις
393 251 438 294 δὲ
460 251 526 294 καὶ
548 247 759 300 ξυναυλίαι
779 246 846 288 καὶ
868 242 1038 299 ἅμιλλαι
1057 239 1257 298 συνήθεις
1274 241 1378 295 ἐκεῖ,
1418 241 1581 300 λογικαί
1596 259 1638 286 τε
1661 243 1731 286 καὶ

64 301 134 333 md‘
148 299 191 334 13
239 322 365 378 ἱεραὶ,
405 317 621 375 παννύχιοί
642 334 684 359 τε
718 316 786 358 καὶ
818 313 1089 370 πανημέριοι,
1127 312 1233 370 πρὸς
1263 311 1451 369 ἀφωνίαν
1481 310 1732 370 μετήνεγκαν

108 396 150 434 P.
162 391 313 447 47οτὴν
334 389 520 444 σπουδὴν
538 387 612 430 ὑπ’
638 383 877 441 ἐκπλήξεως.
915 384 982 426 καὶ
1007 387 1081 426 νῦν
1101 381 1150 424 τὸ
1171 380 1429 439 παγκόσμιον
1451 381 1652 440 θέατρον,
1681 382 1729 426 τὸ

237 459 375 516 πάσης
397 457 581 516 γλώττης
601 455 775 512 τερπνὸν
795 451 994 512 ἀφήγημα
1006 486 1019 506 ,
1052 449 1073 495 ὃ
1099 449 1238 508 πάσης
1263 451 1391 507 ἀκοῆς
1415 452 1567 508 γλυκὺς
1591 450 1731 509 θόρυ-

237 535 338 586 βος,
371 527 551 585 ἀόρατον
570 526 711 581 ἕστηκε
731 524 898 580 θ’ἐαμα,
937 524 1005 565 καὶ
1023 519 1154 577 στήλη
1175 539 1237 572 τις
1258 519 1344 565 οἷον
1369 519 1557 578 ἔμψυχος
1579 521 1639 564 δι’
1662 524 1764 564 αι’-5

236 600 365 656 θέρος
393 596 614 652 ποιουμένη
643 594 718 650 τὴν
750 594 1006 652 τραγῳδίαν,
1044 593 1113 635 καὶ
1141 590 1279 647 πάσης
1309 596 1385 648 γῆς
1413 592 1730 648 προκαλουμένη

238 666 420 724 δάκρυα,
453 668 522 710 καὶ
553 663 691 722 ὥσπερ
723 662 859 719 στόμα
890 662 959 705 διὰ
984 666 1059 717 τῆς
1091 661 1252 719 ὀροφῆς
1285 660 1372 705 ἄνω
1401 660 1584 720 διάρασα
1615 679 1732 719 περι-

238 741 382 796 φανῶς
402 735 504 795 ἡλίῳ
525 737 594 778 καὶ
616 731 794 791 ἀστράσι
815 732 891 788 τὴν
915 731 1078 774 ἀδικίαν
1098 732 1415 790 προσαγγέλλει,
1448 734 1518 775 καὶ
1538 731 1639 782 τοὺς
1657 731 1732 774 οὗ·

108 807 392 865 ν.38ορανοῦς
424 806 646 862 μονονουχὶ
676 802 1017 860 προσκαλουμένη
1058 799 1279 859 μάρτυρας
1313 802 1445 845 ἐκεῖνα
1488 802 1540 858 δὴ
1571 801 1626 844 τὰ
1647 805 1733 844 τῶν

195 881 463 936 Βπροφητῶν
486 873 665 935 περιᾴδει
693 872 795 931 πρὸς
818 869 982 930 κύριον·
1018 871 1135 926 „vini
1162 869 1323 929 μητρός
1354 889 1439 928 μου
1475 868 1730 927 ε’μαχέσαντό
1743 879 1789 914 10

235 965 287 1003 με
302 961 313 971 ·
349 944 556 997 ἐπάταξάν
573 962 623 999 με
636 977 649 997 ,
684 939 991 1001 ἔτραυμάτισάν
1011 959 1063 998 με
1079 955 1089 966 ·
1127 943 1195 985 καὶ
1217 939 1244 998 ἦ
1263 939 1529 999 ὑπερηφανία
1557 942 1642 984 τῶν
1659 960 1733 996 μι-

237 1010 424 1060 σούντων
453 1033 505 1072 με
541 1014 667 1070 ἀνέβη
699 1013 767 1056 διὰ
804 1009 1002 1062 παντός.”
1040 1010 1133 1071 (Β.)
1173 1010 1348 1055 Τούτων
1366 1012 1415 1054 δ’
1445 1010 1556 1055 οὕτω
1574 1015 1733 1066 συμβε-

236 1084 453 1142 βηκότων,
487 1089 563 1141 τῆς
592 1082 735 1142 φήμης
764 1082 896 1126 ἕωθεν
935 1081 1102 1140 ῥυείσης
1137 1083 1206 1125 καὶ
1236 1081 1316 1125 ἀνὰ
1349 1085 1488 1125 πᾶσαν
1516 1083 1732 1125 διαδοθεί-

238 1173 316 1212 σης
334 1156 409 1211 τὴν
433 1153 572 1207 πόλιν,
602 1153 682 1210 βοὴ
709 1154 775 1196 καὶ
798 1156 959 1210 θρῆνος
990 1152 1169 1209 ἠγείρετο
1192 1153 1364 1207 μείζων,
1400 1150 1427 1208 ἢ
1453 1151 1553 1195 κατ’
1580 1153 1732 1194 ἐκεῖνον

237 1226 311 1269 τὸν
330 1224 457 1268 πάλαι
470 1259 482 1278 ,
519 1222 641 1268 ὁπότε
662 1220 1043 1280 Ναβουχοδονόσορ
1065 1220 1320 1279 ὃἈσσύριος
1330 1255 1343 1275 ,
1374 1221 1507 1278 ἄρδην
1527 1223 1731 1279 ἐξανδρα-
1746 1228 1788 1263 15

201 1293 513 1351 Οποδισάμενος
541 1291 809 1352 Ἰερουσαλὴμ
819 1326 832 1346 ,
872 1290 979 1348 ὅμοῦ
1013 1293 1081 1336 καὶ
1110 1291 1156 1335 τὸ
1200 1296 1276 1335 τοῦ
1308 1292 1622 1347 Σολομωντείου
1653 1290 1733 1334 νεὼ

236 1365 409 1409 καθεΐλέ
436 1382 479 1408 τε
516 1365 583 1407 καὶ
617 1362 827 1422 ἀφῄρηται
856 1362 984 1413 κλέος.
1024 1363 1234 1406 ἒκενοῦντο
1265 1363 1405 1405 τοίνυν
1444 1362 1568 1405 οἰκίαι
1598 1365 1733 1404 πᾶσαι

236 1436 304 1478 καὶ
337 1435 483 1492 ἀγοραὶ
515 1435 582 1477 καὶ
611 1435 799 1491 θέατρα,
837 1434 905 1475 καὶ
946 1430 1098 1483 πάντες
1130 1433 1195 1475 ἐπὶ
1229 1431 1305 1488 τὴν
1334 1432 1442 1475 θέαν
1463 1435 1539 1474 τοῦ
1562 1429 1734 1481 πάθους

237 1502 401 1560 ἀθρόον
412 1505 575 1554 ἐξέθεον
590 1517 599 1527 ·
621 1505 689 1547 καὶ
711 1503 845 1554 οὐδεὶς
862 1498 928 1559 ἦν,
954 1501 1038 1562 ὅτῳ
1057 1501 1396 1561 προύργιαίτερον
1419 1502 1556 1559 ἕτερον
1575 1496 1627 1557 ἧν
1647 1504 1733 1544 τῶν

235 1571 444 1628 ἁπάντων,
466 1573 487 1617 ὃ
512 1578 586 1630 τῆς
603 1576 789 1629 σπουδῆς
813 1573 1104 1629 ἀπασχολῆσαι
1126 1570 1283 1628 ταύτης
1305 1571 1356 1615 ἂν
1377 1572 1593 1628 δυνηθείη.
1614 1588 1730 1628 περι-
1741 1577 1789 1611 20

226 1641 405 1694 otdv‘teg
434 1639 507 1687 οὖν
536 1645 605 1687 καὶ
636 1641 998 1702 ἀπολοφυράμενοι
1030 1640 1202 1696 πάντες,
1241 1640 1398 1686 ὁπόσον
1426 1641 1554 1694 εἰκὸς,
1592 1641 1732 1684 ἔπειτα

235 1711 443 1768 κύψαντες
472 1711 694 1771 ἓξεφόρουν
724 1713 802 1769 τὴν
831 1712 936 1769 ὕλην
966 1717 1050 1756 τῶν
1080 1713 1290 1770 ἐρειπίων·
1328 1713 1397 1755 καὶ
1422 1707 1474 1767 ἦν
1492 1711 1627 1760 οὐδεὶς
1648 1715 1732 1754 τῶν

193 1780 431 1827 Βὰπάντων
466 1784 569 1833 τέως
601 1781 846 1839 ἀξυντελής·
895 1782 991 1826 οὔδ’
1021 1778 1073 1839 ἦν
1102 1784 1186 1825 ἐκεῖ
1210 1783 1429 1839 διακρίνειν
1457 1779 1655 1824 πλούσιον
1687 1781 1732 1823 ἔκ

234 1850 433 1908 πενήτων,
469 1852 564 1895 οὐδ’
591 1854 633 1905 ἐξ
656 1851 818 1904 ἀδόξων
848 1852 1030 1907 ἔνδοξον,
1069 1852 1165 1897 οὐδ’
1192 1853 1238 1896 ἐκ
1259 1849 1461 1896 δεσπότου
1482 1853 1648 1905 δοῦλον,
1682 1850 1730 1893 οὐ

328 1941 388 1976 22.
412 1937 599 1986 κύψαντες
622 1941 722 1975 Boiv.
745 1953 807 1987 pro
831 1937 1052 1987 κρύψαντες.

238 2009 395 2044 solebant
413 2010 532 2045 haberi
550 2010 622 2045 imo
642 2011 763 2045 diebus
779 2014 815 2046 et
837 2011 999 2046 noctibus
1025 2009 1203 2058 perpetuis
1223 2008 1430 2044 dialecticae
1445 2006 1732 2052 theologicaeque

237 2056 510 2101 disputationeS‚
535 2058 682 2092 studium
700 2070 798 2092 suum
817 2058 852 2092 in
869 2058 1042 2093 silentium
1061 2069 1146 2104 prae
1169 2061 1312 2102 stupore
1330 2059 1524 2091 verterunt.
1571 2054 1621 2088 Et
1641 2066 1732 2088 nunc

234 2102 405 2137 theatrum
426 2103 511 2137 illud
530 2105 688 2139 universo
706 2105 783 2139 orbi
805 2117 997 2148 commune,
1020 2105 1191 2140 iucundus
1213 2103 1321 2138 omnis
1340 2103 1480 2148 linguae
1499 2113 1627 2144 sermo,
1652 2100 1732 2135 dul-

233 2148 405 2183 cissimum
430 2150 569 2183 auribus
590 2151 803 2197 quibuslibet
822 2164 989 2194 murmur,
1016 2152 1256 2197 inadspectum
1275 2149 1393 2184 adstat
1412 2149 1668 2194 spectaculum,
1694 2150 1732 2182 et

232 2195 401 2240 quaedam
424 2196 521 2230 velut
546 2198 698 2232 columna
723 2197 873 2233 animata
893 2199 1111 2243 tragoediam
1131 2197 1243 2232 medio
1271 2199 1352 2236 aere
1371 2196 1531 2237 exhibet,
1552 2195 1732 2240 totiusque

232 2241 327 2276 orbis
347 2242 514 2288 lacrymas
534 2243 625 2285 ciet3
651 2248 687 2278 et
707 2256 766 2278 ore
784 2245 885 2290 quasi
909 2257 970 2290 per
988 2246 1118 2280 culmen
1138 2255 1287 2289 superne
1305 2243 1459 2285 diducto,
1484 2242 1550 2276 soli
1569 2247 1606 2276 et
1625 2241 1733 2276 astris

232 2288 411 2333 indignum
436 2288 570 2323 facinus
597 2290 706 2335 palam
728 2292 933 2333 annunciat3
959 2293 1090 2328 caelum
1112 2291 1261 2336 denique
1279 2294 1411 2325 tantum
1430 2301 1499 2323 non
1521 2293 1645 2323 testem
1667 2288 1732 2322 ad-

235 2340 352 2376 vocat,
376 2339 411 2370 et
430 2336 636 2380 prophetica
653 2337 712 2371 illa
721 2338 795 2372 Deo
816 2338 965 2373 occinit:
998 2339 1108 2381 „Filii
1126 2338 1246 2377 matris
1264 2349 1362 2372 meae
1382 2341 1624 2383 pugnaverunt
1645 2346 1732 2368 con-

236 2388 293 2415 tra
315 2393 390 2416 me:
414 2386 659 2427 percusserunt
683 2395 756 2426 me,
781 2385 1049 2420 vulneraverunt
1069 2397 1141 2427 me;
1165 2389 1202 2419 et
1220 2384 1385 2430 superbia
1405 2394 1542 2423 eorum,
1566 2382 1626 2428 qui
1647 2381 1732 2415 ode-

237 2433 320 2461 runt
337 2439 410 2470 me,
437 2428 620 2463 adscendit
643 2430 812 2475 semper.”
860 2432 945 2476 (Π.)
970 2432 1009 2467 Id
1038 2444 1111 2466 cum
1131 2433 1182 2466 ita
1202 2431 1408 2471 accidisset,
1432 2434 1593 2464 manante
1615 2428 1732 2462 statim

238 2474 344 2516 fama,
369 2481 405 2509 et
423 2487 486 2520 per
505 2480 613 2510 totam
632 2477 748 2510 urbem
770 2488 867 2512 mane
886 2479 1130 2521 disseminata,
1154 2478 1263 2513 maior
1281 2483 1316 2511 et
1338 2477 1465 2511 clamor
1482 2481 1518 2511 et
1537 2476 1649 2510 luctus
1672 2486 1733 2509 ex-

239 2520 366 2574 cltatus
386 2529 454 2563 est,
480 2533 580 2568 quam
598 2523 677 2557 olim
696 2523 843 2565 exstitit,
868 2537 942 2558 cum
959 2526 1120 2572 Assyrius
1138 2524 1472 2565 Nabuchodonosor,
1495 2522 1634 2568 Solyma
1653 2522 1733 2555 fun-

237 2568 333 2600 ‹htus
353 2579 488 2610 eversa,
513 2569 717 2603 salomonici
733 2582 871 2615 quoque
888 2572 1007 2617 templi
1027 2570 1314 2619 magnificentiam
1333 2569 1444 2605 diruit
1461 2574 1566 2615 atque
1582 2568 1733 2603 sustulit.

238 2613 364 2667 Omnia
394 2614 513 2660 itaque
538 2619 575 2649 et
595 2619 691 2650 tecta
716 2621 753 2650 et
778 2617 855 2651 fora
881 2622 917 2651 et
942 2620 1081 2653 theatra
1109 2618 1379 2659 deserebantur,
1403 2617 1558 2651 omnibus
1578 2616 1623 2650 ad
1642 2614 1733 2649 illius

237 2659 348 2694 clad1s
377 2662 608 2706 spectaculum
633 2663 813 2697 confestim
832 2666 1110 2700 accurrentibus:
1134 2671 1171 2700 et
1190 2676 1288 2699 nemo
1315 2668 1411 2706 erat,
1435 2664 1492 2698 cui
1515 2663 1607 2698 aliud
1632 2661 1733 2708 quid-

237 2717 337 2751 quam
353 2719 460 2742 curae
477 2707 697 2754 impensioris
712 2713 824 2751 esset,
848 2710 939 2755 quod
956 2712 1000 2746 ab
1016 2712 1134 2746 officio
1157 2711 1216 2746 illo
1237 2715 1356 2757 posset
1379 2722 1538 2745 avocare.
1573 2710 1733 2743 Circum-

237 2752 308 2787 fusi
333 2752 444 2798 igitur
467 2758 504 2789 et
529 2755 708 2790 lamentati
732 2767 869 2797 omneS‚
893 2762 1057 2802 quantum
1081 2770 1145 2804 par
1166 2763 1264 2800 erat,
1289 2769 1366 2792 mox
1387 2757 1553 2791 inclinato
1585 2766 1734 2801 corpore

236 2799 409 2852 materiem
419 2806 467 2855 ‘et
483 2801 610 2836 rudera
629 2802 881 2848 exportabant3
906 2815 970 2838 nec
986 2808 1059 2838 tum
1078 2805 1257 2850 quisquam
1286 2816 1328 2838 ex
1350 2803 1506 2838 omnibus
1525 2808 1599 2838 emt
1613 2802 1733 2837 immu-

236 2856 310 2888 ms;
334 2857 399 2882 nec
418 2847 468 2882 nbi
486 2847 633 2885 divitem
647 2861 670 2884 a
689 2860 842 2897 paupere
863 2850 1102 2894 discerneres,
1127 2863 1191 2887 nec
1212 2851 1382 2887 illustrem
1406 2851 1451 2887 ab
1476 2851 1645 2892 obscuro,
1670 2861 1735 2884 nec
