1794 3172
348 164 665 213 HISTORIAE
695 163 1068 210 BYZANITNAE
1088 162 1186 209 XII.
1214 168 1256 210 3.
1431 153 1530 204 581

56 295 153 331 τος,
195 277 301 336 πρὸς
344 273 501 333 ὁπόσην
540 276 776 332 ἐμπέπτωκε
805 272 1030 319 θάλασσαν
1065 277 1273 331 λογισμῶν
1284 307 1299 327 ,
1345 271 1532 330 ἀκηκοώς
1551 288 1641 322 ΛΑ),
1667 284 1755 324 1341

56 353 141 392 τῶν
160 350 250 406 περὶ
277 348 491 402 βασιλείας
515 345 822 403 προτιθεμένων
843 343 1058 399 Ῥωμαίοις
1079 342 1213 400 ὅρκων
1234 343 1339 401 πρὸς
1357 348 1432 387 τοῦ
1451 335 1672 416 βαφῘἻζέὃ·
1689 335 1756 418 fa‘

0 418 6 423 Γ
58 417 202 468 σιλέως
229 419 298 460 καὶ
330 415 525 468 πάππου,
572 418 641 458 καὶ
670 413 804 458 ὁπόσα
837 413 913 469 τὴν
933 415 1086 460 ἐκείνου
1108 413 1250 469 ψυχὴν
1279 413 1537 456 κατέκλυσαν
1668 406 1677 414 ⁰

57 485 188 544 ῥόθια
217 485 371 542 λύπης,
422 487 490 528 καὶ
520 484 631 535 ὅπως
650 484 757 540 πλὴν
774 484 876 538 ἐμοῦ
896 488 981 526 τῶν
999 481 1165 526 πάντων
1185 478 1238 539 ἦν
1259 483 1393 533 οὐδεὶς
1418 481 1535 541 αὐτῷ

22 561 46 596 5
60 554 296 612 παρήγορος
340 553 435 598 τότε
483 554 613 605 δεξιὸς
667 555 735 610 καὶ
772 557 914 608 ψυχῆς
952 551 1182 608 πιπτούσης
1214 553 1422 607 βακτηρία
1465 554 1535 595 καὶ

54 624 359 675 κινδυνεύοντος
390 622 660 682 φρονήματος
686 620 923 680 ἇπόῤῥητον
944 620 1190 679 φάρμακον,
1228 623 1296 665 καὶ
1318 619 1405 665 οἷον
1427 621 1532 665 ἄνα-

53 693 218 749 ψύξεως
235 695 421 752 ζέφυρος,
468 693 544 737 οὒκ
564 690 678 746 οἶμαι
708 694 792 735 δεῖν
812 691 920 748 παρ’
943 690 1094 734 εἰδόσιν
1119 691 1178 742 ,εἷς
1193 696 1328 748 μῆκος
1347 692 1572 735 ἐκτείνεινΒ

53 764 127 807 τὸν
155 762 289 820 λόγον.
327 762 440 818 ὅμως
463 762 600 818 ἐπειδὴ
609 795 623 815 ‚
662 763 758 817 πρὶν
784 759 1013 814 Βυζάντιον
1040 759 1220 814 ἁλῶναι,
1258 761 1432 817 διαδρὰς
1457 760 1531 804 τὸν

52 833 333 889 ἐπηρτημένον
365 834 575 884 κίνδυνον,
625 830 751 890 ᾤχετο
782 831 916 888 φυγὰς
945 832 987 880 ἐς
1012 830 1089 887 τὴν
1121 828 1292 891 Θρᾴκην
1323 832 1392 873 καὶ
1414 830 1467 873 τὰ
1487 831 1531 873 ἐν

0 909 45 944 10
55 902 186 960 ταύτῃ
212 900 416 960 φρούρια,
465 903 532 944 καὶ
565 900 643 944 ἴδει
669 900 730 956 μὴ
752 894 875 958 φίλου
903 898 1033 955 μόνον
1049 901 1185 959 ἐκείνῳ
1212 904 1385 953 πιστοῦ,
1424 899 1532 942 ἀλλὰ

54 974 122 1015 καὶ
134 969 362 1030 χρημάτων
383 972 453 1014 καὶ
481 968 668 1026 δαπάνης
698 972 964 1026 παντοδαπῆς
1006 967 1192 1026 (πάντων
1221 970 1299 1026 γὰρ
1330 967 1532 1020 καθάπαξ

53 1037 106 1097 ἦν
125 1041 392 1098 ἐστερημένος
412 1038 493 1096 πρό
511 1057 555 1097 γε
577 1044 652 1095 τῆς
669 1044 804 1097 φυγῆς
826 1037 931 1095 ὁμοῦ
959 1041 1028 1082 καὶ
1047 1039 1155 1082 κατὰ
1173 1038 1250 1095 τὴν
1274 1038 1409 1097 φύγὴν
1429 1039 1533 1082 ἐκεῖ·-

52 1110 157 1168 νος),
180 1110 228 1154 οὗ
247 1108 378 1166 μόνον
396 1110 500 1167 πρὸς
518 1109 594 1166 τὴν
604 1111 833 1152 ἐνεστῶσαν
854 1110 990 1168 ’ἐκείνῳ
1002 1109 1200 1152 κεκένωκα
1217 1109 1362 1164 χρειάν
1385 1106 1531 1166 ἀφθό-

52 1198 134 1231 νως
149 1180 250 1236 ἐγὼ,
288 1177 423 1223 ὁπόσα
452 1197 524 1234 μοι
548 1183 690 1236 περιῆν
716 1180 760 1221 ἐκ
778 1179 966 1235 πατέρων
985 1180 1052 1220 καὶ
1073 1176 1285 1235 προγόνων
1303 1176 1568 1233 πάμπολλαί)

0 1259 42 1294 15
49 1248 272 1306 χρήματα·
309 1249 416 1292 ἀλλὰ
442 1251 510 1291 καὶ
536 1247 673 1304 πάσης
703 1248 823 1305 ἔγωγε
855 1254 931 1304 τῆς
956 1253 1155 1306 στρατιᾶς
1183 1245 1382 1305 ὑπάρχων
1404 1247 1532 1299 αὐτὸς

50 1318 209 1376 ἡγεμὼν
246 1318 412 1362 οἴκοθεν
440 1318 503 1361 ἀεὶ
524 1322 717 1375 χορηγῶν
737 1320 806 1360 καὶ
837 1318 944 1376 αὐτῇ
979 1318 1182 1361 διετέλουν
1198 1322 1283 1361 τῶν
1299 1315 1532 1373 μισθωμά-

51 1406 136 1432 των
161 1388 330 1432 ἀνενδεᾶ
361 1387 437 1444 τὴν
465 1386 668 1444 δαπάνην.
705 1384 728 1430 ὅ
755 1387 835 1445 γὰρ
868 1387 999 1444 αὐτὴν
1024 1387 1260 1444 προϊέμενος
1284 1387 1362 1444 τὴν
1389 1386 1533 1443 ψυχὴν

49 1456 153 1515 ὖπέρ
186 1462 261 1513 τῆς
287 1459 436 1501 ἐκείνου
466 1462 631 1513 ψυχῆς,
679 1451 730 1512 ἧς
758 1456 780 1501 ὃ
802 1461 885 1507 πᾶς
913 1458 990 1500 οὐκ
1011 1456 1121 1500 ἐστιν
1155 1455 1348 1508 ἀντάξιος
1374 1454 1531 1511 κόσμος

26 1530 118 1570 καὶ
150 1527 203 1571 τὰ
235 1531 310 1570 τοῦ
340 1525 497 1582 κόσμου
520 1525 745 1584 χρήματα,
787 1531 916 1584 σχολῇ
961 1527 1004 1582 y'
1044 1526 1095 1570 ἂν
1134 1526 1273 1570 αὐτῶν
1301 1524 1528 1583 ἐφεισάμην

0 1607 41 1643 ΞΟ
47 1595 275 1653 χρημάτων
291 1598 359 1639 καὶ
377 1594 599 1652 κτημάτων
623 1598 692 1639 καὶ
714 1600 873 1651 κτηνῶν
899 1594 1105 1640 ἁπάντων.
1143 1594 1234 1654 (Γ.)
1268 1597 1355 1638 Καὶ
1370 1596 1441 1638 ἵνα
1470 1595 1563 1638 τάΙ)
1593 1617 1597 1620 ·

51 1672 136 1709 τῶν
154 1667 196 1708 ἐν
213 1665 325 1724 με’σῳ
347 1664 546 1708 κινδύνων
564 1663 856 1719 συμπτώματα
889 1666 958 1707 καὶ
983 1666 1087 1716 τοὺς
1119 1669 1204 1709 τῶν
1233 1668 1407 1721 μακρῶν
1425 1665 1528 1707 ἐκεί-

52 1753 135 1779 νων
159 1733 326 1792 δρόμων
351 1737 418 1777 καὶ
438 1732 696 1791 περιδρῦμων
718 1734 897 1790 ἱδρῶτας
915 1734 1023 1778 κατὰ
1044 1734 1118 1791 τὴν
1140 1733 1315 1789 ἑπταετῆ
1335 1735 1528 1791 περίοδον

50 1805 205 1860 ἐκείνην
224 1804 520 1861 παρέλθωμεν·
557 1803 693 1859 ἐπειδὴ
713 1801 857 1862 (δόξαν
878 1802 988 1847 οὕτω
1005 1805 1115 1863 θεῷ)
1135 1804 1211 1860 τὴν
1229 1805 1427 1857 βασιλίδα
1446 1801 1527 1847 πό,

49 1878 114 1917 λιν
133 1872 236 1917 ἑλῶν
267 1871 397 1929 μόνος
414 1868 466 1930 ἦν
486 1871 757 1931 αὐτοκράτωρ
782 1872 908 1924 αὐτὸς
916 1907 931 1927 ,
957 1877 1042 1918 τῶν
1070 1874 1182 1930 ἐμῶν
1203 1872 1278 1917 οὐκ
1298 1871 1525 1917 ἐπελάθετο

49 1988 178 2026 morte,
199 1982 376 2030 quem-ille
400 1982 437 2019 in
462 1983 708 2029 cogitationum
731 1987 862 2020 aestum
878 1983 1059 2028 inciderit,
1084 1984 1146 2020 ubi
1165 1987 1379 2020 sacramente
1396 1996 1526 2030 cogno-

49 2031 180 2072 visset,
203 2042 292 2076 quae
308 2030 497 2076 imperator
519 2042 604 2066 avus
628 2031 790 2066 Romanis
812 2031 1003 2074 detulerat,
1036 2031 1081 2066 ad
1106 2032 1245 2077 imperii
1274 2031 1525 2067 successionem

49 2076 281 2123 pertiuentia;
303 2082 389 2122 quot
404 2077 498 2112 illius
518 2077 663 2112 animum
678 2090 834 2112 curarum
857 2078 987 2113 fluctus
1005 2079 1226 2121 inundarint3
1249 2083 1292 2114 ut
1307 2090 1362 2114 me
1380 2082 1527 2123 excepto

50 2135 147 2158 nemo
168 2123 313 2158 omnium
331 2123 400 2170 ipsi
417 2128 499 2158 tunc
521 2123 663 2160 affuerit
681 2125 804 2159 dexter
823 2124 1037 2167 consolator,
1062 2124 1121 2171 qui
1140 2125 1289 2160 labentis
1305 2124 1410 2160 animi
1428 2125 1527 2159 velut

49 2169 288 2204 adminiculum
310 2170 421 2212 foret,
445 2181 486 2204 ac
504 2170 720 2205 vacillantem
745 2171 971 2206 constantiam
994 2183 1122 2206 armna
1146 2183 1214 2218 ope
1234 2175 1465 2212 sustentaret,
1489 2175 1528 2205 et

49 2215 150 2261 quasi
176 2216 348 2262 zephyrus
370 2216 510 2262 quidam
532 2222 733 2261 recrearet,
766 2217 859 2252 haud
883 2222 969 2264 puto
994 2217 1142 2264 longiori
1158 2218 1313 2253 oratione
1337 2218 1526 2253 scientibus

48 2263 149 2296 vobis
175 2263 510 2297 commemorandum.
557 2265 606 2298 At
630 2275 704 2298 cmn
732 2263 845 2306 idem,
881 2264 993 2299 vitato
1019 2265 1113 2310 qnod
1141 2264 1335 2300 imminebat
1358 2264 1526 2311 periculo,

49 2309 246 2354 priusquam
263 2314 447 2354 caperetur
464 2309 683 2355 Byzantium,
707 2310 745 2344 in
764 2310 949 2345 Thraciam
967 2310 1104 2356 sitaque
1122 2311 1193 2346 illic
1209 2311 1353 2346 castella
1369 2311 1528 2355 aufugis-

49 2360 124 2395 set,
150 2366 307 2401 opusque
324 2362 407 2390 tunc
427 2361 523 2390 esset
546 2367 614 2390 nou
637 2356 746 2391 amico
770 2356 867 2391 fideli
885 2357 1014 2399 solum,
1038 2357 1098 2392 sed
1116 2362 1154 2392 et
1170 2357 1320 2404 pecunia
1335 2361 1373 2392 et
1390 2357 1527 2392 infinito

49 2410 185 2446 sumptu
215 2401 389 2446 (omnibus
406 2402 494 2436 enim
510 2402 614 2438 rebus
629 2402 689 2437 ille
707 2407 787 2438 ante
805 2407 842 2438 et
860 2408 942 2448 post
960 2404 1075 2449 fugam
1097 2404 1199 2449 plane
1213 2403 1399 2439 destitutus
1415 2404 1525 2447 erat),

48 2459 116 2482 non
141 2447 240 2481 modo
260 2447 295 2481 in
315 2459 411 2482 usum
430 2448 523 2483 illius
540 2454 756 2493 praesentem
774 2461 818 2484 ea
835 2449 947 2484 omnia
970 2450 1160 2486 liberaliter
1175 2450 1304 2494 effudi,
1328 2461 1419 2496 quae
1442 2449 1526 2485 mihi

47 2493 85 2528 in
111 2493 211 2527 bonis
239 2499 338 2528 erant
362 2494 627 2540 quamplurima,
660 2506 682 2530 a
706 2495 861 2541 patribus
885 2495 1138 2542 maioribusque
1163 2497 1208 2532 ad
1233 2508 1286 2531 me
1313 2496 1526 2538 transmissa,

48 2538 111 2574 sed
126 2544 165 2574 et
182 2540 248 2575 toti
267 2540 454 2582 exercitui,
479 2541 576 2576 cuius
594 2553 686 2576 eram
712 2542 790 2588 ipse
810 2543 900 2585 dux,
922 2543 967 2577 de
988 2555 1063 2577 meo
1088 2543 1306 2589 plenissimos
1331 2543 1526 2588 stipendio-

47 2597 123 2620 rum
141 2592 297 2632 sumptus
314 2592 486 2632 perpetuo
504 2588 735 2633 suppeditavi.
782 2589 853 2630 Qui
873 2589 961 2624 euim
976 2589 1087 2634 ipsam
1103 2590 1266 2631 animam,
1289 2601 1357 2635 qua
1375 2601 1442 2624 uec
1466 2595 1523 2624 to-

47 2637 107 2666 tus
133 2632 228 2667 orbis
253 2644 318 2667 nec
343 2633 439 2667 orbis
462 2634 573 2668 totius
598 2646 683 2680 opes
706 2634 795 2669 bene
813 2641 1071 2680 permutentur,
1094 2647 1157 2682 pro
1180 2636 1272 2671 illius
1295 2635 1408 2670 salute
1431 2635 1522 2671 ultro

49 2677 268 2731 effudissem,
290 2679 551 2725 haudquaquam
571 2686 667 2716 certe
689 2681 844 2727 pecuniis
863 2685 925 2716 aut
942 2682 1214 2727 possessionibus
1234 2686 1296 2718 aut
1320 2682 1372 2716 rei
1393 2692 1525 2727 pecua-

48 2734 124 2758 nae
143 2725 388 2770 pepercissem.
433 2727 537 2771 (ln.)
560 2729 674 2772 Atque
692 2732 734 2762 ut
757 2727 874 2762 varios
901 2729 1186 2775 subsequuturam
1205 2728 1435 2774 periculorum
1458 2739 1521 2762 cu.-

48 2781 108 2803 sus
131 2775 168 2804 et
186 2771 224 2805 in
252 2772 409 2816 septenni
426 2772 484 2807 illo
504 2773 674 2808 curriculo
693 2774 834 2809 sudatus
848 2780 949 2809 tanta
966 2775 1183 2810 contentione
1200 2786 1322 2810 cursus
1339 2786 1382 2809 ac
1398 2785 1520 2809 recur-

49 2826 109 2849 sus
126 2816 338 2860 omittamus3
360 2823 541 2864 postquam
554 2819 630 2854 Deo
650 2819 760 2854 visum
777 2825 844 2862 est,
867 2824 909 2855 ut
923 2825 1026 2867 capta
1039 2821 1178 2867 imperii
1197 2821 1282 2856 sede
1296 2821 1391 2856 solus
1404 2831 1520 2856 rerum

46 2860 237 2908 potiretur,
258 2874 328 2900 nou
343 2863 474 2900 oblitus
495 2869 551 2902 est
570 2865 630 2901 ille
645 2877 794 2903 meorum
812 2878 899 2913 erga
917 2878 957 2903 se
976 2879 1127 2905 amorum
1146 2872 1184 2903 et
1198 2866 1429 2904 ardentimimi
1447 2871 1524 2902 stu-
