1794 3172
259 134 364 186 950
707 142 1027 191 NICEPHORI
1057 145 1385 195 GREGORAE

37 263 76 297 A.
94 262 139 296 M.
157 262 249 299 6859
258 254 565 313 μεταβέβληται
583 253 629 298 δὲ
648 253 746 298 κατ’
769 253 896 298 αὐτὸν
916 256 960 307 ἐξ
980 253 1088 301 ὅλων
1104 255 1180 314 ὅλη
1197 255 1225 314 ἦ
1244 255 1418 316 τοιαύτη
1436 259 1596 317 μορφὴ,
1626 263 1742 303 πᾶσα

93 308 196 346 Ind'4
261 324 417 383 ἀνάγκη
447 326 491 368 ἐκ
519 324 709 381 γενέσεως
740 325 797 374 εἷς
827 325 1023 383 φθορὰν,
1062 326 1140 369 κάκ
1162 332 1236 371 τοῦ
1259 326 1382 379 ὄντος7
1410 330 1467 379 εἰς
1488 328 1535 372 τὸ
1567 332 1743 386 μηδαμῆ

260 394 362 440 εἶναι
385 393 667 451 κεχωρηκέναι.
706 395 740 436 εἰ
760 396 898 438 τοίνυν
926 395 1021 438 κατ’
1049 395 1176 439 αὐτὸν
1196 398 1239 448 ἓξ
1263 396 1370 441 ὅλων
1392 397 1467 454 ὅλη
1483 399 1744 454 μεταβέβλη-

258 482 351 517 ται,
393 461 510 507 οὐδέν
532 462 615 520 ἄρα
643 462 772 519 αὐτῆς
794 461 1078 508 ὑπολέλειπται
1094 479 1104 489 ·
1142 466 1327 510 ἐκποδών
1350 462 1424 511 οὖν
1453 467 1502 511 τὸ
1531 472 1653 522 σῶμα
1675 470 1744 510 καὶ

219 523 225 528 '¹
257 533 494 592 ἔφθαρται·
533 534 600 575 καὶ
631 532 725 576 οἵτε
756 538 903 588 σῶμα,
947 533 1041 578 οὕτε
1067 535 1235 594 μορφὴ,
1275 536 1368 579 οὔτ’
1398 537 1499 580 ι’ίλλο
1526 554 1565 580 τι
1595 535 1772 585 λοιπόν5

259 604 382 647 ἐστιν.
430 604 485 653 εἷς
510 607 698 646 τοιοῦτον
719 602 873 654 αὐτοὺς
889 607 965 659 τῆς
986 603 1162 655 ἀτοπίας
1183 604 1348 663 βόθρον
1368 608 1436 649 καὶ
1458 606 1606 657 ἀθείάς
1628 605 1653 662 ἡ
1674 624 1744 649 σε-

221 672 489 730 Ὲσοφισμένη
520 674 587 715 καὶ
615 670 859 728 ἀστειοτάτη
891 678 967 717 τοῦ
999 672 1123 731 λόγου
1153 673 1446 732 κατεκρήμνισε
1470 676 1743 733 περιπέτεια.”

261 741 352 803 (Ε.)
389 744 475 786 Καὶ
506 746 641 785 ταῦτα
659 743 735 797 μὲν
759 742 862 800 τῇδέ
879 761 934 799 πη
957 744 1179 801 γέγραπται
1202 749 1261 804 τῷ
1283 743 1408 805 ἁγίῳ,
1447 743 1674 803 σοφώτατοί
1699 762 1744 788 τε

257 814 326 856 καὶ
343 809 595 870 ὑψηλότατα
606 844 620 866 ,
659 811 732 855 τὸν
763 816 838 868 τῆς
858 814 1142 869 εἶκονομαχίας
1163 813 1403 871 προστάτην
1422 815 1672 871 ἓξελὲγχοντί
1699 832 1743 858 τε

257 883 327 926 καὶ
353 878 624 924 καταλύοντι·
662 875 695 940 ᾧ
726 884 792 924 καὶ
821 881 948 933 αὐτὸς
970 883 1100 934 εὐθὺς
1127 884 1454 941 συνεξελέγχεταί
1477 902 1520 928 τε
1548 887 1615 927 καὶ
1642 901 1741 941 συγ-
1755 892 1794 928 10

260 949 506 995 καταλύεται
538 948 559 994 ὁ
591 950 739 1005 σεμνὸς
771 954 1008 1007 Παλαμᾶς,
1050 953 1184 1013 ἐκείνῳ
1215 953 1350 997 ταύτὰ
1381 956 1449 997 καὶ
1475 952 1649 1012 γράφων
1675 955 1744 996 καὶ

104 1033 150 1070 P,
167 1033 238 1073 598
260 1025 449 1080 φρονῶν,
490 1019 547 1077 πὴ
575 1021 650 1076 μὲν
682 1021 833 1064 ἐκείνου
865 1025 941 1078 τῆς
972 1020 1156 1079 γλώττης
1185 1023 1478 1081 ἐξηρτημένος,
1498 1021 1585 1067 ὀἶα
1617 1023 1744 1081 δρυὸς

259 1090 554 1147 ἐπειλημμένος
580 1087 738 1141 κιττός·
775 1090 832 1147 πὴ
857 1091 902 1134 δὲ
923 1091 971 1134 τὸ
992 1099 1078 1143 τοῖς
1106 1094 1365 1148 διδαχθεΐσιν
1392 1093 1576 1148 ἐμμένειν
1607 1110 1743 1136 κατει-

261 1159 564 1219 ρωνευόμενος,
603 1158 697 1203 ὅποι
726 1159 973 1218 προσθήκης
1002 1161 1150 1216 δέοιτο,
1187 1164 1254 1205 καὶ
1279 1164 1516 1220 φιλοτιμίας
1531 1161 1744 1219 ἀγώνισμα

259 1228 503 1285 ποιούμενος
523 1226 767 1287 κράτιστον,
805 1229 878 1273 τὸν
897 1228 1147 1274 διδάσκαλον
1174 1229 1403 1288 ὑπερσχεῖν.
1452 1233 1520 1274 καὶ
1551 1232 1630 1290 γὰρ
1661 1230 1738 1274 ὑπ’
1756 1242 1794 1278 15

259 1300 469 1356 Εὖνομίου
499 1303 576 1343 τοῦ
606 1297 843 1357 καταράτου
873 1301 940 1343 καὶ
972 1300 1019 1344 τὸ
1052 1305 1126 1358 τῆς
1156 1302 1357 1358 ἐνεργείας
1389 1299 1519 1356 ὄνομα
1556 1306 1608 1360 τῇ
1643 1302 1742 1362 θεία

259 1367 398 1428 τριάδι
422 1367 551 1415 πάλαι
572 1370 851 1426 παρεισαχθέν
873 1370 938 1412 ἐπὶ
968 1368 1135 1429 πονήρῳ
1161 1375 1236 1426 τῆς
1263 1372 1479 1427 ἐκκλησίας
1506 1373 1597 1429 περὶ
1627 1372 1742 1414 πλεί-

260 1457 363 1483 στου
393 1441 461 1483 καὶ
492 1445 580 1490 τοῖς
599 1437 879 1494 εἷκονομάχοις
903 1437 1075 1498 ὕστερον
1100 1438 1267 1497 ἐγεγόνει
1290 1447 1376 1491 τοῖς
1410 1441 1570 1491 οἰκείοις
1607 1456 1741 1498 προσ-

217 1513 398 1553 Βθεῖναι
426 1510 495 1552 καὶ
523 1512 647 1552 τοῦτο
676 1515 831 1561 κακοῖς,
864 1511 932 1552 καὶ
963 1508 1052 1565 ἅμα
1081 1513 1140 1568 τῷ
1169 1508 1341 1553 κατόπιν
1371 1511 1536 1560 ἐκείνοις
1564 1509 1742 1553 ἀκολου-

260 1583 412 1623 θοῦντι
429 1582 504 1622 νῦν
519 1581 732 1639 Παλαμᾷ·
769 1576 959 1636 καθάπερ
983 1578 1142 1623 καὶτὸν
1159 1577 1270 1636 γῦπα
1300 1581 1402 1637 φασὶ
1432 1579 1481 1623 τὸ
1511 1578 1653 1637 ὄρνεον
1686 1578 1794 1625 ‘nizo

261 1650 338 1704 μὲν
364 1647 601 1706 ὑγιαίνοντα
631 1653 715 1691 τῶν
747 1646 954 1703 σωμάτων
983 1649 1195 1706 παριέναι·
1233 1648 1261 1692 ἃ
1289 1650 1334 1693 δὲ
1359 1656 1491 1703 νοσεῖ,
1529 1653 1664 1692 ταῦτα
1694 1648 1739 1692 δ’

263 1718 451 1774 ἀσμένως
469 1719 732 1776 προσίεσθαι.
798 1716 889 1777 (ς’.)
923 1719 1004 1762 Διὸ
1026 1723 1239 1776 προσεχῶς
1256 1720 1330 1774 μὲν
1349 1718 1402 1762 τὰ
1422 1722 1498 1762 τοῦ
1519 1719 1638 1762 θείου
1659 1715 1742 1761 πά·-

262 1792 327 1831 λιν
344 1786 595 1832 διδασκάλου
617 1792 926 1845 προενεγκοῢσιν
946 1791 1001 1839 εἷς
1019 1789 1147 1844 μέσον
1178 1787 1345 1847 ῥήματα
1355 1821 1368 1842 ,
1408 1786 1470 1839 οἷς
1491 1787 1585 1832 κατ’
1609 1788 1742 1831 Εὐσε-

262 1859 358 1913 βίου
386 1862 462 1902 τοῦ
489 1860 718 1913 δυσσεβοῦς
737 1861 963 1914 τηνικαῦτα
985 1858 1131 1916 παρὼν
1154 1858 1303 1914 ἐκεῖνος
1334 1855 1539 1916 ἐχρήσατο
1547 1889 1563 1912 ,
1602 1856 1740 1901 ἔπειτα

262 2014 301 2047 to
326 2015 456 2047 mutata
476 2015 550 2055 est,
572 2012 640 2048 iam
666 2024 806 2060 prorsus
833 2025 977 2049 necesse
997 2015 1052 2048 est
1071 2025 1145 2048 eam
1170 2025 1213 2048 ex
1238 2014 1462 2059 generatione
1485 2013 1529 2048 ad
1546 2011 1743 2059 corruptio-

263 2069 342 2093 nem
369 2063 405 2093 et
432 2070 475 2093 ex
499 2071 577 2094 esse
605 2059 650 2095 ad
677 2072 743 2095 non
769 2072 846 2095 esse
875 2060 1065 2096 transiisse.
1111 2060 1172 2103 Si,
1197 2061 1324 2103 utait,
1348 2065 1425 2095 tota
1444 2072 1487 2095 ex
1513 2065 1588 2095 toto
1611 2064 1742 2095 mutata

263 2109 339 2147 est,
364 2105 447 2140 nihil
471 2117 554 2151 ergo
574 2106 647 2141 eius
667 2106 841 2141 residuum
859 2107 994 2144 mansit.
1040 2107 1136 2152 Ergo
1156 2108 1281 2153 corpus
1309 2108 1353 2143 de
1374 2107 1485 2142 medio
1514 2107 1686 2141 sublatum
1705 2109 1742 2141 et

264 2156 462 2197 corruptum
483 2157 555 2194 est3
580 2164 621 2187 ac
639 2164 750 2199 neque
764 2164 911 2199 corpus,
937 2165 1049 2200 neque
1066 2154 1195 2196 forma,
1222 2166 1335 2201 neque
1356 2153 1448 2188 aliud
1474 2153 1657 2199 quicquam
1682 2164 1741 2187 su-

264 2203 392 2244 perest.
437 2198 492 2232 Eo
511 2198 667 2234 insaniae
687 2204 723 2234 et
745 2199 932 2246 impietatis
959 2200 1036 2236 illos
1055 2201 1265 2247 praecipites
1283 2200 1357 2246 egit
1375 2199 1562 2235 artificiosa
1582 2204 1618 2234 et
1639 2200 1741 2245 plane

263 2244 414 2279 ridicula
434 2245 616 2280 verborum
631 2246 844 2281 temeritas.”
889 2247 974 2292 (V.)
997 2248 1096 2282 Haec
1115 2247 1171 2282 vir
1191 2253 1351 2289 sanctus,
1376 2247 1480 2281 docta
1503 2245 1680 2281 admodum
1704 2249 1742 2280 et

263 2290 441 2333 sublimia3
463 2291 550 2326 haec
576 2292 684 2327 ferme
711 2293 899 2336 scribebat,
923 2305 999 2328 cum
1019 2293 1273 2329 iconomachiae
1299 2297 1587 2339 propugnatorem
1607 2294 1741 2327 refuta-

263 2341 321 2373 ret
336 2342 373 2373 et
387 2342 584 2380 everteret3
607 2350 685 2374 cum
708 2351 776 2385 quo
793 2344 829 2374 et
844 2340 1050 2375 venerabilis
1067 2341 1225 2375 Palamas
1245 2340 1362 2375 statim
1381 2339 1556 2374 refutatur
1582 2343 1619 2373 et
1640 2350 1741 2373 ever·-

263 2384 374 2426 titur'‚
398 2384 455 2431 qui
481 2385 599 2420 cadem
631 2385 754 2421 scribit
779 2390 815 2421 et
843 2387 969 2430 sentit3
1001 2386 1100 2422 modo
1127 2398 1170 2421 ex
1198 2387 1291 2422 illius
1310 2386 1429 2432 lingua
1449 2386 1623 2431 pendens,
1646 2385 1741 2420 velut

264 2430 394 2465 hedera
408 2431 549 2477 quercui
569 2431 807 2474 adhaerescit;
831 2434 929 2468 modo
947 2439 1165 2469 contemnens
1184 2445 1238 2475 ea,
1259 2444 1349 2479 quae
1366 2432 1502 2474 didicit,
1528 2436 1564 2467 et
1581 2431 1627 2466 iis
1647 2436 1742 2466 stare

265 2477 465 2523 negligens,
489 2477 548 2512 ubi
580 2478 711 2525 aliquid
735 2478 928 2514 addendum
954 2481 1020 2523 sit,
1051 2485 1088 2515 et
1125 2480 1324 2526 magistrum
1353 2490 1545 2525 superare,
1578 2483 1741 2524 tanquam

265 2524 446 2560 maximum
473 2523 605 2570 gloriae
634 2530 828 2568 certamen,
860 2526 926 2561 sibi
959 2538 1164 2574 proponens.
1222 2527 1359 2561 Etenim
1385 2537 1463 2560 cum
1488 2525 1652 2571 energiae
1679 2534 1741 2559 seu

265 2571 480 2617 operationis
498 2583 619 2607 nomen
633 2596 644 2613 ,
668 2571 705 2606 in
731 2573 971 2610 detrimentum
1000 2572 1168 2608 ecclesiae
1195 2573 1239 2607 ab
1263 2573 1367 2620 impio
1390 2572 1560 2607 Eunomio
1584 2571 1742 2606 introdu-

265 2623 377 2661 ctum,
402 2618 481 2653 olim
502 2618 540 2654 in
564 2618 713 2653 divinam
735 2618 943 2655 Trinitatem
960 2619 1167 2662 invasisset,
1190 2618 1404 2654 iconomachi
1425 2623 1548 2665 postea
1566 2617 1740 2663 impendio

265 2668 494 2708 curaverunt,
518 2668 556 2700 ut
574 2665 620 2700 ad
639 2665 797 2711 proprios
814 2678 950 2702 errores
969 2667 1025 2702 hic
1041 2677 1179 2713 quoque
1196 2667 1391 2701 accederet.
1435 2666 1565 2699 Horum
1581 2662 1740 2708 vestigiis

266 2710 427 2747 Palamas
454 2711 603 2755 insistit,
626 2711 778 2747 vultui-io
808 2712 947 2756 similis,
971 2725 1071 2759 quam
1100 2724 1195 2748 avem
1217 2713 1332 2747 serunt
1359 2722 1444 2747 sana
1469 2722 1615 2757 corpora
1638 2721 1741 2756 prae·-

266 2757 395 2801 terire‚
418 2758 545 2814 cupide
572 2762 684 2794 autem
708 2759 754 2793 ad
778 2759 936 2795 morbosa
958 2760 1136 2795 accedere.
1201 2759 1301 2804 (VI.)
1333 2759 1522 2804 Postquam
1550 2757 1668 2803 itaque
1698 2766 1741 2790 ea

266 2803 375 2839 verba
388 2829 399 2846 ,
423 2807 546 2851 quibus
564 2810 648 2840 tunc
663 2809 805 2840 sanctus
822 2806 945 2841 doctor
962 2812 1082 2842 contra
1098 2806 1238 2852 impium
1257 2806 1444 2841 Eusebium
1470 2815 1634 2850 praesens
1658 2812 1741 2837 usus

266 2853 342 2893 est,
365 2849 402 2886 in
415 2851 563 2888 medium
581 2851 847 2900 protulerimus,
869 2858 975 2903 atque
993 2853 1073 2900 ipsa
1095 2852 1259 2889 continuo
1274 2855 1494 2901 argumenta,
1518 2849 1641 2898 quibus
1661 2848 1740 2884 olim
