1794 3172
267 537 879 599 NIKHOEOPOY
932 534 1124 597 ΤΟΥ
1177 534 1670 595 ΓΡΗΓΟΡΑ

418 679 966 730 ΡΩΜΛΙΚΗΣ
1031 676 1527 727 ΙΣΤΟΡΙΑΣ

751 799 794 838 Α
825 796 1059 838 oros
1112 794 1192 834 IH.

231 941 931 1006 NICEPHORI
1036 936 1716 1002 GREGORAE

447 1079 984 1134 BYZANTINAE
1054 1075 1504 1128 HISTORIAE

552 1213 742 1254 LIBER
776 1210 1064 1253 DECIMUS
1097 1206 1403 1249 OCTAVUS.

719 1426 1244 1468 ARGUMENTUM.

338 1503 617 1537 Cantacuzenum
637 1513 693 1536 res
711 1502 880 1536 adversae
898 1513 967 1536 non
976 1502 1170 1545 frangunt.
1221 1498 1376 1532 Classem
1395 1500 1555 1542 reparat.
1610 1496 1723 1532 Vecti-

241 1550 346 1596 galia
364 1549 528 1594 imposita
545 1555 676 1594 auget3
699 1561 790 1583 nova
807 1549 964 1594 imponit.
1009 1546 1134 1581 Isidori
1151 1545 1380 1590 patriarchae
1394 1546 1497 1588 falsa
1511 1544 1725 1588 praedictio,

242 1596 411 1637 tristitia,
435 1597 582 1637 morbus,
609 1597 731 1630 obitus.
781 1597 835 1630 De
865 1595 1026 1641 eligendo
1049 1594 1121 1627 cius
1141 1603 1331 1626 successore
1356 1592 1579 1625 deliberatur.
1629 1592 1726 1633 Qua-

244 1645 312 1678 lem
324 1643 569 1687 patriarcham
587 1642 785 1677 Palamitae
813 1643 996 1676 voluerint.
1045 1640 1209 1674 Callistus
1227 1650 1267 1672 ex
1283 1638 1377 1672 Atho
1398 1643 1514 1672 monte
1530 1638 1728 1673 arcessitur.

249 1691 429 1735 Gregoras
459 1690 658 1730 blanditiis,
693 1690 962 1735 largitionibus,
993 1686 1174 1732 promissis
1201 1687 1345 1728 frustra
1381 1689 1548 1719 tentatus.
1604 1685 1728 1718 Etiam

243 1736 521 1782 patriarchalem
552 1736 765 1781 dignitatem
795 1737 949 1769 oblatam
973 1734 1150 1779 repudiat.
1196 1733 1444 1776 Imperatorem
1471 1735 1505 1764 et
1529 1731 1729 1777 Aug-ustam

248 1783 357 1827 officii
385 1783 559 1816 admonet.
611 1783 774 1817 Callistus
796 1794 855 1815 cur
872 1786 1062 1827 promotus.
1110 1780 1196 1814 Eius
1213 1779 1281 1812 viri
1298 1777 1555 1819 inhumanitas,
1580 1779 1618 1812 in
1635 1779 1728 1822 ipsos

248 1835 400 1863 mortuos
426 1829 622 1862 saevientis.
684 1828 919 1862 Cantacuzeni
938 1828 1088 1872 politica
1110 1826 1313 1870 prudentia.
1373 1825 1563 1858 Consilium
1593 1825 1636 1858 cle
1671 1836 1729 1857 co-

249 1876 370 1921 genda
386 1876 526 1919 synodo.
575 1876 743 1909 Palamae
769 1874 1089 1920 tergiversationes.
1138 1872 1302 1916 Episcopi
1334 1882 1460 1904 novum
1484 1871 1730 1915 patriarcham

251 1922 526 1956 Massalianismi
545 1926 721 1955 accusant.
775 1922 958 1955 Variorum
986 1920 1164 1952 criminum
1191 1919 1233 1951 ab
1265 1929 1303 1950 eo
1332 1917 1484 1950 vicissim
1510 1922 1731 1952 accusantur.

259 1969 401 2001 Veniam
428 1968 515 2001 dant
541 1973 575 2002 et
602 1968 775 2013 accipiunt
810 1967 917 2011 (Cap.
931 1966 982 2008 1).
1035 1966 1298 1998 Cantacuzenus
1336 1963 1617 1997 Thessalonicam
1645 1964 1731 2004 abit,

253 2015 506 2059 Palaeologum
524 2025 689 2058 generum
707 2015 739 2047 ei
754 2014 832 2047 urbi
848 2014 1103 2058 praefecturas.
1154 2011 1285 2044 Classis
1309 2010 1440 2043 Veneta
1460 2010 1618 2044 Genuitis
1637 2011 1731 2053 infe-

253 2066 312 2095 sta
330 2060 539 2105 Byzantium
556 2061 708 2095 advenit.
759 2060 987 2094 Genuitarum
1005 2058 1226 2103 arrogantia.
1266 2057 1397 2091 Pontus
1415 2057 1570 2090 Euxinus
1589 2057 1731 2102 Byzan-

254 2108 317 2142 tiis
336 2112 371 2141 et
395 2107 531 2140 Venetis
552 2119 616 2151 per
635 2108 711 2141 illos
738 2107 882 2141 clausus.
933 2105 1112 2148 Quaenam
1136 2115 1261 2138 causae
1287 2104 1431 2137 Venetos
1455 2104 1632 2149 coegerint
1657 2104 1732 2137 Ga-

257 2154 356 2188 latae
377 2154 584 2188 obsidionem
603 2154 670 2188 cito
689 2154 854 2187 deserere.
905 2152 1167 2185 Cantacuzenus
1183 2151 1370 2184 admodum
1388 2151 1502 2184 laetus
1522 2150 1734 2195 Byzantium

255 2200 360 2234 redit.
412 2200 598 2234 Concilium
625 2211 813 2233 convocare
842 2199 990 2243 cogitat.
1041 2198 1210 2232 Palamae
1224 2197 1373 2241 fiducia.
1423 2197 1570 2230 Iunioris
1593 2197 1734 2230 Andro-

257 2247 329 2281 nici
354 2251 389 2280 et
417 2246 542 2280 Isidori
580 2246 808 2290 patriarchae
841 2245 1114 2279 commemoratio
1142 2245 1179 2278 in
1203 2244 1314 2277 sacris
1333 2254 1397 2288 per
1424 2254 1574 2277 errorem
1596 2243 1733 2276 omissa.

258 2293 445 2328 Hominum
461 2304 630 2327 sermones
651 2294 693 2326 dc
712 2304 753 2326 ea
770 2304 818 2326 re.
867 2293 974 2325 Error
997 2291 1215 2335 postmodum
1233 2295 1413 2324 correctus.
1466 2291 1635 2323 'I'riremes
1669 2289 1734 2322 Ve-

258 2344 362 2375 netae
380 2340 641 2384 quatuordecim
673 2339 776 2372 Ponti
806 2339 933 2372 Euxini
943 2340 1069 2381 fauces
1087 2338 1252 2371 obsident.
1300 2337 1435 2370 Bellum
1453 2336 1661 2370 Latinorum
1679 2336 1734 2368 in-

258 2386 481 2422 ternecinum.
531 2386 698 2420 Catalani
715 2386 822 2419 socios
840 2397 874 2419 sc
891 2384 1026 2419 Venetis
1043 2385 1243 2429 adiungunt
1261 2382 1332 2427 (Ξ).
1379 2383 1558 2416 Historiae
1575 2383 1736 2426 Dogma-

260 2433 355 2468 ticae
387 2433 575 2467 exordium.
626 2432 805 2466 Generalis
841 2432 975 2465 concilii
1007 2431 1206 2464 convocatio
1238 2430 1299 2465 dia
1323 2429 1507 2474 promissa.
1563 2429 1735 2462 Palamae

262 2479 468 2515 auctoritas.
517 2479 679 2513 Eiusdem
711 2480 825 2512 malac
846 2483 958 2520 artes,
990 2478 1165 2523 publicum
1192 2477 1357 2516 iudicium
1383 2476 1575 2510 metuentis.
1625 2475 1737 2517 Quale

261 2526 406 2561 tandem
431 2526 609 2560 concilium
632 2525 753 2559 haberi
777 2526 961 2570 placuerit.
1012 2526 1103 2567 Quot
1135 2528 1168 2556 ct
1195 2524 1290 2556 cuius
1316 2527 1421 2556 notae
1440 2521 1591 2567 episcopi
1617 2521 1737 2554 adesse

263 2573 347 2608 iussi
373 2574 445 2619 (3).
496 2573 789 2618 Gregorae·.apud
814 2573 1091 2606 Cantacuzenum
1111 2570 1237 2604 oratio.
1289 2569 1467 2603 Orationis
1487 2569 1630 2613 capita:
1665 2567 1738 2600 Ex·-

260 2621 456 2665 postulatio
477 2624 511 2655 et
534 2619 626 2654 acris
649 2618 878 2663 reprehensio.
925 2618 1083 2663 Synodus
1111 2617 1182 2650 dici
1195 2627 1264 2649 non
1281 2617 1400 2657 debet,
1425 2626 1514 2660 quae
1523 2616 1573 2659 fit
1594 2618 1740 2659 practer

265 2666 517 2703 ecclesiasticas
555 2666 729 2711 regulas.
757 2665 926 2698 Palamae
961 2665 1122 2698 doctrina
1151 2673 1239 2708 quas
1270 2662 1387 2696 clades
1414 2661 1657 2706 importaverit
1682 2660 1738 2700 iis,

265 2712 326 2757 qui
339 2714 449 2761 primi
468 2724 545 2747 cam
561 2711 811 2755 defenderunt,
835 2723 955 2756 nempe
976 2712 1217 2746 Cantacuzeno
1237 2713 1271 2743 et
1288 2709 1359 2742 eius
1381 2708 1502 2742 matri.
1552 2707 1648 2750 Quas
1663 2707 1738 2740 An·

266 2770 335 2795 nae
354 2762 549 2807 Augustae.
599 2758 694 2802 Quas
712 2757 954 2792 Cantaeuzeno
970 2768 1108 2798 rursus5
1133 2756 1188 2789 cui
1204 2766 1295 2789 mors
1304 2755 1379 2798 filii
1393 2754 1648 2798 praenunciata
1663 2757 1741 2786 erat

266 2817 292 2840 ⁰
313 2809 487 2855 Gregora.
541 2805 660 2839 Vanae
674 2804 774 2839 huius
803 2804 1078 2839 adhortationes.
1125 2801 1304 2836 Haeretici
1324 2801 1531 2845 difficillime
1559 2800 1740 2844 corrigun-

267 2860 336 2893 tur.
395 2853 527 2890 [ustum
557 2852 624 2887 Dei
647 2851 825 2888 iudicium.
874 2850 1031 2887 Paterna
1055 2849 1203 2885 bonitas.
1250 2848 1382 2883 Ammius
1407 2846 1559 2883 oratoris
1584 2846 1741 2890 affectus.
