1794 3172
235 114 338 162 736
689 112 1007 160 NICEPHORI
1038 109 1363 156 GREGORAE

23 242 56 274 A.
78 241 122 273 M.
144 231 292 276 6853οὖ
324 229 430 274 κατὰ
458 223 623 286 γνιόμην
653 223 792 283 ε’χιόρει
824 223 878 267 τὰ
908 220 1124 279 δρώμενα,
1165 222 1255 278 περὶ
1285 221 1517 277 διαλλαγῶν
1543 216 1722 273 ὥμίλουν

66 288 131 320 lnd.
148 286 327 366 13Οτοΐς
350 300 505 352 ἔξωθεν
531 297 636 354 πρὸς
658 300 732 351 τῆς
754 294 971 350 βασιλίδος
1001 295 1133 335 ἰοῦσιν
1144 290 1304 346 Ἄννης.
1342 291 1410 333 καὶ
1440 286 1538 344 τάχ’
1569 287 1620 331 ἂν
1642 289 1722 345 ἐγί-

239 369 354 429 γνετό
379 387 418 412 τι
433 366 617 425 χρηστὸν
636 366 813 417 ἐκείνοις,
839 365 874 406 εἴ
893 360 952 418 μή
970 378 1079 411 τινος
1101 361 1316 415 δαιμονίου
1342 357 1539 403 κεκώλυκε
1559 363 1723 413 βασκα-

240 442 322 484 νία.
367 438 463 481 ἀλλ’
495 438 640 492 ἐχρῆν,
679 432 735 484 ὡς
753 433 905 485 ἔοικεν,
945 432 986 474 έν
1006 431 1236 485 θεομηνίας
1262 437 1419 487 καιροῖς
1447 428 1577 484 μηδὲν
1597 426 1723 471 ἀτόλ-

110 515 155 552 V.
165 513 374 566 374μητον
391 509 666 563 παροφθῆναι
688 508 771 547 τῶν
789 502 1014 556 ἀθεμίτων.
1053 499 1142 555 ἴσχε
1163 500 1208 542 δὲ
1231 498 1376 550 οὕτως.
1433 497 1554 557 (ΙΑ.)
1573 495 1632 540 ‘H
1648 502 1759 545 τοῦ5

238 575 493 624 Ἀποκαύκου
524 574 651 631 γυνὴ,
700 573 749 616 τὸ
782 570 996 625 ἐνδόσιμον
1025 569 1128 626 πρὸς
1160 573 1234 625 τῆς
1253 567 1627 623 βασιλίδοςἌννης
1649 571 1727 610 λα-

203 651 395 704 Ββοῦσα,
431 647 720 702 προσκαλεῖται
741 646 824 685 πᾶν
850 641 898 684 τὸ
920 644 961 684 Γ
959 639 1224 696 ασμουλικὸν,
1251 641 1319 682 καὶ
1342 635 1570 697 χρημάτων
1594 654 1727 694 χορη-

242 719 312 777 γία
331 713 608 773 δαψιλεστέρα
629 714 777 765 πείθει,
794 711 870 761 τὰς
887 708 1065 767 τριήρεις
1085 709 1331 766 αὐθημερὸν
1346 708 1574 767 ἀφεμένους
1593 705 1728 750 ἅπαν-

243 803 347 839 τας,
387 783 494 828 ὅπλα
517 783 560 826 δ’
584 784 738 826 ἐκεῖθεν
770 778 1043 838 ἀνειληφότας
1070 781 1137 822 καὶ
1167 780 1267 835 βέλη
1289 777 1452 832 πάντα,
1490 781 1730 834 περιεληλυ-

244 856 367 900 θέναι
393 857 714 911 πολιορκοῦντας
732 852 780 894 τὸ
802 855 875 894 τοῦ
890 851 1095 893 παλατίου
1118 850 1270 893 ἐκείνου
1285 847 1510 907 φρούριον,
1550 847 1627 897 ἕως
1645 848 1728 890 εἷσ-
1744 858 1788 894 10

245 923 515 981 πηδήσαντας
546 921 704 978 ἡβηδὸν
735 921 835 971 τοὺς
870 920 984 971 ἐντὸς
1023 919 1202 973 ἀνελεῖν,
1247 919 1345 970 τοὺς
1387 918 1463 974 μὲν
1491 915 1547 968 ὥς
1577 916 1732 974 ἀνδρο-

248 994 427 1053 φόνους,
464 991 562 1043 τοὺς
593 992 637 1035 δ’
667 988 1016 1049 ὦς’ἇνδροφόνοις
1044 987 1256 1045 δήπουθεν
1278 986 1519 1047 ὁμόφρονας
1539 988 1607 1030 καὶ
1629 984 1733 1041 ὄμο-

248 1068 430 1121 στέγους.
467 1062 570 1119 πρὸς
591 1062 642 1118 δὴ
673 1059 888 1111 τοιούτους
909 1058 1063 1118 φόνους
1098 1059 1303 1117 ἀγοραίων
1328 1060 1397 1102 καὶ
1428 1058 1636 1102 ἀσυνέτων
1657 1056 1734 1099 ἀν-

209 1137 368 1192 Εδρῶν
411 1131 617 1176 ὁπλίσασα
651 1131 784 1182 δεξιὰς
826 1131 954 1186 ἐκείνη
992 1127 1222 1188 χρημάτων
1257 1127 1407 1186 ἁβραῖς
1446 1126 1522 1188 (ὥς
1561 1124 1733 1185 εῗρήκει-

248 1202 340 1260 μεν)
366 1200 570 1254 δεξιώσεσι
598 1203 665 1244 καὶ
697 1202 809 1244 οἴνου
837 1197 1055 1259 κρατήρων
1075 1203 1239 1243 πολλῶν
1263 1200 1538 1257 ἐμφορεῖσθαι
1566 1199 1734 1241 δίδωσιν
1748 1204 1793 1242 15

250 1270 473 1331 ἀφθόνως,
508 1271 566 1314 ἵν’
591 1269 743 1315 οὑτωσὶ
764 1275 838 1314 τοῦ
870 1268 1135 1326 καθήκοντος
1164 1267 1379 1319 ἐκστάντες
1405 1272 1602 1325 λογισμοῦ
1634 1285 1737 1324 μαι-

251 1342 433 1397 νομένων
458 1342 573 1397 δίκην
592 1346 758 1399 χωρῶσι
780 1340 885 1399 πρὸς
904 1340 980 1390 τὰς
1007 1344 1089 1383 τῶν
1106 1337 1345 1397 ἀνθρώπων
1369 1336 1547 1396 σφαγάς.
1586 1339 1670 1381 ἐπεὶ
1691 1337 1734 1380 δ’

253 1411 362 1456 οὕτω
401 1411 526 1454 ταῦτ’
562 1410 638 1467 εἶχε
674 1413 741 1454 καὶ
776 1409 797 1454 ὃ
839 1414 913 1454 τοῦ
948 1407 1066 1466 ἡλίου
1097 1407 1254 1466 δρόμος
1279 1408 1360 1465 ἤδη
1394 1408 1447 1451 τὰ
1476 1407 1739 1465 μεσημβρινὰ

253 1479 516 1539 παρήλλαττε
546 1478 760 1536 ὑψώματα
782 1513 795 1535 ,
844 1477 1073 1538 δραμόντες
1106 1480 1249 1523 ἕκεΐνοι
1286 1477 1420 1538 κύκλῳ
1455 1478 1504 1521 τὸ
1537 1476 1739 1536 φρούριον

253 1551 525 1609 περιέστησαν
558 1549 695 1605 ἅπαν,
734 1550 877 1594 ἀσπίσι
913 1551 982 1593 καὶ
1010 1548 1151 1599 ὅπλοις
1184 1547 1313 1592 ἅπασι
1333 1547 1632 1606 πεφραγμένοι,
1672 1548 1740 1590 καὶ
1752 1555 1794 1590 20

219 1620 365 1664 Ρᾶπαν
382 1621 504 1675 βέλος
522 1618 721 1676 ἑκηβόλον
738 1622 781 1664 ἐν
795 1627 934 1679 χεροῖν
957 1619 1256 1677 περιφέροντες,
1289 1620 1357 1662 καὶ
1380 1617 1459 1662 ὅσα
1479 1615 1619 1675 θύρας
1638 1616 1741 1660 ἀνα-

253 1688 522 1746 μοχλεύουσιν
564 1690 717 1748 ὄργανα
762 1692 830 1733 καὶ
874 1691 1137 1734 κατασείουσι
1166 1690 1278 1745 τείχη
1314 1690 1383 1731 καὶ
1419 1687 1639 1731 ἂποσπῶσι
1678 1688 1742 1729 λί-

256 1765 366 1810 θους
395 1761 439 1802 ἐκ
466 1762 691 1815 θεμελίων·
730 1754 788 1804 ὧν
823 1760 863 1804 οἳ
888 1761 964 1816 μὲν
987 1759 1042 1803 τὰ
1070 1759 1171 1816 βέλη
1200 1759 1428 1815 πέμποντες
1459 1756 1614 1810 ἔξωθεν
1635 1756 1743 1800 κατὰ

259 1925 324 1961 pro
346 1914 413 1950 alio
436 1913 598 1950 viderunt
616 1916 805 1959 accidisse,
828 1928 940 1964 neque
960 1928 1004 1952 ex
1029 1915 1200 1952 sententia
1219 1913 1407 1950 succedere
1423 1926 1500 1957 ηε,
1524 1911 1568 1949 de
1586 1912 1745 1949 reconci-

261 1962 378 1996 lianda
403 1963 519 2006 gratia
545 1975 649 2008 egere
676 1975 750 1997 cum
775 1964 840 2006 iis,
869 1965 926 2011 qui
948 1965 991 1998 ab
1010 1963 1231 2009 imperatrice
1249 1965 1347 1997 Anna
1366 1962 1600 1996 advenerant:
1624 1965 1660 1994 et
1678 1959 1746 1994 nisi

262 2007 459 2042 obstitisset
476 2009 570 2053 genii
590 2010 733 2044 alicuius
754 2011 833 2045 mali
850 2011 996 2052 invidia,
1021 2013 1170 2045 fortasse
1188 2009 1316 2055 aliquid
1336 2009 1415 2043 boni
1433 2009 1521 2055 ipsis
1541 2007 1745 2042 exstitisset.

263 2055 336 2089 Sed
358 2054 514 2088 nimirum
533 2057 706 2101 oportuit,
735 2057 770 2090 in
788 2057 857 2091 illis
879 2058 1008 2092 furoris
1033 2057 1143 2091 divini
1166 2055 1398 2102 temporibus,
1421 2055 1507 2090 nihil
1527 2054 1668 2089 sceleris
1692 2054 1747 2088 in·-

263 2104 431 2134 teutatum
451 2101 573 2136 omitti.
619 2103 688 2138 Res
715 2108 828 2138 autem
854 2105 905 2139 ita
928 2117 965 2139 se
984 2104 1115 2139 habuit.
1163 2103 1267 2149 (XI.)
1293 2101 1470 2149 Apocauci
1491 2112 1598 2143 uxor,
1623 2101 1666 2135 ab
1683 2100 1748 2134 im-

263 2146 442 2193 peratrice
460 2149 558 2201 Anna
581 2148 753 2184 licentiam
774 2163 849 2184 cum
867 2152 1102 2196 impetrasset,
1127 2150 1359 2185 Gasmulicaiu
1377 2161 1508 2183 omnem
1526 2150 1661 2183 turbam
1684 2147 1747 2181 ad-

267 2198 391 2236 vocat,
415 2198 451 2247 et
469 2195 706 2239 pinguioribus
728 2198 891 2241 pecuniae
911 2198 1150 2243 largitionibus
1170 2196 1375 2243 persuadet,
1400 2202 1439 2230 ut
1459 2195 1574 2230 cuncti
1598 2194 1749 2228 triremi-

267 2240 333 2274 bus
355 2251 397 2274 ea
415 2239 472 2273 die
491 2241 632 2282 relictis,
656 2244 870 2289 sumptisque
886 2244 967 2279 inde
987 2243 1089 2279 armis
1107 2250 1143 2279 et
1163 2244 1241 2278 telis
1257 2255 1479 2289 quaecunque
1494 2242 1659 2284 inessent,
1686 2253 1749 2286 pa-

266 2285 462 2341 latii-illius
490 2298 600 2321 arcem
622 2289 800 2324 obsidione
825 2291 985 2336 cingant,
1009 2292 1123 2337 quoad
1143 2291 1240 2326 facta
1258 2290 1452 2336 irruptione
1473 2301 1532 2323 eos
1561 2288 1749 2330 trucident,

268 2338 439 2387 quuintus
458 2338 651 2376 versentur,
675 2336 758 2369 nulli
781 2338 887 2370 aetati
910 2338 1100 2383 parcendog,
1125 2338 1199 2379 hos,
1223 2342 1263 2372 ut
1280 2336 1491 2378 homicidas3
1516 2335 1605 2377 illos,
1630 2339 1669 2369 ut
1687 2336 1749 2369 lio-

268 2378 468 2434 nncidarufn
486 2380 640 2414 fautores
659 2386 762 2427 atque
782 2384 1054 2419 contubernales.
1095 2385 1148 2419 Ad
1173 2383 1336 2418 eiusmodi
1357 2383 1496 2417 caedem
1516 2394 1593 2416 cum
1610 2381 1669 2416 illa
1686 2383 1749 2416 ho-

269 2437 394 2460 minum
408 2427 758 2462 circumforaneorum
779 2434 814 2463 et
831 2430 1029 2465 stolidorum
1047 2432 1189 2466 dextras
1210 2429 1412 2465 armavisset
1429 2429 1577 2470 liberali,
1601 2432 1641 2462 ut
1659 2427 1752 2462 dixi-

270 2484 356 2526 mus,
377 2473 544 2518 pecuniae
559 2474 781 2518 erogatione3
806 2477 918 2510 multis
937 2478 1040 2511 etiam
1062 2478 1134 2512 vini
1153 2477 1285 2523 poculis
1306 2477 1448 2522 profuse
1468 2487 1527 2510 eos
1545 2475 1751 2520 ingurgitat,

269 2524 311 2553 ut
330 2531 366 2552 m
387 2521 475 2553 hunc
501 2520 636 2554 modum
661 2525 760 2555 recta
778 2522 909 2557 ratione
930 2524 1064 2558 excussi
1087 2525 1272 2558 furentium
1293 2524 1403 2557 instar
1420 2523 1463 2557 ad
1481 2522 1633 2557 homines
1650 2523 1752 2567 iugu-

269 2566 390 2613 landos
415 2570 566 2601 ruerent.
612 2567 751 2601 eumin
773 2580 812 2602 eo
836 2580 891 2602 res
917 2577 1050 2612 essent,
1076 2571 1158 2605 solis
1186 2582 1285 2605 cursu
1308 2569 1526 2604 meridianum
1550 2569 1616 2603 iam
1640 2569 1754 2603 verti-

272 2623 352 2666 cem·
366 2616 629 2657 praetereunte,
652 2625 754 2648 ruere
770 2614 820 2648 illi
840 2620 876 2648 et
893 2620 999 2650 totam
1020 2617 1170 2662 undique
1190 2629 1301 2652 arcem
1323 2616 1594 2657 circumsistere,
1621 2615 1754 2661 clypeis

270 2669 443 2703 annisque
465 2659 619 2694 omnibus
639 2659 819 2703 instructi,
844 2666 880 2695 et
899 2674 994 2697 omne
1017 2664 1193 2698 missilium
1211 2663 1356 2698 telorum
1377 2675 1487 2708 genus
1509 2663 1665 2696 manibus
1683 2662 1754 2696 cir-

270 2705 512 2747 cumferentes,
530 2718 641 2752 eaque
660 2707 770 2741 omnia
789 2707 1024 2751 instrumenta,
1048 2722 1136 2755 quae
1154 2714 1214 2744 aut
1233 2710 1276 2744 ad
1297 2714 1471 2755 portarum
1488 2709 1655 2754 repagula
1672 2720 1755 2742 con-

269 2751 439 2794 vellenda,
464 2757 525 2786 aut
541 2753 584 2788 ad
604 2765 717 2788 muros
736 2754 953 2799 quatiendos,
971 2761 1031 2790 aut
1048 2758 1091 2791 ad
1108 2757 1241 2802 lapides
1261 2769 1281 2791 e
1299 2756 1530 2790 fundamentis
1549 2756 1755 2790 emovendos

271 2797 398 2834 valent.
433 2799 489 2833 Ex
511 2799 564 2834 his
586 2799 644 2836 alii
664 2799 802 2847 quidem
819 2800 906 2836 foris
920 2813 1075 2848 magnam
1095 2803 1239 2839 telorum
1259 2803 1327 2838 vim
1346 2815 1388 2838 ac
1407 2804 1546 2838 densam
1565 2802 1670 2838 veluti
1689 2813 1754 2836 nu-
