1754 3164
167 126 169 128 ’
205 159 340 209 1212
718 161 1225 210 -ANNOTATIONES.

200 273 375 322 Turcos‚
406 271 598 311 Boeotico
618 268 774 324 praelio
796 266 917 309 simul
937 282 1027 308 cum
1051 269 1253 309 Catalanis
1278 267 1528 319 interfuisse3
1561 275 1600 309 et
1619 269 1737 307 Cata-

199 331 316 370 lanos
350 329 538 381 quidem,
568 329 744 368 hostium
767 328 963 378 urbibus,
995 328 1122 379 agris,
1151 328 1370 376 uxoribus,
1402 332 1441 365 et
1469 326 1607 365 liberis
1636 326 1739 379 poti-

198 394 286 437 tos,
319 384 453 426 sedem
483 387 571 425 illic
601 386 757 436 fixisse3
797 386 950 424 Turcas
980 392 1137 433 autem,
1169 385 1312 433 armis,
1353 383 1488 436 equiS,
1518 390 1558 423 et
1585 385 1737 435 reliqua

199 446 308 484 omni
329 444 480 496 praeda
507 451 671 494 auctos,
698 442 793 482 inde
814 443 1058 484 discessisse.
1097 442 1222 482 Aliter
1243 449 1377 481 tamen
1396 442 1608 492 Gregouas.
1635 441 1739 481 Vide

199 507 387 542 annotata
408 515 530 554 supra
552 502 603 541 ad
625 501 747 540 huius
769 500 910 553 capitis
937 506 1032 542 sect.
1059 503 1095 543 1.
1124 513 1216 553 pag.
1241 500 1334 543 153.
1363 512 1517 540 Bonus.

310 561 413 613 Pag-
447 558 555 609 254,
587 562 628 601 3.
688 557 742 599 Οἱ
761 557 805 599 δὲ
829 561 1002 609 Τοῦρκοι
1026 555 1123 611 μετὰ
1153 555 1196 598 τὸ
1215 559 1430 610 διαστῆναι
1455 571 1537 596 των
1563 552 1739 596 Kaukoi-

197 619 304 664 νων]
346 616 439 665 Qua
471 616 521 656 de
556 630 601 657 re
633 629 759 670 supra
790 629 878 669 cap.
910 616 978 658 VI.
1008 622 1106 657 sect.
1140 615 1210 655 VI.
1245 621 1285 654 et
1317 628 1407 668 cap.
1446 614 1534 654 Vn.
1565 619 1662 652 sect.
1699 617 1737 655 1.

196 687 351 714 noxvm.

309 730 408 785 Ρα3.
437 731 544 783 256,
578 733 644 774 16.
700 726 835 772 ’Ὅθεν
864 726 1057 785 ἄραντες]
1115 728 1316 771 Phranzes
1363 728 1436 770 lib.
1474 728 1506 768 Ι.
1544 741 1632 782 cap.
1663 726 1739 768 IX.

196 802 372 829 nucANG.

311 844 548 900 Ρα3.258,
589 844 656 888 15.
717 841 834 887 Κατοέ
873 846 1019 886 τοῦτον
1057 840 1128 886 τὸν
1166 840 1343 899 χρόνον]
1401 842 1602 883 Phranzes
1640 842 1739 882 ibid.

197 917 375 945 DUCANG.

311 960 413 1025 Pag3
442 959 548 1009 259,
576 959 614 1003 5-
681 957 741 1002 Τὸ
757 958 852 1001 ὕπο.
858 956 990 1002 «ἴδιον
1016 954 1170 1014 αυτοῦ]
1210 958 1416 1007 Quaedam
1444 958 1587 998 omissa
1606 958 1687 998 ab
1675 973 1740 997 m-

195 1024 374 1073 terprete
398 1018 441 1056 in
469 1017 656 1057 versione
690 1018 953 1057 restituimus.
1012 1017 1091 1056 Sed
1122 1017 1222 1070 quid
1249 1016 1328 1055 hoc
1362 1017 1455 1055 loco
1481 1030 1565 1055 vox
1588 1013 1739 1058 ὑποπό-

196 1077 287 1118 διον
316 1081 448 1125 sonet,
478 1089 558 1113 non
581 1076 701 1127 plane
724 1089 931 1128 assequor.
960 1075 1099 1141 Neque
1122 1074 1228 1114 enim
1250 1076 1293 1112 in
1314 1074 1503 1123 scabello,
1539 1074 1647 1126 quod
1670 1088 1740 1127 pe-

196 1134 315 1173 dibus
334 1104 623 1183 substernitur,
655 1133 877 1185 quidquam
903 1132 1015 1184 pingi
1038 1132 1178 1171 debuit
1195 1132 1262 1171 vel
1279 1132 1427 1185 potuit,
1459 1132 1586 1170 multo
1608 1132 1739 1171 minus

194 1192 325 1243 imago
354 1189 592 1255 servatoris,
622 1203 745 1241 quam
766 1204 856 1229 cum
880 1189 1089 1243 discipulis
1116 1203 1275 1228 mensae
1306 1189 1634 1229 accumbentibus
1671 1203 1741 1227 su-

194 1263 271 1303 pra
293 1247 521 1288 thr'onum
509 1261 642 1300 ipsum
661 1248 784 1299 vulgo
805 1246 976 1287 effictam
991 1246 1283 1286 observamus
1273 1261 1313 1284 m
1339 1247 1469 1286 Gloss.
1487 1248 1594 1286 med.
1614 1248 1740 1286 Grae-

196 1306 265 1347 cit.
289 1305 333 1344 in
355 1319 393 1344 v.
417 1301 585 1360 Θρόνος.
630 1305 688 1343 De
717 1305 913 1345 eiusmodi
943 1304 1214 1358 suppedaneis
1241 1304 1335 1344 vide
1363 1304 1420 1343 ibi
1445 1318 1607 1344 rursum
1632 1305 1675 1343 in
1700 1317 1738 1343 v.

195 1362 470 1405 Σουππέὸιον.
527 1375 705 1402 noema.

314 1423 411 1473 Pag.
443 1419 551 1470 259,
584 1422 650 1462 12.
706 1417 752 1461 ‘O
774 1418 818 1461 δὲ
838 1417 1086 1475 πατριάρχης
1106 1415 1398 1472 δυσχερανας..
1434 1417 1532 1461 ,τὸν
1549 1434 1738 1474 πατριαρ-

194 1475 308 1532 χικόν
334 1474 424 1518 εὕθ.
447 1474 708 1532 παρῃτήσατο
731 1473 915 1531 θρόνον]
951 1480 1053 1518 Ecce
1082 1477 1192 1516 illius
1217 1478 1479 1517 abdicationis
1512 1478 1738 1526 formulam,

196 1550 248 1575 ex
271 1535 370 1575 cod.
395 1535 492 1587 Reg.
517 1535 662 1575 Teller.
690 1535 762 1575 fol.
789 1539 885 1578 104.
915 1549 958 1577 V.
993 1535 1250 1588 descriptam.
1299 1538 1743 1577 ΠΑΡΑΙΤΗΣΙΣ

199 1596 333 1635 ΤΗΣ
363 1595 728 1633 ΔΕΥΤΕΡΑΣ
761 1595 846 1634 ΠΛ
862 1595 1297 1634 ΤΡΙΛΡΧΕΙΑΣ.
1343 1596 1425 1646 Τῆς
1457 1595 1638 1647 Χριστοῦ
1669 1592 1739 1633 ἐκ·-

194 1651 382 1703 κλησίας,
414 1646 476 1699 οἷς
506 1645 625 1699 αυτός
655 1646 741 1691 οἶδε
769 1652 957 1705 κρίμασι,
987 1650 1056 1692 καὶ
1087 1646 1411 1720 ὃευτερόπρωτον
1432 1667 1508 1704 την
1539 1651 1740 1704 φροντίδα

195 1704 492 1761 διαδεξαμενοι,
524 1711 609 1756 τοῖς
621 1707 686 1757 εἷς
704 1723 825 1749 τουτο
848 1706 1195 1763 προτρεψαμένοις
1210 1704 1460 1778 οἷρχιερεῦσιν
1480 1707 1581 1760 υμῖν
1603 1707 1740 1761 (υμεῖς

194 1762 272 1820 γοῖρ
294 1762 458 1818 ἐκεῖνοι)
490 1781 545 1814 ως
571 1763 642 1806 καὶ
671 1764 767 1817 περὶ
795 1765 915 1819 ’ἡμῶν
943 1764 1293 1819 προνοησαμένοις
1320 1763 1370 1806 τὰ
1398 1767 1582 1819 κρείττω,
1613 1765 1637 1807 ό
1665 1768 1739 1818 τῆς

194 1823 409 1876 ἐκκλησίας
423 1819 525 1871 θεὸς
539 1817 843 1875 ανταμείψαιτο,
872 1822 942 1864 καὶ
966 1820 1137 1877 μαλιστα
1161 1825 1222 1893 τῷ
1251 1828 1470 1875 θεοστεφεῖ
1494 1824 1653 1876 βασιλεῖ
1670 1823 1739 1864 καὶ

197 1879 300 1951 αγίῳ
330 1895 410 1951 μου
440 1876 729 1934 αὐτοκράτορι,
779 1877 964 1935 ἀρχῆθεν
999 1880 1091 1951 περὶ
1119 1896 1196 1933 την
1227 1880 1442 1933 ἐκκλησίαν
1471 1879 1736 1951 ἐνδειξαμὲνῳ

194 1953 267 1978 τον
294 1933 386 1978 κατ’
416 1936 633 1992 ἐπίγνωσιν
665 1940 786 2008 ζῆλον
823 1938 893 1979 καὶ
932 1935 1117 1992 σπουὸην
1153 1936 1223 1978 καὶ
1261 1934 1489 1991 οἷναδοχην,
1526 1938 1595 1978 καὶ
1631 1934 1735 1978 καθ’

195 1991 369 2063 ἓκαστην
399 1994 694 2068 ἐνδεικνυμένῳ
727 1991 868 2052 ἀρίστη
900 1996 1042 2050 φρενί·
1083 1990 1142 2037 δι’
1170 2010 1225 2048 ην
1254 1995 1325 2036 καὶ
1352 2011 1473 2049 ημων
1504 1991 1555 2037 ου’
1585 1994 1736 2037 διέλιπε

195 2048 408 2105 κη’δεσθαι,
429 2051 611 2101 ἐπαίνοις
630 2051 699 2094 καὶ
718 2049 938 2106 εὐφημίαις
957 2053 1256 2120 καταγεραίρειν
1274 2050 1386 2107 (fort.
1406 2054 1736 2125 καταγεραίρων),

195 2108 267 2151 καὶ
296 2112 453 2159 στολαῖς
483 2110 751 2179 ἰεραρχικαῖς,
787 2110 857 2151 καὶ
895 2111 1022 2165 ἱεραῖς
1052 2106 1180 2152 εἰκόσι
1208 2115 1296 2159 ταῖς
1325 2108 1423 2164 μετοῖ
1451 2108 1625 2163 κόσμου,
1667 2111 1736 2151 καὶ

197 2161 443 2221 εὐεργεσίαις
482 2163 729 2235 ἆσυγκρίτως
765 2184 843 2221 την
884 2167 1098 2221 ἐκκλησίαν
1140 2171 1449 2209 καταπλουτῶν·
1493 2185 1547 2217 ως
1586 2166 1735 2209 οὔποτε

196 2239 281 2265 των
309 2221 661 2295 navocaozoiiv’voev
689 2223 801 2274 τινός
831 2224 942 2296 (fort.
964 2223 1074 2277 τινα)
1105 2221 1303 2267 τοιούτων
1333 2225 1610 2268 ἐπαπολαῦσαι
1630 2241 1735 2280 προς

196 2297 281 2322 των
310 2277 511 2322 ανέκαθεν
541 2278 721 2336 εὕσεβων
749 2282 819 2324 καὶ
848 2279 1101 2354 ὀρθοδόξων·
1146 2283 1184 2324 εἰ
1214 2279 1273 2336 μή
1299 2299 1381 2324 που
1409 2282 1478 2324 καὶ
1506 2299 1584 2337 την
1613 2284 1734 2337 παρί-

197 2349 323 2380 σωσιν
356 2353 459 2407 προς
486 2341 543 2394 τῷ
570 2337 715 2381 τούτου
722 2340 865 2410 πατρι
894 2357 996 2382 κατα
1024 2343 1206 2394 πνεῦμα,
1249 2343 1309 2394 τῷ
1338 2338 1494 2396 μεγαλῳ
1528 2340 1635 2393 φημὶ
1663 2340 1734 2381 καὶ

197 2392 455 2465 ἰσαποστολῳ
481 2380 721 2438 εἰκάσειεν’
705 2395 756 2438 οἶν
785 2415 866 2450 τις,
909 2399 953 2440 ἒν
990 2403 1077 2448 ταῖς
1114 2395 1216 2439 navo?
1245 2395 1313 2438 τὸν
1343 2398 1386 2439 ἐν
1417 2397 1548 2452 ἁγίοις
1576 2398 1733 2439 ἐκεῖνον

195 2458 331 2506 τιμαῖς
361 2450 574 2525 ἱερωτατον
589 2455 869 2526 Σίλβεστρον
900 2457 937 2497 εἰ
963 2450 1155 2497 κακείνου
1187 2451 1302 2510 (fort
1327 2455 1365 2497 εἰ
1383 2455 1453 2496 καὶ
1475 2454 1657 2525 ἐκείνου)
1685 2471 1731 2496 το

196 2510 321 2581 μέσον
359 2526 463 2565 προς
490 2507 540 2551 τὰ
567 2509 764 2581 ημὲτερα,
805 2510 904 2555 όσον
942 2509 1104 2562 ακτῖνος
1138 2511 1311 2581 ηλιακῆς
1347 2529 1445 2563 τους
1471 2510 1574 2567 πρὸς
1603 2509 1732 2565 αὐτην

196 2564 466 2618 ἀτενίζοντας·
518 2564 578 2609 δι’
612 2565 638 2609 ἃ
676 2569 746 2610 καὶ
779 2569 1132 2639 πλουσιοπαρόχως
1174 2565 1473 2624 ανταμειφθείη
1518 2586 1621 2624 προς
1657 2573 1733 2611 τοῦ

195 2621 497 2675 παντᾶνακτος,
537 2623 650 2667 καθα
678 2629 738 2682 τῷ
766 2624 922 2684 μεγαλῳ
953 2629 1092 2686 ἐκείνω
1123 2627 1165 2670 ἐν
1194 2628 1404 2681 βασιλευσι
1432 2645 1481 2669 τα
1512 2627 1628 2682 γέρα,
1661 2626 1730 2668 καὶ

194 2698 344 2739 πρωτῳ
374 2683 418 2725 ἐν
448 2678 692 2737 ὄρθοδόξοις
718 2683 1012 2728 νπολεανθὲντι
1047 2688 1163 2742 πηλῷ
1202 2689 1419 2727 πλατειῶν·
1458 2686 1502 2728 ἐν
1533 2685 1576 2726 δέ
1606 2701 1651 2739 γε
1679 2688 1730 2739 τῇ

193 2741 379 2813 βασιλείᾳ
410 2743 587 2794 Χριστου
612 2740 753 2797 ἐκείνῳ
794 2748 1129 2797 συνευωχεῖσθαι,
1169 2741 1240 2784 καὶ
1278 2743 1322 2785 ἐν
1359 2746 1447 2798 θεῷ
1483 2738 1728 2813 γαννυσθαι.

193 2793 304 2838 Ἀλλ’
331 2794 429 2853 όπερ
459 2797 529 2839 καὶ
557 2795 685 2868 λέγειν
693 2783 949 2868 ,ἐξώρμημαμ
979 2799 1079 2854 πρὸς
1107 2798 1167 2843 τὸ
1178 2816 1251 2853 της
1281 2801 1482 2872 ἷεραρχίας
1511 2796 1728 2841 οἷνατεθέν-

195 2870 258 2904 τες
284 2853 403 2909 ημεῖς
430 2852 612 2910 υψηλόν,
662 2853 755 2899 οὔτε
791 2858 1096 2914 διηγωνίσμεθα
1130 2873 1233 2913 προς
1268 2855 1312 2900 τὸ
1348 2857 1452 2914 μέγα
1478 2854 1727 2912 πρεπόντως,
