1794 3172
250 114 352 164 974
657 119 974 166 NICEPHORI
1002 118 1326 164 GREGORAE

34 244 74 277 A.
90 243 134 276 M.
152 232 320 279 6859καὶ
351 227 515 275 αῗῶνιον
542 231 609 274 καὶ
641 229 804 287 ἀγαθὸν
838 230 905 272 καὶ
941 229 1231 287 δημιουργικὸν
1265 231 1332 273 καὶ
1365 229 1417 274 τὰ
1448 234 1621 275 τοιαῦτα
1656 229 1730 274 οὗ-

88 291 156 323 Ind'
172 294 196 325 4
252 299 411 352 σιώδεις
431 300 636 358 διαφορὰς
653 299 832 354 εἴποιμεν
854 300 918 341 ἐπὶ
941 303 1068 353 θεοῦ,
1107 299 1153 343 τὸ
1177 301 1220 342 ἐκ
1240 298 1451 344 τοσούτων
1473 302 1731 357 συγκείμενον

256 372 333 426 οὐχ
350 369 506 414 ἁπλοῦν
526 370 639 413 ἔσται
649 402 662 423 ,
688 368 795 412 ἀλλὰ
819 366 1022 412 σύνθετον
1035 383 1044 393 ·
1083 367 1183 427 ὅπερ
1201 367 1378 426 ἐσχάτης
1400 369 1590 424 ἀσεβείας
1608 371 1728 413 ἐστίν.

255 439 381 500 ὃρᾷςς
452 437 569 498 (H.)
604 441 658 482 Εἷ
687 438 730 482 δ’
764 437 897 489 οὕτως
929 439 993 481 ἐπὶ
1022 436 1330 492 τούτων,.πῶς
1362 439 1406 482 δ’
1443 439 1518 483 οὐκ
1549 438 1599 482 ἂν
1632 439 1732 482 κάπὶ

214 508 408 558 Ὲδυάδος
435 506 587 563 ὅμοίως
613 509 784 565 νοηθείη
817 505 963 564 διπλόη
993 526 1056 559 τις
1077 511 1144 551 καὶ
1165 508 1347 567 διαφορὰ
1373 513 1448 566 τῆς
1464 507 1760 565 ὖποκειμὲνηςό

257 579 402 628 οὐσίας
427 578 531 635 πρὸς
561 578 637 635 τὴν
670 578 894 636 ἐνέργειαν,
933 579 1019 621 ἐκεῖ
1044 575 1247 636 διάφορον
1276 578 1384 622 κατὰ
1416 579 1489 622 τὸν
1517 582 1734 634 Παλαμᾶν

259 644 415 703 οὗσανς
451 645 476 705 ἦ
505 648 582 707 γὰρ
607 648 710 698 δυὰς
732 647 807 703 οὐχ
825 645 895 701 ἓν,
931 646 1028 690 οὐδ’
1059 645 1240 702 ἁπλοῦν,
1274 648 1371 692 οὐδ’
1397 648 1600 705 ἄναρχον,
1637 647 1731 692 οὐδ’

260 717 451 775 ἄπειρον,
491 717 596 760 ἀλλὰ
621 715 824 762 σύνθετον
843 717 1206 775 ε’κπεπερασμένον.
1280 717 1374 776 (Θ.)
1411 717 1532 775 Πρὸς
1550 718 1627 775 γὰρ
1648 724 1736 768 τοΐς

259 786 401 838 ἄλλοις
419 785 527 831 καὶὸ
545 792 661 838 θεῖος
682 784 781 830 τάδε
800 789 890 845 περὶ
910 791 992 830 τῶν
1011 785 1209 831 τοιούτων
1228 788 1388 838 διέξεισι
1411 786 1623 842 Μάξιμος.
1671 784 1735 842 ,,ἧ

258 857 361 907 δυὰς
385 855 476 900 οὔτ’
502 855 691 915 ἄπειρος,
725 855 817 900 οὔτ’
845 856 1044 914 ἄναρχος,
1077 856 1171 900 οὔτ’
1194 856 1409 913 ἀκίνητος,
1443 856 1535 900 οὕτε
1556 857 1639 914 μὴν
1659 856 1736 914 ἀρ-
1749 867 1794 901 10

106 916 147 972 Ϊ).
168 936 238 973 612
256 927 310 983 χὴ
332 924 518 970 καθόλου
532 926 642 976 τινὸς
661 924 762 970 εἶναι
783 924 1042 982 δυνήσεται.”
1078 928 1147 969 καὶ
1166 924 1311 969 πάλιν·
1330 927 1498 980 ,,οὗδεὶς
1511 928 1567 980 δὲ,
1590 944 1738 982 μεμοι-

261 995 437 1054 ραμένος
469 993 659 1039 ὁπωσοῦν
680 1001 754 1039 τοῦ
783 997 1040 1052 λογίζεσθαι,
1076 996 1179 1039 εἴποι
1202 995 1252 1039 ἂν
1277 995 1444 1054 ἄπειρον
1475 995 1597 1050 εἶναι,
1638 990 1671 1055 ᾧ
1695 997 1739 1047 ἐξ

261 1065 396 1108 ἀϊδίου
419 1067 718 1123 συνθεωρεῖταί
731 1083 768 1108 τι
787 1064 813 1121 ἢ
835 1070 1196 1122 συνεπιθεωρεΐται
1219 1066 1306 1109 κατ’
1329 1066 1474 1109 οὐσίαν
1493 1064 1739 1123 διάφορον.”

263 1136 331 1178 καὶ
351 1134 445 1190 μετ’
469 1134 631 1191 ὀλίγον·
666 1134 807 1188 ,,καθ’
834 1134 881 1177 ὃν
907 1135 985 1192 γὰρ
1016 1134 1195 1189 εἴποιμεν
1223 1133 1343 1191 λόγον
1373 1135 1399 1191 ἢ
1431 1134 1586 1193 τρόπον
1611 1133 1740 1178 δύνα-

264 1205 374 1247 σθαί
393 1221 432 1246 τι
454 1204 591 1259 ἕτερον
617 1203 731 1263 αὐτῷ
755 1203 850 1247 κατ’
872 1204 1015 1247 οὐσίαν
1037 1202 1239 1262 διάφορον
1258 1203 1629 1261 παραβάλλεσθαι,
1666 1204 1738 1247 τὸν
1753 1211 1794 1248 15

265 1271 363 1317 ὅλον
381 1277 456 1329 τῆς
476 1272 574 1329 ὅλης
593 1273 778 1331 ἀπειρίας
801 1273 913 1333 αὐτῷ
940 1275 1304 1338 συναφαιροίμεθα
1326 1272 1457 1330 λόγον.
1497 1276 1532 1318 εἴ
1551 1274 1595 1317 δ’
1623 1273 1740 1317 ἄπει-

227 1353 344 1400 Βρον
373 1339 474 1386 εἶναι
504 1342 552 1386 οὗ
588 1340 784 1397 δύναται,
824 1337 857 1403 ᾧ
892 1344 934 1395 ἐξ
970 1342 1104 1386 ἀϊδίου
1134 1341 1382 1400 συνυπάρχει
1411 1342 1547 1400 ἕτερόν
1573 1362 1611 1387 τι
1643 1343 1737 1386 κατ’

117 1421 157 1458 V.
174 1420 243 1460 495
267 1411 412 1455 οὐσίαν
433 1409 659 1470 διάφορον,
695 1411 862 1470 ἄπειρον
884 1409 986 1455 εἶναι
1014 1412 1208 1468 οὐδαμῶς
1228 1413 1429 1468 ἐνδέχεται
1457 1411 1637 1457 δυάδα.”
1673 1414 1742 1456 καὶ

268 1480 476 1536 ἀλλαχοῦ·
513 1480 665 1535 »οὐδὲν
695 1486 779 1525 τῶν
810 1480 939 1525 ὄντων
967 1481 1169 1539 ἄναρχον,
1207 1476 1240 1541 ᾧ
1263 1482 1401 1540 ἕτερον
1430 1490 1738 1534 συνεπινοεῖται,

261 1550 360 1594 οὐδ’
385 1550 711 1609 ἀπερίγραπτον,
749 1544 797 1595 οὗ
817 1569 855 1594 τι
877 1551 1013 1608 ἕτερον
1035 1556 1369 1608 προεπινοεΐσθαι
1391 1550 1606 1597 δύναται.”
1642 1555 1677 1596 εἰ
1695 1552 1794 1598 (5520

266 1635 329 1669 τις
359 1619 417 1676 μὴ
447 1619 742 1680 ῥαθυμοτέραν
776 1637 864 1671 πως
892 1620 981 1676 ἔσχε
1011 1619 1126 1672 τάξιν
1153 1622 1248 1679 περί
1262 1638 1306 1678 γε
1333 1621 1386 1665 τὰ
1405 1626 1601 1676 τοιαῦτα,
1639 1622 1743 1665 ἀνα-

265 1686 410 1746 γνώτω
429 1691 496 1732 καὶ
524 1694 598 1746 τῆς
623 1692 714 1749 περὶ
738 1692 957 1748 θεολογίας
987 1688 1258 1741 ἑκατοντάδος
1287 1693 1463 1735 τουτουῖ·
1484 1696 1559 1735 τοῦ
1592 1691 1743 1750 ἀνδρὸς

359 1799 418 1835 11.
440 1798 609 1838 καθόλου
630 1801 729 1839 Boiv.
750 1813 814 1848 pro
839 1798 935 1838 καθ’
957 1797 1059 1837 ὅλου.

267 1900 489 1935 corporeum,
512 1895 548 1927 et
567 1893 777 1936 immortale,
802 1898 838 1928 et
857 1897 1031 1928 aeternum
1044 1919 1054 1935 ,
1081 1897 1116 1928 et
1136 1894 1272 1936 bonurn,
1297 1897 1333 1928 et
1351 1893 1491 1928 creandi
1510 1893 1578 1929 vim
1598 1893 1741 1936 habens,

267 1941 305 1970 et
327 1935 394 1970 alia
410 1936 589 1981 eiusmodi,
612 1940 649 1974 in
668 1941 742 1974 Deo
764 1941 1006 1974 substantiales
1025 1940 1239 1974 differentias
1261 1952 1338 1975 esse
1360 1940 1562 1982 dixerimus,
1586 1940 1679 1986 quod
1700 1951 1745 1974 ex

267 1986 322 2016 tot
339 1983 441 2016 rebus
459 1986 650 2028 constabit,
673 1987 709 2020 id
728 1998 793 2021 non
814 1987 957 2032 simplex
977 1985 1065 2028 erit,
1091 1987 1151 2020 sed
1171 1988 1410 2033 compositum3
1436 1987 1529 2032 quod
1554 1991 1608 2022 est
1628 1991 1744 2021 extre-

270 2040 350 2082 mae
364 2028 562 2074 impietatis.
595 2032 730 2067 Vides?
775 2033 909 2077 (VIII.)
934 2035 980 2067 At
1009 2033 1040 2066 si
1066 2033 1101 2067 in
1131 2033 1184 2067 his
1213 2034 1264 2068 ita
1284 2046 1321 2068 se
1342 2045 1397 2068 res
1418 2034 1542 2076 habet,
1567 2034 1686 2079 quidni
1708 2037 1745 2068 et

269 2074 307 2109 in
327 2073 392 2117 iis,
416 2087 504 2121 quae
525 2077 591 2112 duo
612 2084 711 2121 sunt,
738 2078 868 2122 pariter
888 2079 1072 2124 duplicitas
1102 2079 1217 2125 aliqua
1241 2084 1276 2114 et
1296 2079 1494 2114 differentia
1519 2080 1744 2125 intelligatur,

271 2121 487 2156 substantiae
511 2123 674 2160 videlicet
697 2125 892 2168 subiectae,
918 2131 954 2160 et
979 2125 1214 2172 operationis,
1250 2138 1339 2172 quae
1370 2126 1442 2160 illic
1469 2126 1653 2161 secundum
1676 2126 1748 2161 Pa-

270 2167 393 2202 lamam
414 2168 552 2204 diversa
578 2182 634 2205 res
652 2172 735 2206 est?
778 2171 870 2206 Nam
891 2183 978 2218 quae
1001 2177 1056 2207 est
1081 2172 1229 2218 duplex,
1255 2184 1297 2207 ea
1314 2184 1378 2207 nec
1398 2184 1484 2215 una,
1509 2185 1571 2207 nec
1591 2173 1746 2218 simplex,

271 2225 338 2248 nec
359 2213 527 2260 principio
548 2228 688 2259 carens,
712 2229 775 2252 nec
789 2217 924 2252 infinita
939 2231 994 2253 res
1014 2223 1080 2261 est,
1101 2219 1163 2253 sed
1181 2219 1370 2265 composita
1384 2224 1420 2254 et
1436 2218 1546 2254 finita.
1583 2219 1684 2264 (IX.)
1697 2221 1744 2253 Ac

231 2261 235 2265 “
273 2266 415 2306 praeter
431 2261 516 2296 alios
534 2261 633 2297 divus
653 2263 820 2298 Maximus
840 2265 904 2299 hac
926 2265 970 2300 ‹le
989 2278 1028 2300 re
1047 2266 1098 2300 sic
1116 2265 1277 2311 loquitur.
1324 2265 1442 2311 „quod
1459 2270 1513 2299 est
1527 2265 1673 2310 duplex,
1709 2265 1746 2299 id

272 2318 338 2342 nec
361 2306 530 2343 infinitum
555 2312 629 2351 est,
653 2322 715 2345 nec
737 2310 906 2355 principio
926 2323 1047 2346 carens
1060 2337 1070 2357 ,
1099 2324 1161 2346 nec
1183 2312 1352 2346 immobile
1365 2336 1375 2355 ,
1398 2323 1509 2357 neque
1528 2311 1631 2346 etiam
1652 2311 1748 2356 prin-

273 2353 399 2399 cipium
419 2354 519 2389 ullius
539 2356 591 2390 rei
610 2367 687 2390 esse
708 2357 872 2402 poterit.''
921 2357 1076 2393 Rursus:
1102 2370 1225 2401 „nemo
1251 2362 1384 2400 autem,
1407 2358 1551 2392 rationis
1572 2364 1747 2403 utcunque

273 2399 471 2446 particeps,
502 2401 669 2438 infinitum
700 2414 776 2437 esse
799 2403 884 2438 illud
919 2404 1064 2447 dixerit,
1098 2406 1155 2440 cui
1187 2404 1318 2450 aliquid
1351 2404 1544 2439 substantia
1571 2405 1746 2439 diversum

274 2446 485 2482 coexsistens
502 2448 560 2483 vel
580 2448 789 2484 inexsistens
808 2449 1046 2496 intelligitur?
1075 2451 1124 2486 Et
1142 2451 1242 2497 paulo
1264 2454 1365 2496 post:
1388 2451 1538 2493 „etenim
1560 2451 1590 2485 si
1608 2462 1675 2497 qua
1686 2462 1747 2485 ra-

274 2493 388 2535 tione,
412 2497 471 2529 aut
493 2494 523 2529 si
546 2494 613 2530 ullo
635 2495 734 2530 modo
755 2496 846 2530 aliud
870 2497 953 2541 quid
978 2498 1172 2532 substantia
1190 2497 1360 2532 diversum
1379 2509 1483 2543 posse
1502 2497 1536 2532 ei
1555 2496 1747 2542 comparari

274 2539 481 2583 diceremus,
506 2541 570 2576 hoc
585 2541 660 2587 ipso
677 2542 782 2576 totius
797 2543 979 2578 infinitatis
995 2549 1101 2579 totam
1119 2543 1283 2578 rationem
1300 2543 1399 2578 simul
1415 2545 1458 2578 ab
1478 2556 1518 2578 eo
1539 2544 1746 2578 tolleremus.

277 2586 381 2626 Quod
404 2587 435 2620 si
453 2587 619 2623 infinitum
646 2600 722 2623 esse
746 2589 827 2623 illud
859 2601 925 2624 non
945 2595 1082 2636 potest,
1106 2590 1162 2625 cui
1181 2591 1223 2625 ab
1245 2594 1384 2625 aeterno
1413 2590 1591 2625 coexsistit
1616 2589 1746 2634 aliquid

277 2633 470 2667 substantia
496 2634 687 2677 diversum,
711 2635 802 2669 nullo
828 2647 976 2681 unquam
1001 2637 1100 2671 modo
1125 2638 1323 2682 continget,
1347 2639 1386 2671 ut
1411 2637 1503 2683 quod
1532 2636 1659 2682 duplex
1679 2641 1746 2677 est,

276 2677 312 2711 id
331 2678 378 2712 sit
392 2679 594 2715 infinitum.’'
640 2681 689 2716 Et
706 2681 807 2716 alibi:
833 2683 986 2724 „nullum
1005 2696 1064 2718 ens
1089 2691 1141 2718 est
1160 2683 1318 2729 principii
1336 2694 1481 2726 expers,
1506 2683 1560 2717 cui
1582 2681 1675 2717 aliud
1693 2682 1748 2715 in—

275 2725 444 2760 exsistens
459 2727 728 2773 cointelligitur3
751 2739 815 2762 nec
835 2729 1175 2775 incircumscriptum,
1200 2741 1266 2775 quo
1289 2729 1369 2774 quid
1393 2730 1487 2775 prius
1504 2728 1650 2773 intelligi
1670 2733 1747 2772 pot-

276 2770 364 2804 est-’³
414 2772 514 2813 Quod
534 2775 564 2808 si
583 2774 659 2820 quis
679 2774 723 2808 ad
741 2786 782 2810 ea
802 2774 1005 2820 inquirenda
1025 2777 1162 2821 segnior
1181 2775 1270 2810 haud
1292 2775 1417 2819 fuerit,
1441 2776 1537 2821 legat
1555 2787 1597 2810 cx
1614 2780 1748 2808 centum

276 2817 471 2863 capitibus,
496 2831 584 2866 quae
605 2821 661 2856 hic
676 2821 730 2857 vir
750 2821 794 2856 (le
819 2821 993 2867 theologia
1022 2823 1183 2870 scripsit,
1206 2821 1366 2864 tertium,
1391 2828 1572 2868 quartum,
1595 2821 1745 2868 quintum
