1754 3164
227 110 360 160 1218
760 72 1243 163 ANNoTA‘rmNEs}

222 223 294 267 καὶ
322 226 417 281 σιγῇ
446 225 605 295 μᾶλλον
629 221 712 266 ἔστι
738 225 824 272 τοῖς
851 220 978 294 ὅρῶσι
1003 224 1088 265 τοῖν
1116 217 1336 277 θεαμάτων
1354 227 1629 295 κατατρυφᾶν,
1657 222 1689 279 ἢ
1708 222 1754 269 λό

220 298 310 351 γοις
340 281 529 332 διεξιέναι
555 297 606 322 τα
636 280 704 322 καὶ
734 278 880 335 λόγους
910 296 1060 330 αυτους
1087 280 1399 335 ὑπερβαίνοντα.
1431 279 1530 324 ου’δὲ
1551 281 1628 339 γάρ
1658 282 1754 334 άπαξ

221 337 366 408 μόνον
382 337 411 393 ἢ
439 338 508 380 καὶ
536 336 766 388 πλειστάκις
797 338 904 380 ἐστιν
944 334 1083 380 ἰδόντα
1111 342 1262 390 ταῦτα,
1305 339 1376 381 καὶ
1408 336 1508 394 μεθ’
1536 340 1754 396 υπερβολῆι

220 394 516 451 θαυμάσαντα,
527 393 733 467 άγαπαν·
765 392 857 437 ἄλλ’
885 392 986 438 όσον
1016 394 1068 438 ἅν
1097 413 1157 446 τις
1184 397 1254 438 καὶ
1283 397 1445 451 βλέποι,
1477 401 1630 452 μᾶλλον
1658 404 1754 440 θαυ

219 452 357 510 μάζει·
395 453 465 496 καὶ
492 452 581 496 τότε
609 469 772 510 πρωτον
804 453 908 522 ὅρᾷν
937 453 1116 509 ἡγεῖται,
1156 451 1223 497 ὅτε
1250 454 1322 496 καὶ
1350 453 1555 523 παραστας
1584 456 1754 514 ἐντρυφὸ

217 517 304 562 τοῖς
331 508 560 583 θεάμασιν,
592 513 629 554 εἶ
656 511 726 554 καὶ
754 508 948 561 πολλάκις
977 509 1058 554 εἶδέ
1084 529 1126 555 τε
1154 511 1226 553 καὶ
1254 509 1499 567 τεθαύμακε.
1540 514 1635 586 περὶ
1663 518 1754 569 γοῦι

217 567 366 612 τούτου
400 567 524 613 τόσον
564 566 699 639 άπέχω
735 569 887 640 λέγειν,
923 566 1021 612 όσον
1050 571 1118 612 καὶ
1150 567 1387 625 ἄφθεγκτον
1414 569 1559 621 κάλλος
1586 571 1754 626 ἦγοῦμα

216 631 338 670 τοῦτο
368 628 438 670 καὶ
466 624 685 683 μυστικόν·
715 627 786 670 καὶ
814 625 839 670 ὃ
868 631 959 684 θεῷ
989 624 1102 684 μόνω
1132 627 1288 683 πρέπει,
1316 645 1436 671 τουτο
1467 628 1661 698 δευτέρως
1682 646 1754 671 κατ

217 684 392 740 ἐμαυτόν
432 685 537 741 ἔχειν
574 682 772 755 πιστεύω,
812 702 857 727 το
888 670 1008 727 θέῖον
1040 689 1159 728 τοῦτο
1199 685 1269 727 καὶ
1292 684 1414 758 ἱερὸν
1453 683 1668 741 σκήνωμα·
1711 704 1754 738 ως

217 744 328 800 εἴπερ
358 743 467 786 ἐστὶν
496 745 541 787 έν
564 741 859 816 χειροποιήτοις
886 748 1003 793 ναοῖς
1031 748 1233 786 κατοικεῖν
1260 741 1329 786 τὸν
1348 742 1459 796 θεὸν,
1489 747 1636 787 τοῦτον
1660 742 1754 786 εἶναι

215 801 286 844 καὶ
315 798 445 856 μόνον
475 798 601 844 αυτόν
631 798 826 844 ἁπάντων
854 805 936 843 τῶν
963 800 1048 844 ὕπο
1079 799 1210 856 ήλιον.
1244 799 1290 843 ὃν
1321 798 1364 844 δ’
1393 802 1475 844 ἔστι
1503 802 1665 856 βλέπειν
1697 800 1754 845 ἐπ

216 855 409 934 άριστερᾷ
445 857 517 902 τόν
555 877 659 902 νεων
699 861 897 902 εἰσιοῦσιν
936 859 977 910 ἐξ
1008 859 1189 915 άρμογῆς
1224 860 1356 902 λίθων
1386 856 1601 930 ἱστάμενον
1630 861 1754 903 κίονα

214 918 285 959 καὶ
313 915 385 960 τὸν
415 914 483 960 ἐπ’
513 914 645 960 αυτοῦ
673 914 918 991 άνδριάντα,
956 917 1173 986 τολμητέον
1208 919 1354 959 δοῦναι
1382 923 1468 969 τοῖς
1496 914 1655 973 λόγοις,
1694 935 1754 960 και

214 978 341 1017 ταῦτα
359 980 631 1049 παραστῆσαι
670 979 726 1032 τῷ
755 994 810 1030 μη
850 972 997 1027 ἰδόντι,
1040 972 1224 1045 καθόσον
1253 972 1341 1017 οἷόν
1369 992 1422 1018 τε.
1469 976 1547 1030 ε’χει
1575 993 1652 1031 γαρ
1685 971 1754 1019 ὥδέ

213 1050 294 1087 πη,
337 1050 393 1084 ως
429 1051 451 1076 ο
494 1030 615 1103 λόγος
652 1019 852 1084 διέξεισιν.
910 1030 1079 1075 Αὕλεων
1119 1034 1160 1083 ἐξ
1199 1030 1367 1106 άρχαίου
1404 1037 1473 1106 τῷ
1492 1035 1596 1091 θείῳ
1634 1031 1754 1090 τούτῳ

213 1094 295 1148 νεῷ
313 1088 610 1146 οἰκοδομήμασι
629 1093 842 1151 δημοσίοις
862 1093 1204 1161 περιτετείχισται·
1232 1107 1282 1132 ου
1303 1090 1427 1144 μέσον
1447 1090 1473 1133 ό
1493 1076 1754 1146 Αὕγουστεωιι

213 1149 391 1191 ισταται·
420 1149 490 1191 καὶ
520 1149 628 1191 ἔστιν
658 1151 789 1201 οὗτος,
818 1145 1058 1220 Αὐγούστου
1084 1145 1208 1203 στήλη
1235 1145 1535 1201 Ἰουστινιανοῦ,
1567 1150 1624 1198 εἰς
1641 1147 1754 1203 τιμῆι

214 1206 355 1249 ἐκείνω
395 1212 612 1259 σταθεῖσα,
651 1205 742 1263 ἄρτι
778 1210 862 1248 τῶν
900 1223 1002 1248 κατα
1042 1210 1216 1278 Περσων
1251 1203 1394 1248 πόνων
1429 1205 1754 1260 ὖπανακύψαντι.

213 1250 385 1338 βάθρον
409 1265 453 1306 ἐκ
455 1268 552 1337 γῆς
581 1264 775 1319 ’ὗπανέχει
801 1281 873 1306 τον
903 1262 1120 1306 κίονα.τὸ
1140 1262 1184 1305 δὲ
1214 1260 1397 1333 βάθρον,
1435 1266 1625 1318 κλίμακες
1649 1264 1754 1334 μέχρι

212 1322 284 1364 καὶ
306 1322 347 1372 ές
366 1320 465 1364 ἑπτα
488 1324 694 1377 βαθμίδας
718 1326 865 1375 λευκῆς
886 1319 1100 1394 μαρμάρου
1133 1317 1466 1391 ανῳκοδόμηνται
1489 1321 1552 1376 (τά
1583 1321 1626 1364 δὲ
1651 1320 1754 1364 κάτω

212 1383 293 1422 τῶν
323 1382 563 1435 βαθμίδων,
594 1380 706 1435 μέχρι
734 1380 803 1422 καὶ
834 1380 874 1429 ἒς
902 1397 974 1429 τας
1002 1385 1130 1451 τρεῖς,
1162 1376 1269 1421 οὕτω
1298 1383 1372 1421 τοῦ
1401 1378 1549 1449 χρόνου
1579 1396 1754 1422 καινοτο-

212 1441 412 1510 μοῦντος,
451 1436 559 1480 κάτω
588 1440 665 1493 γῆς
694 1434 998 1509 κατωρύχαται)
1040 1433 1120 1479 άπο
1149 1436 1320 1486 πλατέος
1348 1440 1424 1479 τοῦ
1451 1435 1559 1479 κάτω
1592 1439 1648 1487 εἰς
1678 1451 1754 1479 στε-

212 1493 284 1538 νὸν
313 1491 528 1566 λήγουσαι·
560 1495 669 1551 πλην
699 1513 775 1538 ουκ
806 1492 888 1548 ἀφ’
916 1493 1009 1545 ἕνος
1040 1495 1206 1563 μέρους,
1238 1491 1338 1536 ἄλλα
1368 1492 1622 1549 πανταχόθεν
1655 1512 1754 1538 κατα

212 1556 346 1607 σχῆμα
373 1551 644 1610 τετράγωνον’
690 1571 744 1603 ως
773 1550 1012 1625 άναβαίνειν
1041 1552 1116 1607 μὲν
1145 1549 1352 1602 κάτωθεν,
1395 1550 1546 1595 ὁπόθεν
1575 1570 1634 1602 τις
1664 1550 1754 1607 βού-

211 1615 342 1654 λοιτο“
389 1609 472 1654 εἶτα
501 1611 546 1653 δε
574 1615 775 1668 καταντᾶν
808 1613 864 1661 εἷς
894 1607 1156 1683 ἀγχώμαλον·
1200 1608 1280 1652 κᾶν
1308 1612 1364 1664 ἦν
1392 1611 1462 1653 καὶ
1493 1612 1595 1653 ἰδεῖν
1626 1611 1754 1653 ἐπίπε-

212 1671 287 1711 δον
316 1674 436 1712 τοῦτο
468 1666 527 1712 δι’
554 1667 671 1720 ὅλου,
705 1671 742 1711 εἰ
770 1666 827 1724 μή
857 1686 895 1711 τι
925 1666 993 1711 ἐπ’
1022 1666 1152 1711 αὐτοῦ
1182 1669 1223 1719 ἐξ
1253 1664 1380 1722 ὀπτῆς
1408 1669 1590 1710 πλίνθου
1619 1684 1661 1710 τε
1688 1668 1754 1711 καὶ

210 1723 375 1769 τιτάνου
406 1726 656 1803 οἰκοδόμημα
684 1724 997 1779 κατεσκεύαστο,
1044 1727 1201 1798 τέτρασι
1231 1725 1305 1779 μὲν
1335 1743 1390 1776 ως
1421 1728 1523 1768 ἰδεῖν
1552 1742 1653 1768 κατα
1682 1743 1754 1781 γω-

209 1786 303 1834 νίας
330 1802 403 1835 τας
430 1786 521 1835 ι’σας
549 1787 657 1828 κίοσι
696 1782 985 1839 συνεχόμενον,
1026 1781 1076 1827 οὗ
1105 1783 1188 1838 μην
1217 1783 1262 1826 δὲ
1290 1783 1360 1826 καὶ
1388 1786 1521 1826 κίοσιν
1552 1783 1754 1839 ἄντικρυς,

209 1841 319 1896 πλην
360 1840 457 1885 0'60v
500 1845 614 1886 ἰδεῖν.
668 1844 866 1896 ἐπιπολῆς
902 1860 978 1898 γαρ
1016 1839 1165 1891 πλάκες
1206 1838 1430 1896 μαρμάρων
1467 1841 1752 1911 ἐξυφασμέναι,

210 1915 282 1950 τας
311 1899 425 1950 ἔντος
453 1898 690 1957 πυρομάχας
719 1904 769 1953 (a
795 1903 990 1941 nominat.
1014 1896 1277 1969 πυρομάχης)
1308 1901 1454 1948 λίθους
1484 1897 1753 1968 συγκρύπτου-

202 1971 301 2009 -σιν,
334 1975 389 2007 ως
420 1959 501 2001 ε’στι
531 1964 702 2012 μαθεῖν
712 1960 755 2001 ἐκ
786 1962 902 2013 μιᾶς,
945 1954 1236 2026 άποβαλούσης
1264 1961 1319 2011 τῷ
1348 1954 1476 2014 χρόνω
1506 1974 1581 2011 την
1610 1953 1752 1999 πλάκα.

210 2015 281 2056 καὶ
309 2031 353 2057 το
383 2020 457 2058 τοῦ
477 2014 811 2071 οἰκοδομήματος
852 2019 986 2085 σχῆμα
1016 2017 1073 2065 εἰς
1105 2011 1237 2069 κυβον
1276 2013 1630 2083 ἀποτετόρνευται,
1671 2017 1754 2056 ταῖν

207 2073 253 2123 ἐξ
283 2072 483 2116 ἐπιπέδων
512 2092 560 2116 τα
590 2092 690 2116 κατα
719 2091 765 2116 το
796 2070 968 2128 πλάγιον
996 2073 1170 2146 τέτταρα
1191 2078 1326 2122 στοαῖς
1354 2069 1655 2126 καλλυνόμενον
1671 2071 1754 2113 τέσ«

211 2143 340 2201 σαρσι.
372 2129 534 2174 άνωθεν
565 2131 609 2174 δὲ
636 2128 782 2174 τούτου
808 2129 932 2174 πάλιν
965 2129 1083 2186 βάσις
1110 2130 1223 2186 ἑτέρα
1246 2127 1459 2199 μαρμάρου
1488 2134 1652 2183 λευκῆς·
1683 2129 1754 2171 καὶ

211 2183 339 2237 αυθις
371 2186 438 2230 ἐπ’
469 2188 594 2244 αὕτῆς
625 2189 744 2244 ὄίλλη’
785 2187 856 2242 ἐφ’
885 2185 937 2244 ἧς
965 2189 1033 2231 καὶ
1063 2191 1194 2244 τρίτη·
1235 2189 1304 2230 καὶ
1336 2185 1439 2241 ζωνη
1469 2204 1529 2237 τις
1558 2188 1625 2230 ἐπὶ
1653 2183 1747 2228 ταύ-

210 2261 299 2294 ταις
328 2241 407 2288 άπό
439 2245 661 2319 μαρμάρων
689 2243 874 2302 τετάρτη·
918 2246 975 2297 οἷς
1011 2263 1083 2296 τας
1121 2251 1228 2318 τρεῖς
1266 2245 1340 2301 μὲν
1379 2242 1461 2287 άπὸ
1488 2246 1655 2295 πλατέος
1682 2243 1751 2286 καὶ

210 2299 356 2352 ταύτας
388 2305 444 2354 εἰς
475 2304 615 2348 στενον
641 2309 854 2378 καταντᾶν,
885 2320 962 2359 την
992 2301 1036 2347 δ’
1066 2301 1132 2346 ἐπ’
1155 2301 1295 2354 αυταῖς
1319 2299 1451 2356 ζώνην
1480 2307 1748 2352 κυκλοῦσθαι,

210 2361 281 2402 καὶ
310 2359 468 2404 διδόναι
498 2366 556 2420 τῷ
586 2360 714 2420 στύλῳ
744 2380 819 2418 την
859 2361 979 2434 βάσιν
1018 2359 1287 2417 ἁρμόζουσαν.
1334 2361 1528 2403 ἐντευθεν
1554 2378 1575 2403 ο
1608 2363 1754 2408 στυλος-

209 2406 536 2475 έπωκοδόμηται·
563 2407 697 2462 πάλαι
717 2419 812 2475 μὲν,
845 2438 901 2470 ως
931 2417 1146 2473 άκούομεν,
1173 2417 1493 2488 κεκαλυμμένος
1500 2420 1670 2473 ποικίλῳ
1692 2432 1748 2458 τε-

210 2478 335 2547 μεσίω
365 2475 580 2534 (ταμασίῳ)
598 2482 752 2534 χαλκῷ·
780 2496 815 2521 ει
845 2477 889 2520 δὲ
918 2477 1150 2520 πιστευτέον
1169 2493 1223 2518 τω
1244 2476 1411 2546 λέγοντι,
1442 2492 1492 2517 ου
1521 2479 1658 2531 πολλῷ
1680 2472 1751 2516 καὶ

209 2519 392 2590 άργυρου
414 2535 562 2590 δέοντι·
592 2539 672 2578 νῦν
694 2535 737 2578 δὲ
755 2535 908 2607 γυμνός
924 2534 968 2578 vo*
981 2531 1185 2605 παράπαν
1193 2530 1455 2602 φαινόμενος·
1487 2550 1542 2582 ως
1563 2519 1749 2589 άριθμεῖ-

209 2597 310 2634 σθαι
338 2594 408 2635 καὶ
435 2610 531 2643 τους
560 2595 706 2643 λίθους
735 2591 844 2649 αυτῷ
873 2591 1043 2644 ὁπόσοι,
1073 2592 1141 2634 καὶ
1162 2589 1224 2634 ότι
1247 2587 1477 2646 πυρομάχαι
1499 2591 1660 2640 εἰδέναι,
1681 2586 1749 2630 καὶ

209 2646 323 2699 όπως
350 2648 612 2721 άρμόζονται·
637 2651 736 2704 ε’χων
757 2652 823 2693 καὶ
839 2648 967 2702 ζωνας
986 2655 1059 2703 τῆς
1080 2646 1206 2703 αυτῆς
1227 2652 1372 2703 λευκῆς
1390 2651 1526 2700 λίθου,
1555 2646 1656 2690 κατά
1677 2643 1754 2688 τον.ἰ

207 2704 411 2763 κάλαμον·
441 2707 549 2779 πλήν
566 2706 663 2751 ’ὅσον
680 2706 726 2750 τό
756 2710 847 2751 ἴσον
882 2726 984 2764 προς
1004 2704 1176 2779 άλλήλας
1194 2710 1270 2749 τοῦ
1288 2703 1555 2775 διαστήματος
1576 2705 1745 2758 ε’χουσαι,

207 2764 323 2835 μέχρι
350 2766 420 2808 καὶ
441 2763 610 2816 δεκάδος
637 2767 840 2821 προΐασιν.
864 2767 1057 2809 ἐντεῦθεν
1088 2763 1202 2807 ἄλλαι
1223 2768 1344 2815 ζῶναι
1360 2760 1572 2818 μαρμάρου
1589 2763 1745 2814 λευκῆς,

208 2819 309 2866 ἄλλα
332 2830 508 2880 συνεχεῖς
537 2819 669 2876 αὗται,
701 2824 866 2881 δευτέρα
893 2824 959 2868 ε’πὶ
986 2839 1139 2882 πρωτη,
1162 2823 1230 2865 καὶ
1251 2823 1362 2877 τρίτη
1380 2821 1447 2864 ἐπὶ
1475 2819 1650 2879 δευτέρα,
1677 2815 1745 2861 καὶ
