1794 3172
166 138 169 141 ’
225 129 327 183 704
630 132 945 183 NICEPHORI
978 127 1304 177 GREGORAE

7 251 46 285 A.
67 251 108 283 M.
127 249 369 302 6852ψυχῆς
401 241 673 303 δραστήριον,
720 246 794 286 νῦν
822 241 897 297 μὲν
925 246 1017 290 ταῖς
1046 238 1191 297 ἄκραις
1210 242 1293 282 τῶν
1311 240 1479 283 ΖΙἸυσῶν
1500 237 1713 295 ἐμπίπτων

52 299 122 332 lnd.
136 299 217 379 12])
230 315 364 373 ὥσπερ
387 315 583 371 κεραυνὸς
613 315 656 356 ἐκ
674 315 749 356 τοῦ
772 311 980 369 αἰφνιδίου
992 342 1006 362 ,
1041 313 1115 352 νῦν
1146 309 1191 352 δὲ
1210 315 1303 358 ταῖς
1321 312 1396 352 τοῦ
1414 311 1714 365 Καντακουζη-

228 389 302 429 νοῦ
319 383 593 442 προσβάλλων
611 379 751 439 κρύφα
773 378 984 435 δυνάμεσι,
1010 383 1084 421 νῦν
1109 378 1153 421 δὲ
1171 377 1247 428 τὰς
1266 381 1349 421 τῶν
1362 379 1600 431 Βυζαντίων
1622 382 1715 434 ληΐ-

229 454 392 510 ζόμενος
417 456 459 505 ἐξ
481 450 632 511 ἐφόδου
652 449 806 508 χώρας.
868 448 960 508 (Γ.)
995 449 1152 498 Δείσας
1174 447 1219 490 δ’
1248 445 1376 503 ὅμως,
1396 447 1456 504 μὴ
1483 446 1713 491 συνελθόν-

227 526 294 575 τες
323 524 361 567 οἳ
391 521 495 581 πρὸς
522 522 650 565 αὐτοῦ
682 518 924 574 κακούμενοι
953 521 1090 567 κακῶς
1115 515 1239 559 κακὸν
1266 515 1487 574 γειτόνημα
1516 519 1747 575 διαφθεί-5

229 610 330 651 ρωσι
341 626 354 646 ,
392 589 674 648 προσελάσας,
713 588 930 644 σύμμαχος
948 584 1214 636 ὑπόσπονδος
1232 588 1299 629 καὶ
1322 588 1472 637 δοῦλος
1494 587 1715 642 ἐθελοντὴς

228 665 355 707 εἵλετο
380 661 577 718 λέγεσθαί
595 677 639 703 τε
666 659 733 702 καὶ
754 657 853 701 εἶναι
873 657 1219 712 Καντακουζηνοῦ
1248 660 1323 700 τοῦ
1345 656 1573 709 βασιλέως·
1608 656 1715 713 πλὴν

230 732 306 787 οὐχ
337 730 440 775 ὥστε
470 732 537 773 καὶ
560 736 761 781 συνεῖναι,
799 729 868 770 καὶ
902 725 982 782 ὅπη
1012 723 1265 783 πορεύεσθαι
1292 723 1488 782 βούλοιτο
1512 726 1714 770 ἕπεσθαι·

94 807 135 842 Ρ.
148 803 216 843 441
230 800 326 844 ἀλλ’
364 801 591 859 αὐτονομίᾳ
620 795 831 855 χρώμενον
862 794 1001 853 κρύφα
1031 795 1139 838 κατὰ
1174 794 1250 863 τὴν
1283 799 1456 853 συμφυᾶ
1488 793 1716 852 συνήθειαν

226 878 314 921 τοῖς
341 871 493 914 ἐκείνου
522 865 795 925 προσβάλλειν
828 867 1020 923 ε’χθροῖς,
1064 866 1130 908 ἐπὶ
1158 864 1340 923 κέρδεσιν
1381 862 1532 909 ἑαυτοῦ
1568 857 1612 909 τε
1646 867 1714 908 καὶ
1728 874 1774 908 10

229 940 319 984 ὅσοι
348 937 419 991 ξύν
442 957 485 996 γε
516 939 628 996 αὐτῷ
648 940 808 992 μισθοῦ
838 938 1060 993 λῃστρικοῦ
1082 930 1385 992 στρατεύεσθαι
1408 936 1580 979 ε’ίλοντο.
1619 933 1715 994 (A.)

223 1010 339 1053 Ἐπεί
354 1026 397 1067 γε
425 1009 509 1064 μὴν
538 1011 611 1051 τοῦ
632 1003 786 1063 χρόνου
813 1009 1052 1063 χωροῦντος
1087 1003 1177 1048 ὅσοι
1207 1009 1291 1048 τῶν
1323 1003 1508 1061 πενήτων
1537 1004 1717 1060 αἶμοχα-

231 1087 313 1135 ρεῖς
332 1080 399 1122 καὶ
421 1075 620 1127 αὐθάδεις
642 1075 755 1126 ὄντες
775 1073 1012 1132 ἐτύγχανον,
1051 1074 1180 1132 ὀλίγοι
1199 1073 1305 1117 κατὰ
1325 1074 1506 1125 πολλοὺς
1525 1077 1592 1118 καὶ
1613 1078 1718 1117 πολ-

230 1151 295 1192 λοὶ
326 1148 423 1191 κατ’
455 1147 614 1204 ὀλίγους
644 1143 958 1203 ἀθροιζόμενοι,
996 1143 1104 1188 κατὰ
1126 1145 1372 1202 συμφωνίαν
1402 1144 1517 1204 αὐτῷ
1539 1146 1719 1203 προσερ-

193 1216 393 1276 Βρύησαν
428 1217 471 1260 ἔκ
501 1234 544 1260 τε
577 1219 823 1272 Τριβαλλῶν
852 1216 920 1258 καὶ
945 1216 1140 1269 Μυσῶν,
1178 1215 1247 1257 καὶ
1283 1212 1372 1257 ὅσοι
1401 1211 1717 1271 μιξοβάρβαρον
1731 1220 1775 1257 15

232 1289 298 1330 ἐπὶ
329 1285 490 1337 τούτοις
514 1285 639 1342 ἤνυον
667 1286 849 1338 δίαιταν,
900 1282 956 1335 ὥς
983 1281 1163 1327 ἔπε’κεινά
1192 1301 1273 1328 που
1297 1288 1381 1327 τῶν
1402 1285 1610 1340 δισχιλίων
1630 1284 1719 1326 ε’πι-

232 1357 385 1400 λέκτων
424 1356 580 1400 ἱππέων
616 1353 742 1408 εἶναι,
782 1354 827 1398 οἳ
852 1344 999 1409 θυμοῧ
1035 1354 1224 1404 πνέοντες
1263 1351 1415 1404 πάντες
1448 1354 1611 1416 ᾆρεὶκοῦ
1642 1353 1720 1409 τὴν

232 1431 353 1484 σφῶν
371 1426 508 1469 αὐτῶν
524 1428 684 1481 μᾶλλον
703 1423 844 1480 ψυχὴν
863 1423 888 1480 ἢ
905 1428 1052 1467 τοῦτον
1073 1424 1387 1480 καταπροέσθαι
1406 1424 1718 1480 διῖσχυρίζοντο·

233 1494 289 1546 ὡς
310 1496 540 1552 ἀποχρῆναι
574 1494 716 1538 λοιπὸν
745 1495 813 1537 καὶ
836 1494 940 1551 πρὸς
959 1493 1184 1537 ἀντίπαλον
1208 1492 1288 1550 ἤδη
1311 1494 1602 1536 καθίστασθαι
1622 1499 1721 1548 μοῖ-

234 1583 334 1623 ραν,
371 1559 405 1623 ᾧ
435 1564 485 1607 ἂν
505 1562 698 1620 βούλοιτο
721 1563 833 1620 μέρει
856 1568 930 1620 τῆς
950 1563 1151 1621 ἐμφυλίου
1176 1561 1391 1618 Ῥωμαίων
1411 1561 1572 1619 μάχης·
1610 1560 1780 1618 σύμ-20

230 1638 339 1690 βολα
371 1638 446 1690 τῆς
474 1636 717 1689 δεσποτικῆς
745 1633 862 1684 ἀξίας
893 1633 933 1677 οἳ
964 1631 1184 1687 Βυζάντιοι
1213 1633 1445 1688 πέμπουσιν
1474 1633 1613 1691 αὐτῷ,
1652 1633 1722 1675 καὶ

197 1702 376 1761 Ολάθρα
398 1704 504 1746 κατὰ
530 1707 604 1746 τοῦ
622 1702 824 1759 βασιλέως
843 1700 1051 1756 ὃπλίζουσι
1068 1704 1434 1759 Καντακουζηνοῦ.
1471 1703 1627 1745 ἐκεῖθεν
1648 1697 1722 1745 οὗν

200 1807 203 1811 .
234 1777 551 1830 καιροφυλακῶν
581 1771 602 1816 ὃ
630 1773 875 1828 Μομιτίλας
907 1772 969 1816 ἀεὶ
1011 1773 1174 1816 διετέλει
1192 1806 1207 1827 ,
1256 1774 1324 1815 καὶ
1351 1773 1427 1828 τὴν
1464 1773 1652 1815 ἐπίθεσιν
1679 1772 1723 1814 ἐν

233 1850 380 1899 μυχοῖς
411 1847 486 1899 τῆς
517 1844 689 1901 καρδίας
727 1839 965 1902 ε’κυοφόρει,
1017 1844 1086 1886 καὶ
1126 1840 1333 1887 ἀνεκύκλει
1372 1848 1460 1894 τοῖς
1496 1846 1720 1900 λογισμοῖς.

237 1998 336 2034 modo
360 1999 533 2045 Mysorum
557 1999 683 2035 finibus
702 2000 816 2035 instar
838 2000 988 2035 fulminis
1007 2000 1197 2047 derepente
1218 1998 1424 2042 incidendo,
1446 1997 1546 2034 modo
1569 1997 1613 2034 ad
1632 1997 1726 2034 Can-

237 2046 396 2079 tacuzeni
417 2046 534 2091 copias
559 2047 675 2081 furtim
693 2047 918 2093 appellendu,
942 2047 1041 2082 modo
1061 2048 1096 2082 in
1120 2047 1390 2094 Byzantinorum
1409 2058 1514 2091 agros
1533 2045 1727 2092 praedandi

239 2103 343 2125 causa
360 2092 519 2137 impetum
534 2093 705 2128 faciendo.
751 2094 852 2139 (ΙΙΙ.)
878 2094 1019 2129 Veritus
1043 2099 1167 2137 tamen,
1186 2107 1230 2128 ne
1254 2093 1480 2129 convenirent
1497 2092 1535 2135 ii,
1563 2104 1650 2139 quos
1671 2092 1727 2126 af-

240 2137 419 2180 flictabat,
450 2150 491 2172 ac
512 2139 659 2174 vicinum
684 2141 749 2174 hoc
778 2141 901 2175 malum
927 2141 1016 2175 male
1045 2142 1250 2186 perderent,
1273 2140 1421 2174 ‘admotis
1452 2139 1575 2174 castris
1604 2138 1728 2174 maluit

240 2183 457 2229 imperatoris
482 2186 716 2221 Cantacuzeni
740 2187 853 2221 socius
879 2188 1079 2222 foederatus
1105 2199 1147 2222 ac
1175 2188 1332 2223 minister
1357 2185 1571 2222 voluntarius
1594 2185 1664 2220 dici
1691 2188 1728 2220 et

241 2242 340 2271 esse3
364 2242 429 2264 non
450 2231 501 2266 ita
517 2237 643 2274 tamen,
670 2238 709 2267 ut
731 2245 841 2268 comes
864 2234 896 2268 ei
913 2235 1072 2269 assiduus
1090 2235 1184 2269 foret
1203 2240 1239 2269 et
1259 2245 1464 2280 quacunque
1483 2233 1536 2267 ire
1557 2232 1728 2267 volentem

241 2282 465 2321 sequeretur,
489 2279 551 2312 sed
570 2284 609 2312 ut
627 2279 714 2314 liber
734 2284 769 2314 et
788 2281 843 2314 sui
873 2280 958 2315 iuris
982 2281 1100 2316 furtim
1127 2288 1232 2327 atque
1252 2281 1356 2315 insito
1380 2291 1475 2314 more
1496 2279 1589 2314 illius
1609 2279 1727 2313 hostes

240 2322 444 2365 invaderet3
470 2324 556 2359 lucri
572 2325 706 2359 scilicet
725 2339 840 2368 causa,
860 2332 930 2362 tum
948 2328 1003 2362 sui
1021 2329 1132 2374 ipsius
1150 2327 1296 2374 proprii,
1313 2332 1383 2361 tum
1399 2338 1527 2368 eorum,
1545 2325 1604 2372 qui
1624 2337 1728 2371 prae-

243 2369 365 2403 donum
387 2370 558 2416 stipendia
578 2372 753 2417 accepturi
773 2385 887 2407 secum
907 2379 1028 2420 sponte
1047 2374 1245 2410 militarent.
1282 2373 1385 2419 (lv.)
1408 2372 1622 2408 Procedente
1642 2377 1730 2406 tem-

244 2427 341 2462 pore,
364 2422 534 2462 quotquot
553 2429 595 2451 ex
613 2420 821 2463 pauperibus
841 2421 1051 2464 sanguinarii
1070 2433 1110 2455 ac
1128 2422 1261 2456 feroces
1279 2425 1378 2454 erant
1391 2444 1402 2460 ‚
1422 2419 1525 2465 pauci
1543 2419 1587 2453 ad
1607 2419 1731 2453 multos

243 2462 407 2507 multique
428 2464 471 2496 ad
494 2475 621 2510 paucos
645 2467 850 2509 aggregati,
878 2469 920 2500 ad
941 2467 1034 2501 illum
1054 2479 1096 2501 ex
1116 2473 1292 2513 compacto
1311 2466 1530 2507 confluxere,
1555 2470 1625 2500 tani
1645 2465 1680 2499 T
1682 2464 1732 2499 ri-

244 2507 345 2550 balli,
370 2521 471 2555 quam
490 2510 603 2556 Mysi,
628 2516 663 2544 et
683 2511 876 2557 quicunque
896 2513 956 2546 alii
976 2519 1157 2559 praeterea
1181 2513 1340 2550 barbaris
1361 2513 1527 2547 commisti
1547 2511 1732 2554 vivebant3

245 2555 465 2601 habebatque
485 2556 621 2602 equites
645 2557 755 2592 lectos
783 2570 890 2603 supra
911 2559 966 2593 bis
993 2560 1105 2601 mille3
1130 2567 1235 2607 atque
1260 2560 1285 2594 ii
1313 2570 1429 2594 omnes
1453 2559 1578 2605 spiritu
1602 2557 1732 2593 Martio

245 2601 340 2655 pleni
364 2613 456 2636 suam
479 2603 630 2648 ipsorum
655 2603 760 2638 vitam
786 2605 902 2650 potius
934 2617 1035 2651 quam
1064 2607 1158 2641 illum
1179 2607 1379 2653 prodituros
1399 2617 1438 2639 se
1460 2606 1733 2646 asseverabant3

243 2654 294 2682 lta
314 2654 353 2681 ut
376 2647 539 2695 deinceps
567 2649 652 2683 satis
673 2649 796 2685 virium
823 2655 916 2685 esset
944 2652 987 2686 ad
1014 2655 1216 2688 certandum
1240 2664 1350 2698 aequo
1370 2652 1438 2686 iam
1457 2652 1592 2693 Marte,
1616 2651 1653 2686 in
1672 2651 1733 2686 illo

245 2693 341 2728 civili
367 2694 594 2730 Romanorum
618 2696 728 2738 bello,
752 2708 827 2731 cum
847 2702 1062 2745 utracunque
1087 2706 1187 2746 parte
1209 2700 1328 2735 vellet.
1378 2698 1609 2739 Quamobrem
1629 2698 1662 2732 ei
1680 2698 1735 2732 iu-

245 2739 358 2786 signia
386 2740 588 2788 despoticae
620 2742 802 2788 dignitatis
830 2743 996 2788 Byzantii
1026 2745 1216 2788 miserunt,
1251 2757 1400 2791 eumque
1427 2745 1464 2779 in
1492 2745 1734 2791 imperatorem

245 2785 525 2822 Cantacuzenum
550 2788 740 2824 clanculum
770 2795 956 2825 armarunt.
1004 2791 1061 2825 Ex
1088 2805 1129 2826 eo
1157 2799 1271 2827 autem
1290 2791 1480 2826 Momitilas
1506 2795 1735 2837 opportunum

245 2838 381 2881 tempus
398 2839 565 2882 perpetuo
583 2837 759 2883 captabat,
782 2842 819 2872 et
833 2836 978 2872 insidias
995 2839 1058 2874 sub
1078 2844 1219 2886 pectore
1238 2839 1358 2875 intimo
1376 2838 1605 2886 parturiebat,
1628 2844 1736 2884 atque
