1754 3164
599 159 1077 207 ANNOTATIONES.
1487 155 1620 210 1227

195 273 292 324 Pag.
325 273 431 319 312,
465 272 534 313 16.
594 265 709 310 Κατὰ
740 265 785 309 δὲ
819 265 895 321 τὴν
934 266 1052 320 ἕκτην
1091 262 1320 321 ἑβδομάδα]
1380 263 1617 319 Ἀπριλλίου

78 325 205 379 μηνὸς
231 328 390 384 πέμπτῃ
422 325 656 380 ἱσταμένου,
689 329 742 382 τῇ
770 323 850 380 πρό
880 328 961 366 τῶν
991 326 1119 379 βαΐων
1149 327 1340 382 κυριακῇ.
1400 326 1614 365 Cantacuz.

78 385 146 423 lib.
172 386 202 424 Ι.
228 399 317 437 cap.
339 385 431 425 XII.
488 398 643 424 nomm.

198 446 296 495 Pag.
329 440 438 492 313,
471 446 539 484 17.
570 437 690 491 Μήτε
710 435 1034 493 βουλεύσασθαι,
1065 437 1165 492 μήτε
1191 436 1273 492 μήν
1296 434 1615 495 διαπράξασθαι]

78 499 226 538 Aorist.
247 513 324 552 pro
351 499 502 538 futuro.
537 498 603 537 Sic
624 499 695 537 lib.
719 499 786 538 IX.
814 511 899 550 cap.
922 498 974 536 X.
997 502 1094 536 sect.
1116 499 1155 538 9.
1213 510 1364 535 nomm.

195 559 292 609 Pag-
325 557 433 607 315,
467 555 533 598 15.
590 552 772 609 Λαμπρεὶ
799 558 874 607 τῆς
895 549 1153 603 ἀναστάσεως
1174 552 1333 608 ἡμέρα]
1365 553 1466 594 Vide
1486 555 1614 597 Gloss.

79 613 185 657 med.
211 613 384 652 Graecit.
406 612 448 650 in
472 608 628 666 Ἑορτή.
684 626 856 650 DUGANG.

197 673 292 724 Pag.
321 671 426 719 315,
460 674 525 712 17.
585 667 699 722 Πρὸς
725 667 800 722 τήν
824 667 1103 720 Γυρολίμνην]
1135 668 1439 722 Constantinop.
1466 667 1612 707 Christ.

78 728 150 767 lib.
167 728 198 766 I.
220 734 318 767 sect.
350 726 415 769 15.
438 741 482 766 n.
500 725 539 767 4.
569 740 744 766 ΒοοΑςο,
775 727 830 765 De
854 740 931 778 qua
955 728 1012 763 sic
1036 725 1133 763 cod.
1148 726 1243 776 Reg.
1263 728 1389 768 2990.
1409 725 1476 765 fol.
1495 729 1562 768 70.
1574 740 1611 765 v.

77 785 109 838 ἦ
134 784 327 840 λεγομένη
354 787 505 832 κοιναῖς
532 779 843 837 Ἀργυρολίμνη,
882 783 1111 835 Γυρολίμνη
1139 779 1347 836 γράφεται.
1393 783 1450 821 De
1476 783 1611 821 eadem

78 843 198 895 plura
236 842 490 892 Ducangius,
545 841 851 893 constantinop.
886 840 1032 880 Christ.
1069 840 1141 880 lib.
1170 839 1198 880 I.
1251 845 1346 880 sect.
1374 839 1466 880 XV.
1501 855 1540 881 n.
1570 845 1610 883 4.

76 913 230 940 BOIVIN.

195 959 291 1011 Pag.
320 956 426 1007 315,
457 954 524 999 24.
570 952 692 1002 ’Έτος
725 952 768 994 δὲ
804 951 1164 1005 ἓξακισχιλιοστὸν]
1207 952 1356 992 Christi
1384 956 1508 997 1321.
1536 968 1613 993 Du·-

80 1028 199 1054 CANG.
258 1016 471 1053 Cantacuz.
490 1013 564 1051 lib.
582 1012 613 1053 l.
638 1026 728 1064 cap.
745 1011 891 1050 XV111.
913 1012 982 1050 ubi
1005 1011 1055 1049 ad
1078 1012 1296 1062 marginem
1316 1008 1443 1048 annus
1467 1010 1611 1049 Christ.

77 1072 344 1111 MCCCXXII.
365 1085 440 1124 per
462 1083 636 1109 errorem
661 1069 859 1120 ascriptus
886 1076 966 1115 est,
999 1083 1074 1120 pro
1106 1083 1210 1107 anno
1240 1068 1488 1106 MCCCXXI.
1510 1074 1613 1106 utet

80 1129 212 1181 capite
242 1129 374 1182 primo
402 1128 579 1168 eiusdem
601 1127 695 1166 libri
726 1140 862 1174 annus,
879 1125 1128 1164 MCCCXXI.
1153 1140 1231 1178 pro
1257 1139 1361 1163 anno
1381 1125 1611 1167 MCCCXX.

77 1200 233 1227 nclvm.
545 1203 547 1205 ·

196 1246 293 1298 Pag.
323 1246 429 1294 318,
464 1245 529 1285 18.
585 1239 768 1294 Τέθνηκε
787 1238 861 1294 μὲν
893 1239 918 1282 ὅ
942 1235 1108 1294 Κράλης
1128 1237 1322 1292 Σερβίας]
1353 1239 1532 1290 mosius,
1562 1239 1611 1278 de

79 1315 161 1354 quo
184 1315 320 1354 supra.
379 1314 556 1340 numne..

198 1361 291 1412 Pag.
321 1361 425 1408 318,
459 1362 524 1401 19.
578 1354 622 1396 ‘O
640 1351 1012 1407 Σφενδοσθλᾶβος]
1043 1353 1146 1393 Vide
1166 1359 1329 1392 stemma
1355 1366 1493 1405 regum
1520 1354 1612 1393 Bul.

82 1415 213 1468 gariae
237 1421 332 1469 post
353 1415 491 1456 Famil.
513 1415 682 1466 Byzant.
702 1427 739 1450 n·
759 1412 826 1455 44.
884 1426 1058 1450 DUGANG.

198 1476 292 1526 Pag.
323 1475 428 1523 318,
459 1475 526 1516 20.
557 1468 817 1523 Πεφόνευται
844 1468 888 1510 δὲ
909 1467 1012 1524 πρὸς
1031 1470 1107 1509 τοῦ
1126 1463 1318 1520 ἀνεψιοῦ]
1349 1466 1450 1506 Vide
1473 1480 1557 1519 cap.
1580 1466 1610 1504 I.

82 1537 180 1570 sect.
205 1534 242 1571 1.
265 1543 402 1582 supra.
459 1541 615 1569 nomm.

197 1589 293 1640 Pog-
324 1589 429 1636 318,
460 1589 530 1630 20.
591 1580 747 1626 Κόντου
771 1580 1078 1635 Κεφαλληνίας]
1109 1581 1209 1620 Vide
1230 1586 1363 1619 notata
1383 1580 1435 1619 ad
1459 1594 1545 1633 cap.
1573 1579 1608 1620 Ι.

82 1643 202 1683 huius
219 1645 311 1683 libri
333 1644 436 1684 VIII.
493 1656 664 1682 numne.

199 1703 293 1755 Pag.
322 1704 407 1745 320
418 1734 429 1752 ,
459 1704 498 1743 8.
554 1700 599 1741 Ὁ
620 1698 912 1747 Φιλαδελφείας
939 1692 1187 1748 Θεόληπτος]
1219 1695 1340 1733 Cuius
1372 1708 1454 1733 non
1488 1694 1611 1732 semel

82 1757 262 1798 meminit
286 1758 568 1811 Pachymeres.
599 1770 771 1796 DUGANG.
800 1755 845 1795 ‘O
862 1754 1153 1804 Φιλαδελφείας
1173 1749 1420 1804 Θεόληπτος]
1453 1752 1510 1790 De
1530 1765 1611 1803 quo

84 1830 204 1868 supra
236 1816 288 1855 ad
316 1830 406 1869 pag.
438 1818 532 1859 135.
564 1815 607 1852 C.
669 1815 812 1852 Exstat
845 1812 888 1850 in
914 1810 1061 1849 Codice
1089 1811 1281 1848 Caesareo
1311 1808 1611 1847 vindobonensi

85 1872 281 1925 Theolog.
306 1873 398 1917 174.
427 1868 707 1927 παραινετικός
724 1873 774 1926 τῇ
801 1869 1034 1924 βασιλίσσῃ,
1065 1867 1106 1917 ἐξ
1127 1864 1381 1919 αὐτοσχεδίου
1401 1870 1612 1907 συντεθει-

85 1929 204 1984 μένος
222 1929 289 1972 έπὶ
304 1933 465 1986 τελευτῇ
483 1933 559 1971 τοῦ
583 1928 873 1978 Φιλαδελφείας
892 1928 1023 1979 κυροῦ
1046 1921 1298 1976 Θεολήπτου,
1330 1930 1495 1963 auctore
1515 1924 1612 1961 Gre-

86 2001 196 2038 gora.
247 1987 350 2027 Vide
382 1988 557 2026 Iudicem
588 1986 876 2038 opusculorum
904 1984 1103 2035 Gregorae
1130 1981 1458 2032 Rhetoricorum,
1494 1980 1611 2018 initio

85 2043 206 2083 huius
231 2044 462 2083 voluminis.
519 2057 672 2084 1301v111.

204 2104 300 2155 Pag.
330 2104 435 2150 322,
468 2104 533 2143 19.
590 2100 648 2140 Εἰ
667 2097 739 2151 μὲν
768 2099 910 2150 ἐπίσης
940 2093 1116 2144 ἅπαντα,
1148 2096 1249 2148 eim]
1279 2097 1330 2135 Et
1350 2095 1430 2134 hoc
1451 2107 1611 2146 quoque

89 2158 371 2211 depromptum
391 2172 442 2197 ex
463 2170 572 2210 penu
594 2157 778 2195 locorum
800 2155 1090 2202 communium,
1124 2168 1294 2206 quorum
1317 2154 1514 2204 Gregoras
1533 2166 1612 2189 ma-

90 2230 206 2267 gnam
234 2217 391 2269 copiam
414 2215 615 2267 provisam
638 2213 791 2252 habuit.
834 2212 934 2251 Vide
964 2212 1033 2252 lib.
1053 2213 1167 2254 XIX.
1196 2212 1300 2250 infra
1328 2224 1420 2264 pag.
1444 2211 1536 2251 586.
1562 2209 1608 2246 D.

91 2279 131 2311 et
150 2279 334 2312 annotata
360 2273 408 2311 ad
429 2285 517 2325 pag·
539 2275 630 2314 137.
649 2271 691 2309 B.
712 2283 847 2322 snpra.
906 2283 1059 2308 nomm.

208 2333 304 2384 Pag.
331 2330 435 2380 324,
469 2334 533 2371 12.
593 2329 674 2368 Καὶ
705 2324 754 2368 ου’
783 2329 916 2382 πολλῷ
951 2326 1025 2377 (an
1055 2323 1266 2378 πολλοῦΡ)
1297 2323 1374 2365 δέω
1395 2319 1519 2374 λέγειν
1540 2334 1610 2370 μη-

90 2384 284 2440 λόβοτον]
325 2388 522 2438 Gregoras
555 2387 695 2424 aetatis
730 2398 826 2423 suae
858 2383 1062 2422 hominum
1098 2383 1254 2434 ingenia
1291 2382 1393 2432 agris
1424 2375 1611 2416 assimilat

93 2443 298 2483 sterilibus
333 2451 372 2483 et
403 2443 589 2493 incultis,
629 2443 763 2494 quales
791 2440 1007 2494 pecoribus
1037 2440 1088 2478 ad
1115 2446 1273 2492 pastum
1295 2435 1441 2490 exponi
1465 2433 1607 2471 solent·

92 2502 141 2541 Id
167 2500 249 2539 hoc
275 2502 367 2540 loco
394 2500 590 2552 significat
620 2513 704 2538 vox
733 2495 976 2553 μηλόβοτος,
1013 2511 1130 2549 quam
1155 2496 1322 2535 Wolfius
1349 2492 1465 2531 aliter
1487 2490 1611 2527 inter-

92 2558 342 2612 pretabatur.
395 2563 549 2598 nowm.

211 2618 307 2668 Peg.
328 2618 434 2662 328,
467 2619 534 2658 12.
596 2612 680 2654 Καὶ
709 2615 793 2653 πᾶν
827 2615 961 2652 ποιεῖν
995 2610 1065 2652 καὶ
1098 2610 1224 2664 λέγειν
1256 2604 1358 2658 ὑπὲρ
1394 2607 1469 2645 σοῦ
1495 2605 1611 2658 σιγᾷν

97 2668 256 2725 σφόδρα
280 2671 504 2726 προσιέμην
534 2667 621 2723 lim]
651 2669 817 2722 Aliquid
838 2667 1027 2707 hocloco
1051 2669 1117 2708 vel
1142 2668 1271 2716 deest,
1300 2663 1366 2702 vel
1386 2659 1611 2713 superfluit.

95 2742 248 2769 1:⁴01le.

212 2788 309 2838 Pag.
340 2787 442 2835 331,
473 2787 511 2827 2.
577 2780 630 2824 Τό
652 2779 695 2823 δ’
717 2777 853 2822 ἄλλοτ’
882 2779 1010 2830 ἄλλως
1041 2780 1142 2833 ἔχειν
1161 2772 1391 2829 ἀνθρώπων
1411 2771 1612 2837 3v1,Sen-

98 2842 221 2883 tentia
242 2855 326 2882 esse
355 2842 543 2892 videtur,
575 2841 837 2879 constantiam
866 2839 1087 2879 Andronici
1108 2838 1150 2875 in
1176 2841 1283 2874 tanta
1314 2845 1448 2872 rerum
1470 2843 1610 2868 incon-2
