1794 3172
256 139 356 188 808
502 174 505 177 ,
586 173 589 175 -
635 174 636 177 =
670 143 987 189 NICEPHORI
1016 144 1343 189 GREGORAE

35 258 337 344 A.11¹l¹1(.1618555myg
356 252 606 312 διαβιβάσας
631 252 763 308 ὅπλα,
793 253 867 297 τὸν
897 253 1038 310 εὗτελῆ
1068 258 1143 297 τοῦ
1166 254 1390 312 Διογένους
1416 256 1553 300 πίθον·
1575 258 1644 301 καὶ
1673 259 1748 314 τῆν

215 327 524 389 Βδιεῤῥωγυῖαν
546 325 805 380 ἀμπέχεσθαι
830 327 992 379 μᾶλλον
1009 324 1174 380 ἐσθῆτα
1194 330 1343 369 ποθεῖν
1367 324 1564 383 ὡμολόγει
1575 360 1588 380 ,
1628 326 1654 383 ἢ
1674 328 1750 383 τὴν

257 403 333 454 τῆς
355 396 453 452 ὅλης
476 395 616 444 Ἀσίας
645 412 689 437 τε
713 395 780 437 καὶ
812 391 1018 450 Εὐρώπης
1042 393 1144 449 ἔχειν
1168 394 1321 452 ἀρχὴν,
1356 397 1425 439 καὶ
1445 396 1517 439 τὸν
1539 395 1748 452 Βαβυλώ-

258 485 344 512 νιον
371 468 521 509 ἐκεῖνον
550 467 879 522 περιβεβλῆσθαι
910 467 1115 506 πλοῦτον·
1152 463 1254 508 ὅθεν
1278 467 1345 507 καὶ
1370 465 1418 508 τὸ
1448 466 1555 509 πολὺ
1573 470 1650 522 τῆς
1669 466 1747 527 ῥα-

258 534 418 592 στώνης
445 535 570 589 χεθὲν
598 535 767 593 Δαρείῳ
797 535 865 576 καὶ
893 533 1080 591 Πέρσαις
1110 532 1267 592 ὄνειρον
1299 534 1445 586 ἔδειξεν
1475 533 1574 579 εἶναι
1600 540 1778 594 σαφῶς5

257 606 334 656 τὰς
353 602 557 654 δοκούσας
579 603 827 659 εὐδαίμονας
848 600 1068 659 τύχαςτοῦ
1086 605 1195 659 βίου.
1234 604 1352 647 οὐδὲν
1372 604 1451 662 γὰρ
1471 603 1580 648 οὕτω
1596 607 1749 661 μεστὸν

255 674 443 731 ὑποψίας
482 675 550 716 καὶ
578 673 772 724 ἀπιστίας
785 707 797 725 ,
836 671 892 723 ὦς
919 675 1109 728 βασιλεία
1144 676 1212 717 καὶ
1246 673 1556 718 δυναστεύουσα
1573 677 1676 731 χείρ.
1715 670 1748 735 ᾧ

255 746 330 801 μὲν
350 745 430 803 γὰρ
446 742 750 799 βασιλεύεσθαί
767 761 854 793 πως
874 741 1111 799 τετύχηκεν,
1144 745 1213 787 ἕνα
1240 742 1370 799 μόνον
1390 739 1512 795 οὗτος
1533 746 1651 799 δέδιε,
1676 745 1749 789 τὸν

217 815 456 871 Εβασιλέα’
494 815 622 872 φαίην
656 813 700 857 δ’
732 812 809 867 ἂν,
852 813 947 857 οὔδ’
989 813 1141 867 αὐτὸν,
1188 816 1223 857 εἶ
1253 814 1305 858 τὰ
1337 815 1475 858 δίκαια
1512 813 1747 872 φυλάττειν,

258 884 373 935 ὅστις
391 883 490 928 ποτ’
516 883 567 927 ἂν
585 879 633 942 ᾗ,
670 883 826 937 ἐθέλει,
861 885 929 926 καὶ
952 883 1028 940 τὴν
1055 888 1266 940 λαχοῦσαν
1297 891 1450 941 μοῖραν
1470 885 1650 941 στέργειν
1673 889 1746 928 τοῦ
1762 888 1794 924 1(

258 957 368 1009 βίου.
407 949 440 1014 ᾧ
461 955 505 997 δὲ
521 952 751 1009 βασιλεύειν
774 952 949 1008 ἔξεστιν,
980 948 1102 1004 οὗτος
1120 954 1225 1008 μετὰ
1246 958 1331 998 τῶν
1359 955 1556 1013 ἐμφανῶν
1583 956 1749 1012 ἐχθρῶν

258 1025 423 1075 πλείους
440 1023 518 1080 ἔχει
543 1025 610 1067 καὶ
633 1024 731 1074 τούς
752 1021 893 1081 κρύφα
914 1023 991 1075 τὰς
1017 1025 1180 1075 πλείους
1202 1022 1531 1077 συσκευάζοντας
1555 1029 1642 1067 τῶν
1662 1025 1751 1067 ἐπι-

258 1099 439 1151 βουλῶν.
478 1094 552 1138 οἰκ
580 1092 741 1150 ὀκνήσω
764 1093 809 1136 δ’
834 1095 958 1137 εἰπεῖν
968 1127 982 1147 ,
1021 1091 1165 1144 οὖς-καὶ
1194 1093 1348 1143 αὐτοὺς
1370 1093 1430 1137 ἀεὶ
1455 1094 1610 1147 δέδιεν,
1645 1092 1748 1137 ὁπό-

259 1181 326 1208 σοι
355 1162 552 1223 φυλάκων
581 1163 717 1219 ἔχουσι
748 1161 864 1215 τάξιν
889 1164 1026 1222 αὐτῷ’,
1065 1165 1133 1206 καὶ
1163 1165 1341 1221 περίεστι
1366 1163 1528 1221 τρέμειν
1559 1164 1648 1218 ἀεὶ,
1679 1165 1748 1206 καὶ

259 1233 537 1288 Ταντάλειον,
569 1234 616 1277 τὸ
637 1234 687 1290 δὴ
707 1231 934 1290 λεγόμενον,
968 1232 1134 1288 βόσκειν
1150 1235 1256 1288 βίον.
1296 1233 1436 1277 Ταῦτ’
1462 1234 1626 1287 ἐννοῶν,
1650 1235 1747 1291 φίλ-
1763 1239 1794 1274 1έ

218 1313 368 1358 Frate,
407 1306 557 1348 πείθου
581 1303 740 1362 μητρὸς
762 1302 986 1360 εὐνοούσης
1003 1307 1192 1359 βουλαῖς,
1230 1304 1297 1347 καὶ
1315 1300 1580 1361 μὴ’γνώμαις
1602 1302 1752 1361 ἑτέρων

259 1374 551 1433 συμφέρεσθαι
580 1376 720 1427 δίδου,
756 1373 802 1417 οἳ
826 1373 931 1432 πρὸς
950 1372 995 1418 ἓν
1024 1374 1076 1430 δὴ
1104 1371 1234 1429 μόνον
1263 1373 1310 1417 τὸ
1332 1376 1479 1417 οἰκεῖον
1501 1378 1752 1424 σκοποῦντες

258 1452 452 1488 συνοῖσον
474 1445 719 1504 προσωπείῳ
739 1445 816 1487 τινὶ
843 1444 1063 1502 κέχρηνταί
1083 1460 1163 1497 σοι,
1194 1443 1337 1502 μέχρις
1356 1442 1409 1487 ἂν
1427 1443 1475 1487 τὸ
1495 1441 1751 1498 βουλόμενόν

258 1529 376 1573 σφισι
393 1512 720 1573 κατωρθωκότες
742 1514 896 1568 αὐτοῖς,
931 1513 1068 1558 ἔπειτα
1090 1515 1157 1556 καὶ
1178 1515 1245 1557 σοὶ
1267 1514 1342 1570 τὴν
1363 1517 1439 1557 τοῦ
1466 1515 1561 1568 βιόυ
1585 1511 1750 1568 σχεδιά-

258 1600 387 1628 σωσιν
399 1582 627 1640 ἐπιβούλως
642 1582 898 1641 ἀπαλλαγήν
917 1585 1025 1641 μηδὲ
1038 1581 1306 1642 παραπλήσια
1326 1585 1434 1627 τίθει
1454 1590 1539 1634 τοῖς
1557 1582 1749 1633 διῶκταις
1761 1587 1794 1622 2<

130 1652 378 1710 Ρ.509ἦμῶν
397 1654 451 1698 τὰ
470 1652 662 1712 ἡμέτερα.
700 1652 888 1712 παρόσον
908 1654 987 1712 γὰρ
1018 1655 1177 1698 ἐκείνων
1195 1655 1263 1697 καὶ
1283 1651 1400 1710 ἡμῶν
1422 1652 1470 1697 τὸ
1497 1651 1675 1710 συνάγον
1696 1655 1752 1703 εἷς

261 1722 457 1781 ὁμόνοιαν
480 1719 532 1781 ’ἦν
562 1729 646 1768 τῶν
671 1722 868 1768 ἁπάντων
897 1724 1002 1780 μετὰ
1021 1724 1098 1781 τὴν
1127 1722 1252 1781 ζάλην
1274 1724 1394 1767 οὐδὲν
1417 1723 1597 1779 μεταξὺ,
1635 1722 1752 1780 παρὰ

259 1798 462 1838 τοσοῦτον
495 1792 614 1851 ἡμῶν
638 1812 680 1838 τε
711 1795 779 1837 καὶ
810 1798 887 1837 σοῦ
917 1794 963 1838 τὸ
993 1794 1069 1851 τὴν
1097 1798 1173 1837 τοῦ
1203 1795 1378 1849 αἵματος
1407 1793 1550 1837 ἕνωσιν
1582 1794 1751 1836 διϊστῶν

260 1868 345 1908 τῶν
369 1862 562 1908 ἁπάντων
593 1863 702 1907 ἔστιν
732 1864 851 1908 οὐδὲν
880 1863 1050 1919 μεταξύ.
1089 1865 1134 1907 τί
1145 1863 1223 1921 γὰρ
1241 1863 1292 1907 ἂν
1315 1863 1375 1920 εἴη
1396 1862 1444 1907 τὸ
1465 1870 1600 1906 πεῖσαι
1623 1859 1752 1905 δυνά-

262 1972 307 2008 ad
328 1973 460 2008 Indiam
485 1985 593 2020 usque
616 1977 864 2021 penetrarunt,
893 1974 965 2009 vile
990 1970 1158 2019 Diogenis
1182 1973 1306 2008 dolium
1333 1974 1517 2016 habitare,
1541 1976 1577 2008 et
1600 1972 1751 2009 eiusdem

261 2020 380 2055 lacera
397 2023 496 2055 veste
514 2021 631 2062 indui,
657 2022 808 2067 optatius
825 2021 893 2056 sibi
912 2033 988 2056 esse
1009 2022 1186 2056 confessus
1207 2021 1264 2063 sit,
1291 2032 1390 2067 quam
1409 2021 1513 2056 Asiae
1533 2025 1570 2055 et
1586 2020 1751 2066 Europae

262 2067 372 2101 totius
397 2067 573 2113 imperium
596 2069 794 2115 possidere,
819 2074 855 2103 et
874 2067 1075 2114 Babyloniis
1103 2067 1236 2102 divitiis
1262 2067 1448 2110 cumulari3
1473 2079 1615 2114 quarum
1638 2068 1751 2102 effusa

262 2113 473 2148 abundantia
488 2114 595 2150 Dario
613 2119 650 2150 et
667 2115 786 2150 Persis
806 2115 973 2156 ostendit,
998 2126 1127 2149 merum
1153 2127 1230 2149 esse
1251 2114 1415 2149 somnium
1437 2127 1497 2157 ea,
1520 2126 1610 2160 quae
1629 2115 1752 2148 condi-

261 2160 391 2195 tionem
410 2160 504 2195 vitae
524 2162 712 2197 beatiorem
730 2163 848 2196 facere
865 2162 1113 2197 existimantur.
1162 2162 1347 2196 Enimvero
1374 2161 1460 2195 nihil
1485 2166 1539 2196 est
1561 2161 1613 2195 ita
1633 2160 1751 2206 suspi-

263 2206 372 2242 cionis
388 2211 424 2241 et
442 2207 659 2244 diffidentiae
681 2209 829 2255 plenum,
852 2215 892 2244 ut
910 2208 1124 2255 principatus
1141 2212 1178 2242 et
1198 2214 1351 2254 potestas
1369 2220 1508 2244 summa.
1542 2209 1633 2243 Nam
1652 2219 1750 2253 quem

264 2253 368 2289 alteri
389 2254 560 2289 subditum
583 2267 659 2290 esse
677 2257 815 2290 fortuna
833 2256 941 2290 voluit
953 2281 963 2297 ,
986 2255 1016 2289 is
1035 2267 1133 2291 unum
1157 2255 1327 2290 duntaxat
1344 2254 1577 2301 pertimescit,
1602 2255 1752 2300 impera-

263 2304 374 2335 torem
391 2301 574 2343 videlicet3
599 2303 661 2336 sed
681 2314 723 2337 ne
740 2303 829 2337 hunc
847 2302 981 2348 quidem
1000 2302 1125 2348 (ausim
1141 2302 1289 2347 dicere),
1308 2302 1339 2336 si
1352 2303 1440 2344 iura,
1461 2301 1654 2348 quicunque
1674 2306 1752 2335 tau-

264 2346 342 2382 dem
360 2347 420 2382 ille
441 2349 498 2391 sit,
523 2348 609 2384 velit
625 2361 777 2391 servare,
801 2355 837 2384 et
854 2361 897 2384 ea
917 2361 1004 2396 quae
1024 2349 1173 2395 contigit
1192 2349 1261 2384 sibi
1281 2349 1420 2384 fortuna
1439 2353 1623 2383 contentus
1642 2347 1751 2382 vivat.

264 2395 313 2430 At
334 2394 392 2428 cui
408 2394 581 2442 imperare
601 2395 716 2431 datum
738 2400 810 2438 est,
834 2396 864 2430 is
885 2399 1027 2441 praeter
1047 2401 1187 2442 apertos
1210 2397 1349 2438 hostes,
1374 2396 1564 2442 complures
1581 2395 1667 2429 alios
1690 2395 1753 2429 ha-

263 2441 344 2483 bet,
369 2442 430 2487 qui
447 2442 569 2477 multas
589 2442 622 2477 ei
641 2443 828 2477 clanculum
845 2443 989 2478 insidias
1006 2447 1151 2478 struant.
1199 2443 1278 2478 Nec
1297 2443 1445 2477 verebor
1461 2441 1545 2476 illud
1564 2441 1751 2483 affirmare,

263 2487 378 2522 timeri
394 2489 438 2523 ab
453 2501 493 2524 eo
512 2500 645 2535 semper
662 2490 765 2525 etiam
783 2490 876 2536 ipsos
895 2490 1104 2537 stipatores;
1128 2489 1177 2525 ita
1197 2493 1236 2523 ut
1253 2489 1286 2523 ei
1303 2494 1470 2535 perpetuo
1487 2488 1755 2523 contremiscen—

265 2535 344 2569 dum
364 2539 400 2569 et
417 2535 601 2579 Tantalea,
623 2541 663 2572 ut
680 2537 776 2571 aiunt
789 2562 798 2578 ‚
820 2537 895 2571 vita
917 2538 1054 2582 agenda
1070 2538 1128 2572 sit.
1175 2536 1275 2571 Haec
1294 2537 1465 2581 cogitanti,
1491 2535 1535 2569 mi
1552 2535 1622 2577 fili,
1645 2535 1754 2569 bene-

266 2581 366 2616 volae
384 2582 502 2617 matris
521 2583 673 2618 consiliis
694 2589 827 2630 pareto,
852 2588 888 2618 et
904 2584 1047 2619 aliorum
1065 2583 1257 2619 sententiae
1277 2595 1362 2617 cave
1378 2595 1421 2617 ne
1440 2581 1598 2624 accedas,
1619 2581 1689 2627 qui,
1709 2581 1754 2616 ad

267 2629 443 2675 propriam
461 2629 644 2666 utilitatem
664 2631 776 2666 omnia
793 2631 1005 2673 referentes,
1029 2636 1066 2666 te
1086 2631 1163 2677 ipso
1182 2635 1346 2675 tanquam
1366 2631 1463 2664 larva
1483 2628 1629 2674 quadam
1649 2633 1754 2662 utun-

266 2679 343 2718 tur,
367 2676 499 2721 quoad,
525 2677 587 2711 ubi
612 2689 656 2712 ex
678 2677 850 2712 sententia
879 2677 947 2712 sibi
969 2677 1194 2719 successerit,
1219 2676 1287 2722 ipsi
1317 2676 1442 2711 deinde
1471 2675 1536 2710 tibi
1565 2687 1628 2721 per
1657 2675 1754 2708 frau-

267 2721 344 2757 d'em
365 2722 504 2758 exitium
525 2723 675 2759 afferant
695 2724 934 2771 repentinum:
958 2736 1021 2759 nec
1041 2725 1092 2759 sic
1112 2724 1187 2759 fere
1207 2723 1365 2758 consulas
1383 2723 1487 2758 rebus
1503 2722 1650 2769 nostris,
1671 2726 1710 2755 ut
1727 2720 1754 2755 ii

267 2769 328 2814 qui
343 2780 405 2803 nos
422 2771 626 2816 persequuti
642 2775 732 2806 sunt.
779 2771 870 2806 Nam
888 2777 1007 2806 coorta
1030 2770 1133 2805 semel
1152 2774 1378 2817 tempestate,
1402 2768 1636 2804 nihilomnino
1661 2767 1755 2802 inter

267 2826 331 2850 nos
350 2815 499 2863 illosque
519 2821 614 2861 erat,
638 2817 732 2865 quod
750 2817 786 2852 in
806 2817 1021 2852 concordiam
1041 2818 1236 2854 reduceret.
1281 2816 1467 2862 Sanguinis
1488 2820 1603 2850 autem
1629 2815 1753 2849 vincu-

264 2861 352 2907 lum,
377 2874 444 2910 quo
464 2875 526 2900 nos
543 2867 657 2914 tequm
679 2864 872 2911 iungimur,
896 2864 982 2900 nihil
999 2868 1054 2900 est
1078 2864 1172 2912 quod
1191 2863 1369 2899 dissolvat.
1417 2863 1497 2906 Qua
1514 2862 1603 2898 enim
1622 2871 1753 2909 quaeso
