1794 3172
257 143 362 194 968
657 149 980 196 NICEPHORI
1007 147 1342 195 GREGORAE

39 261 78 295 Α·
97 260 253 342 ῙῖῙ-ᾱ6859
266 260 532 320 ἄνενέργητον
551 258 716 305 οἴεσθαι
737 258 870 315 σέβειν
895 258 1022 317 ἡμᾶς,
1047 260 1116 303 καὶ
1140 256 1220 302 ὅσα
1238 274 1281 316 γε
1309 255 1513 315 εἲρηκότες
1536 255 1738 315 ἴφθημεν.

118 318 137 341 ¹³
161 333 170 342 ”
186 311 229 344 4¹
264 331 292 390 ἢ
313 336 402 382 πῶς
420 330 472 374 ἂν
491 331 552 386 εἴη
572 329 685 385 κοινὴ
706 334 790 373 τῶν
810 334 937 388 τριῶν
954 327 1224 373 ὖποστάσεων
1237 361 1251 382 ,
1278 327 1338 384 μὴ
1357 327 1463 371 καθ’
1486 325 1614 383 αὑτὴν
1641 328 1742 370 ἀνυ-

260 399 469 451 πόστατος
499 395 604 443 οὖσα
616 432 630 452 ,
658 397 813 456 θεότης
835 398 956 458 ἑτέρα
984 397 1147 458 φύσεως
1170 399 1238 441 καὶ
1263 395 1534 441 ὗποστάσεων
1554 397 1738 450 ἐκείνωνς

109 477 153 516 P.
172 481 242 518 608
264 471 290 528 ἢ
313 475 400 521 πῶς
417 469 552 519 ἄλλως
575 467 627 512 ἂν
655 468 716 524 εἴη
751 469 865 526 κοινὴ
895 473 1001 513 θεοῦ
1029 471 1098 512 καὶ
1128 465 1366 525 ἀνθρώπων
1389 467 1591 525 ἐνέργεια,
1626 465 1742 508 ἄκτι-

262 538 361 591 στός
391 556 434 582 τε
471 540 539 582 καὶ
572 536 777 594 οὖσιώδης
816 541 882 582 καὶ
919 536 1096 597 φυσική,-
1143 537 1191 581 οὖ
1225 536 1305 595 γὰρ
1334 537 1457 592 θέμις
1485 536 1560 592 τὴν
1593 535 1767 578 οὓσίανὸ

264 610 432 654 οἴεσθαι
452 612 529 651 τοῦ
560 612 667 652 θεοῦ
686 608 791 664 πρὸς
814 608 868 652 τὰ
900 607 1020 666 γήϊνα
1043 608 1223 652 κατιέναι
1246 608 1314 649 καὶ
1331 608 1509 664 σοφίζειν
1535 606 1602 648 καὶ
1622 602 1743 661 ἁγιά-

262 681 339 733 ζειν
364 680 431 722 καὶ
451 679 658 731 ζωοποιεῖν
694 677 844 737 (ἄπαγε
858 692 868 702 ·
904 676 1157 736 βλάσφημον
1177 676 1255 734 γὰρ
1274 678 1342 719 καὶ
1361 673 1569 730 δαιμόνων
1592 673 1742 731 εὕρεμα

698 746 752 763 >t
794 747 805 763 Ι
930 748 951 763 r!
1139 750 1148 765 Ι

261 745 505 807 σκοτεινόν),
518 747 614 791 ἀλλ’
639 747 700 805 ἀφ
734 766 909 805 εκαστης
929 765 1083 792 εκαστα
1105 751 1294 805 γινεσθαι
1314 750 1396 790 τῶν
1417 745 1619 788 ἀκτίστων
1642 741 1742 786 τοτ’·-

259 836 344 863 των
379 819 607 875 ἐνεργειῶν·
645 811 702 861 ὧν
735 818 774 860 οἳ
807 818 1045 874 μετέχοντες
1082 816 1272 861 ἅκτιστοί
1308 833 1352 859 τε
1379 817 1558 873 γίνονται
1589 815 1657 857 καὶ
1692 812 1742 855 ἄ-

222 895 410 933 Βκτιστα
442 884 666 945 πράγματα
676 921 690 941 ,
725 886 803 931 ὅσα
837 905 881 932 τε
904 892 978 932 νῦν
1015 889 1084 931 καὶ
1114 886 1194 931 ὅσα
1214 893 1300 936 τοῖς
1338 882 1572 943 προφήταις
1608 880 1741 941 ἐφάνη
1754 887 1794 923 10

259 955 505 1014 θαυμάσια·
554 950 612 1000 ὧν
647 959 715 1000 καὶ
743 955 897 1012 βάτος,
935 956 962 1014 ἡ
994 957 1211 1013 καινομένη
1246 955 1344 1011 μὲν,
1390 954 1438 998 οὗ
1467 953 1742 1008 ὃαπανωμένη

260 1029 329 1071 δέ·
366 1028 434 1071 καὶ
456 1025 503 1070 τὸ
525 1023 695 1084 πύρινον
719 1026 834 1084 ἅρμα
861 1032 936 1071 τοῦ
958 1027 1130 1080 Ἠλίου,
1169 1027 1238 1070 καὶ
1259 1023 1280 1069 ὃ
1305 1025 1377 1077 τὸν
1390 1024 1558 1081 Ἰσραὴλ
1584 1021 1744 1080 ὁδηγῶν

260 1094 430 1155 πύρινος
451 1099 603 1147 στῦλος
627 1097 799 1147 ἐκεῖνος·
835 1098 904 1140 καὶ
924 1095 945 1141 ὅ
967 1096 1042 1147 τὰς
1064 1115 1121 1154 ρπ
1139 1094 1330 1151 χιλιάδας
1351 1099 1434 1138 τῶν
1448 1094 1678 1151 Ἀσσυρίων
1699 1093 1742 1136 ἐν

261 1167 361 1226 ῥιπῇ
382 1163 639 1216 θανατώσας
664 1165 833 1223 ἅγγελος
847 1180 857 1191 ·
893 1165 1125 1224 προσθήσω
1148 1168 1174 1208 ὃ
1186 1167 1198 1187 ’
1215 1165 1273 1209 ἔτι
1292 1166 1360 1206 καὶ
1380 1164 1455 1220 τὴν
1477 1162 1743 1221 ἀνθρώπινον

262 1236 440 1294 ἀφεῖσαν
467 1235 637 1293 φθέγμα
660 1240 734 1279 τοῦ
754 1236 938 1292 Βαλαὰμ
966 1235 1061 1280 ἷίνον
1072 1268 1086 1289 ,
1119 1236 1186 1279 καὶ
1208 1234 1287 1279 ὅσα
1310 1238 1483 1278 τοιαῦτα
1516 1233 1633 1286 κατὰ
1650 1250 1741 1275 και-
1755 1236 1794 1272 15

265 1305 365 1364 ροῦς
394 1302 562 1362 ἐγεγόνει
583 1302 800 1360 θαύματα.
848 1306 896 1349 οὗ
917 1305 996 1364 γὰρ
1023 1305 1178 1361 μετέχει
1202 1309 1278 1361 τῆς
1298 1303 1442 1353 οὐσίας
1465 1296 1636 1358 οὗὸαμῆ
1660 1306 1745 1345 τῶν

226 1377 311 1419 clv
328 1373 470 1434 κόσμῳ
493 1373 728 1430 κτισμάτων
756 1375 875 1419 οὐδὲν
899 1380 973 1419 τοῦ
1003 1379 1121 1419 θεοῦ.
1167 1372 1343 1430 τάχιστα
1366 1372 1444 1430 γὰρ
1475 1371 1527 1415 ἂν
1558 1372 1744 1429 φθαρείη

263 1445 318 1489 τὰ
341 1443 501 1498 πάντα,
534 1443 677 1502 πρὶνῆ
705 1449 866 1502 φθῆναι
885 1451 1114 1500 μετασχεῖν.
1162 1442 1379 1501 φθαρτικὴ
1405 1442 1485 1499 γὰρ
1516 1443 1643 1497 ἐκείνη
1675 1442 1745 1483 καὶ

266 1513 498 1570 ἀναλωτικὴ
530 1521 616 1564 τοῖς
648 1515 809 1571 ἐγγίζειν
841 1516 1110 1572 ἐπειγομένοις
1141 1515 1240 1557 ἔστί.
1292 1510 1498 1569 σύμφωνα
1524 1514 1745 1568 τοιγαροῦν

112 1594 160 1631 V.
181 1591 253 1631 492
270 1591 357 1635 τοῖς
377 1580 560 1640 πατράσι
588 1582 748 1641 λέγοντί
776 1602 848 1639 μοι
877 1587 945 1628 καὶ
973 1582 1173 1642 γράφοντι
1206 1581 1340 1639 μικρὰ,
1365 1582 1589 1639 φροντίζειν
1618 1579 1794 1623 ἕπεισιΞῦ

266 1659 350 1698 τῶν
371 1651 651 1710 ἐγκαλούντων
660 1686 674 1708 ,
700 1651 811 1706 ἅπαξ
833 1654 1154 1710 θεσμοθετηθέν
1177 1655 1244 1696 καὶ
1265 1651 1570 1709 ἕπιψηφισθὲν,
1596 1654 1647 1708 τῇ
1669 1653 1744 1692 τοῦ

265 1723 477 1783 Βαρλαὰμ
506 1723 806 1782 καταλέγεσθαι
834 1726 986 1787 μοίρᾳ,
1018 1726 1086 1767 καὶ
1117 1722 1460 1780 ἀποψηφίζεσθαι
1499 1724 1612 1778 σφᾶς
1644 1719 1741 1763 κατ’

360 1833 416 1871 14.
440 1832 494 1871 ἔτι
514 1834 615 1870 Boiv.
638 1846 703 1882 pro
725 1830 796 1873 ὅτι.

269 1927 337 1963 lem
361 1939 467 1974 supra
489 1927 658 1969 diximus,
682 1928 794 1964 colere
816 1939 879 1963 nos
901 1927 1115 1964 arbitremur.
1162 1926 1302 1973 Alioqui
1325 1924 1491 1972 quomodo
1510 1923 1615 1959 trium
1632 1924 1744 1970 hypo-

269 1980 410 2009 staseon
434 1975 616 2009 communis
640 1987 718 2011 esse
740 1975 851 2021 possit
874 1974 1057 2017 divinitas,
1089 1986 1110 2008 a
1141 1978 1266 2008 natura
1297 1977 1334 2007 et
1366 1973 1410 2007 ab
1434 1972 1503 2007 illis
1525 1971 1611 2017 ipsis
1635 1971 1749 2016 hypo-

268 2021 422 2055 stasibus
444 2020 603 2063 diversa,
626 2021 694 2056 nisi
714 2033 778 2068 per
801 2034 839 2056 se
861 2020 971 2066 ipsam
994 2026 1113 2056 careat
1136 2019 1386 2055 subsistentia?
1418 2020 1490 2053 Aut
1511 2029 1657 2064 quanam
1677 2017 1745 2051 alia

269 2067 406 2102 ratione
428 2068 610 2102 communis
634 2068 709 2103 Deo
733 2073 770 2103 et
793 2068 986 2103 hominibus
1007 2067 1112 2102 fuerit
1136 2067 1291 2102 increata
1314 2070 1350 2100 et
1372 2064 1609 2100 substantialis
1631 2069 1667 2098 et
1683 2076 1746 2098 na-

269 2113 395 2148 turalis
426 2115 612 2159 operatio?
652 2116 780 2160 Neque
802 2114 890 2149 enim
913 2115 967 2148 fas
993 2119 1047 2149 est
1069 2114 1212 2148 credere
1235 2112 1460 2148 substantiam
1477 2111 1544 2146 Dei
1567 2111 1611 2146 ad
1633 2115 1746 2145 terre-

270 2159 359 2194 stria
381 2159 622 2204 descendisse,
655 2161 866 2207 eandemque
888 2164 925 2196 et
947 2161 1123 2206 sapientes
1146 2162 1284 2203 facere,
1314 2163 1350 2194 et
1372 2158 1609 2200 sanctificare,
1632 2160 1668 2191 et
1690 2157 1747 2191 vi-

270 2205 413 2241 vificare
436 2207 588 2252 (apaget
620 2207 750 2254 quippe
773 2208 860 2242 haec
885 2207 1100 2253 blasphemia
1123 2213 1197 2249 est,
1233 2212 1270 2241 et
1292 2206 1493 2243 daemonum
1515 2203 1668 2239 inventio
1691 2208 1745 2237 te-

271 2253 438 2298 nebrosa)
461 2252 523 2287 sed
546 2253 681 2298 singula
704 2265 747 2289 ex
770 2253 916 2299 singulis
939 2255 1036 2289 hisce
1057 2253 1222 2288 increatis
1244 2252 1502 2299 operationibus
1524 2251 1627 2285 oriri:
1660 2261 1746 2295 quas

271 2299 332 2345 qui
350 2299 576 2345 participant,
598 2299 625 2333 ii
643 2300 790 2336 increati
806 2300 984 2336 exsistunt.
1031 2301 1118 2335 Item
1137 2301 1292 2335 increata
1309 2303 1390 2334 sunt
1411 2304 1482 2333 tum
1500 2309 1553 2339 ea,
1574 2308 1662 2351 quae
1680 2297 1747 2330 hoc

271 2350 445 2392 tempore,
468 2352 541 2381 tum
559 2357 784 2393 quaecunque
806 2347 884 2382 olim
905 2348 1082 2394 prophetis
1104 2347 1188 2382 mira
1207 2349 1460 2392 apparuerunt=
1484 2344 1520 2378 in
1541 2344 1663 2389 quibus
1687 2353 1747 2376 ru-

271 2393 338 2427 bus
357 2392 481 2427 ardens
502 2395 539 2427 et
557 2392 836 2440 inconsumptus;
859 2393 980 2439 igneus
992 2394 1093 2429 Eliae
1109 2405 1242 2435 currus,
1271 2392 1425 2429 columna
1440 2390 1500 2425 illa
1522 2391 1638 2435 ignea,
1657 2399 1747 2434 quae

271 2438 439 2474 Israfflitis
461 2438 632 2486 praeivit,
657 2444 693 2474 et
715 2440 745 2474 is
767 2441 827 2487 qui
854 2441 975 2486 rapido
998 2440 1124 2487 impetu
1150 2444 1283 2474 centum
1307 2437 1486 2484 octoginta
1510 2437 1617 2471 millia
1638 2437 1747 2480 Assy-

271 2485 399 2525 riorum
427 2485 604 2520 interfecit
627 2486 782 2531 angelus.
831 2487 1027 2528 Quinetiam
1054 2486 1144 2522 addo
1170 2485 1299 2520 asinam
1319 2483 1493 2526 Balaam,
1517 2494 1605 2530 quae
1627 2483 1748 2517 huma-

271 2543 350 2567 nam
368 2543 486 2567 vocem
503 2532 625 2575 emisit,
650 2537 686 2568 et
704 2536 874 2579 quotquot
894 2533 948 2569 his
968 2534 1091 2569 similia
1111 2531 1274 2567 miracula
1290 2531 1396 2567 variis
1414 2530 1627 2575 temporibus
1640 2528 1749 2563 exsti-

273 2583 402 2614 terunt.
439 2578 576 2614 Etenim
597 2590 641 2614 ex
657 2578 713 2621 iis,
731 2591 821 2626 quae
840 2580 876 2614 in
891 2581 1016 2615 mundo
1033 2583 1124 2622 sunt,
1145 2579 1249 2613 rebus
1267 2578 1395 2613 creatis
1412 2576 1506 2611 nulla
1522 2587 1663 2621 prorsus
1682 2578 1749 2616 est,

274 2637 366 2671 quae
392 2625 460 2660 Dei
491 2625 717 2661 substantiam
751 2626 946 2672 participet.
1006 2626 1150 2672 Quippe
1176 2625 1298 2660 omnia·
1321 2624 1437 2660 statim
1475 2627 1619 2669 pereant
1651 2621 1749 2667 prius

274 2682 376 2717 quam
402 2671 504 2707 huius
525 2672 714 2718 participes
741 2673 848 2715 fiant3
871 2673 1030 2719 quoniam
1054 2685 1096 2708 ea
1125 2677 1180 2706 est
1197 2671 1251 2706 vis
1272 2671 1403 2717 ipsius,
1427 2673 1466 2705 ut
1485 2680 1545 2704 eos
1566 2667 1691 2714 perdat
1714 2670 1751 2701 et

275 2724 473 2761 consumat,
496 2719 555 2766 qui
573 2718 619 2753 ad
637 2731 711 2754 eam
727 2719 871 2765 propius
889 2720 1057 2755 accedere
1074 2718 1226 2764 cupiant.
1272 2717 1362 2752 Mihi
1379 2717 1498 2762 itaque
1515 2726 1589 2749 cum
1612 2717 1751 2748 sancto-

273 2774 348 2799 rum
369 2765 506 2800 Pati-um
525 2765 629 2800 dictis
649 2777 802 2811 congrua
818 2766 947 2801 dicenti
968 2765 1198 2811 scribentique
1221 2776 1293 2806 e08‚
1312 2775 1334 2798 a
1352 2763 1476 2809 quibus
1492 2772 1648 2802 accusor,
1667 2770 1748 2805 par-

278 2809 314 2844 vi
335 2812 455 2846 facere
472 2811 604 2847 animus
621 2817 696 2848 est:
719 2824 793 2848 cum
809 2812 894 2847 illud
911 2813 1016 2848 semel
1033 2812 1201 2848 sancitum
1215 2810 1461 2855 decretumque
1478 2808 1536 2849 sit,
1558 2819 1617 2842 eos
1634 2817 1750 2840 omnes

276 2867 353 2893 cum
375 2858 553 2896 Barlaamo
576 2860 768 2907 ponendos,
792 2863 830 2895 et
856 2862 895 2895 ut
917 2859 1011 2895 illum
1036 2857 1288 2906 explodendos,
1312 2855 1372 2904 qui
1397 2855 1490 2892 haud
1512 2854 1671 2890 dubitent
1696 2863 1748 2887 me
