1794 3172
291 124 425 176 1078
704 126 1023 174 NICEPHORI
1049 126 1376 174 GREGORAE

64 249 101 281 A.
117 247 164 281 Μ.
179 245 273 283 6859
290 260 403 296 τουν,
442 239 538 286 οὐδ’
560 234 615 285 αὖ
631 235 755 284 πάλιν
773 237 956 298 ἔγραφον
971 242 1045 284 νῦν
1055 272 1069 293 ,
1103 235 1275 297 ἀφέντες
1294 235 1399 296 ἅπερ
1422 235 1630 298 ἔγραψαν·
1662 237 1768 283 πάν-

119 295 190 329 Ind.
204 291 229 332 4

288 330 371 364 τως
389 316 514 356 τοῦτο
534 307 857 366 μελετήσαντες,
892 307 956 353 ὅτι
986 307 1111 353 πάλιν
1141 305 1389 360 ἀλλάξουσιν
1419 308 1491 353 ἐὰν
1527 308 1661 366 ὀλίγος
1687 328 1771 352 πα-

286 383 419 441 ρέλθῃ
435 378 610 439 χρόνος,
648 380 716 422 καὶ
741 376 953 437 πρόφασιν
978 376 1140 434 λάβωσι
1160 382 1236 421 τοῦ
1258 376 1456 434 συνήθως
1474 380 1580 422 τισὶν
1602 380 1770 433 ἐπιβου-

284 450 426 497 λεύειν.
478 447 571 493 τότε
603 448 708 506 γὰρ,
743 447 844 492 ὅταν
875 446 1194 505 ἔπιβουλεύωσι,
1235 445 1420 502 μάλιστα
1449 452 1771 506 προσποιοῦνται

284 523 376 579 περὶ
392 520 567 570 πίστεως
589 517 782 576 γράφειν,
814 517 876 562 ‘lv'
901 517 957 569 ὥς
976 510 1164 568 Πιλάτος
1184 518 1356 573 ἐνίψατο
1379 518 1454 568 τὰς
1469 525 1625 576 χεῖρας,
1660 517 1794 563 οὕτωὸ

243 593 354 636 Βκαὶ
387 584 502 634 οὗτοι
529 587 761 648 γράφοντες
791 587 1060 632 ἀποκτείνωσι
1080 588 1179 638 τούς
1201 589 1257 637 εἷς
1272 587 1461 645 Χριστὸν
1484 587 1768 643 εὐσεβοῦντας.

284 663 353 705 καὶ
372 659 450 714 ἵν’,
486 656 543 709 ὥς
571 660 662 716 περὶ
696 659 872 708 πίστεως
900 656 1129 714 ὁρίζοντες,
1172 655 1346 708 δόξωσιν
1383 655 1459 717 (ὥς
1489 655 1687 708 πολλάκις
1715 655 1772 701 εἷ-

283 729 382 788 πον)
419 726 578 787 φεύγειν
598 728 646 771 τὸ
668 731 745 784 τῆς
763 726 1020 786 ἕτεροδοξίας
1042 727 1234 785 ἔγκλημα.
1272 726 1370 770 ἀλλ’
1396 726 1489 771 οὔτε
1508 731 1654 770 λαθεῖν
1679 726 1772 771 οὔτε

285 806 430 860 φυγεῖν
458 795 721 854 δυνήσονται.
770 797 846 848 ἕως
875 797 955 856 γὰρ
981 796 1143 848 ἑαυτοῖς
1164 797 1492 854 ἀπολογοῦνται,
1528 794 1687 840 ἑαυτῶν
1710 796 1772 840 ἀεὶ

285 867 509 926 κατήγοροι
528 869 710 925 γίνονται
725 880 734 891 ·
772 868 839 910 καὶ
862 869 1030 918 δικαίως
1049 885 1107 925 γε.
1158 867 1206 910 οὗ
1232 866 1309 925 γὰρ
1340 873 1428 917 τοῖς
1445 867 1674 924 ἐλέγχουσιν
1695 865 1794 909 oni-1

285 940 385 990 τοὺς
425 938 738 995 ἀποκρίνονται·
795 937 895 979 ἀλλ’
942 936 1139 991 ἑαυτοὺς,
1187 934 1244 987 ὥς
1274 934 1523 992 βούλονται,
1564 938 1770 980 πείθουσι.

285 1007 386 1054 πότε
417 1002 516 1061 οὖν,
548 1011 623 1050 τοῦ
655 1004 896 1050 ὖπευθύνου
929 1008 1141 1066 κρίνοντος
1166 1004 1315 1050 ἑαυτὸν
1321 1040 1336 1061 ,
1379 1004 1495 1058 λύσις
1516 1007 1666 1063 γίνεται
1696 1009 1773 1049 τοῦ

209 1107 223 1128 s
250 1075 549 1137 Εέγκλήματος
561 1095 578 1133 ‚-
616 1075 684 1119 διὰ
719 1080 844 1119 τοῦτο
872 1081 973 1133 γοῦν
995 1077 1057 1120 ἀεὶ
1076 1074 1306 1135 γράφουσι,
1344 1078 1412 1120 καὶ
1435 1076 1497 1120 ἀεὶ
1518 1075 1572 1119 τὰ
1595 1076 1680 1119 ἴδια
1698 1093 1773 1131 με-

286 1151 554 1197 ταποιοῦντες
599 1144 754 1202 ἄδηλον
800 1144 938 1202 ἔχουσι
974 1146 1050 1203 τὴν
1090 1148 1251 1200 πίστιν,
1298 1151 1460 1201 μᾶλλον
1497 1147 1542 1189 δὲ
1588 1145 1773 1204 φανερὰν

288 1217 426 1274 ἔχουσι
446 1216 523 1273 τὴν
542 1214 738 1259 ἀπιστίαν
758 1217 826 1259 καὶ
846 1215 923 1271 τὴν
945 1213 1306 1275 κακοφροσύνην.”
1345 1214 1469 1274 ὁρᾶτε
1489 1220 1577 1265 πῶς
1596 1214 1616 1258 ὃ
1646 1215 1794 1271 μέγας]

287 1291 363 1344 τῆς
383 1286 585 1343 ἀληθείας
607 1285 835 1343 ἀγωνιστὴς
847 1284 1101 1336 Ἀθανάσιος
1122 1285 1366 1344 σαφέστατα
1385 1283 1493 1328 πάνυ
1517 1285 1774 1343 παρέστησεν

287 1355 410 1414 ἡμῖν,
450 1354 507 1406 ὥς
532 1355 587 1399 τὰ
623 1359 698 1398 νῦν
726 1355 830 1412 πρὸς
853 1360 928 1399 τοῦ
953 1359 1144 1411 Παλαμᾶ
1164 1353 1379 1412 γιγνόμενα
1398 1359 1482 1398 τῶν
1501 1353 1629 1398 πάλαι
1659 1371 1776 1411 γενο-

288 1427 422 1483 μένων
450 1429 527 1482 τῆς
554 1425 708 1475 κακίας
747 1422 913 1468 εἰκόνων
947 1427 1015 1468 καὶ
1047 1423 1288 1483 ἀρχετύπων
1315 1424 1481 1481 μακρὰν
1514 1422 1775 1476 ἀποσώζουσι

252 1498 475 1552 Εμίμησιν.
524 1495 578 1537 ἒῶ
599 1493 677 1552 γὰρ
697 1498 771 1538 νῦν
794 1494 943 1551 λέγειν,
978 1493 1049 1545 οὓς
1078 1496 1141 1537 ἐπὶ
1162 1501 1302 1545 κακοῖς
1333 1494 1486 1545 κακοὺς
1515 1494 1776 1551 προσέθηκεν

283 1564 523 1621 Ὄλύμπους
543 1557 677 1614 οὗτος.
716 1564 785 1607 διὰ
806 1564 858 1620 δὴ
879 1568 1012 1608 ταῦτα
1033 1566 1100 1608 καὶ
1117 1565 1251 1622 χαίρω
1271 1568 1358 1618 νῦν,
1396 1564 1506 1621 εἴπερ
1530 1565 1642 1617 ποτὲ,
1664 1567 1794 1619 baaz-2

289 1640 362 1679 λον
386 1634 477 1691 ἐγώ,
512 1635 580 1677 καὶ
605 1631 748 1690 ἡδίους
767 1651 839 1689 μοι
860 1638 935 1678 νῦν
964 1639 1128 1690 μᾶλλον
1156 1632 1273 1689 ὖμεῖς
1296 1633 1407 1692 εἴπερ
1437 1635 1537 1677 ποτε
1558 1634 1774 1692 φαίνεσθε,

291 1702 479 1764 ἷίφυκτόν
506 1721 580 1759 μοι
604 1703 652 1747 τὸ
673 1701 801 1746 πάλαι
825 1701 1070 1760 ζητούμενον
1090 1702 1269 1763 θήραμα
1297 1707 1371 1747 νῦν
1399 1703 1682 1762 παραθέντες,
1720 1699 1777 1753 ὥς

383 1794 419 1829 1.
442 1787 530 1827 οὐδὲ
547 1787 659 1827 πάλιν
676 1787 831 1837 ἀφέντες
848 1788 992 1835 ἐκεῖνοι,
1015 1793 1135 1828 ταῦτα
1163 1793 1234 1828 νῦν
1259 1790 1423 1838 ἔγραφον
1445 1788 1540 1836 ἅπερ
1558 1789 1710 1831 πάντως
1730 1789 1775 1824 al.

383 1840 419 1874 2.
445 1836 707 1885 μελετήσαντες
726 1851 788 1873 om.
801 1839 844 1873 al.
937 1841 972 1878 3.
996 1837 1287 1886 ἐπιβουλεύσωσι
1305 1839 1349 1874 al.
1443 1839 1501 1874 12.
1523 1839 1719 1884 κρίναντος
1730 1837 1775 1871 al.

385 1883 441 1920 14.
465 1886 604 1930 μᾶλλον
622 1883 664 1921 δὲ
682 1885 745 1921 καὶ
764 1883 940 1921 ἀπιστίαν
962 1886 1009 1921 al.
1310 1910 1313 1913 -

290 1957 410 1988 rerent
423 1954 729 2001 conscriptionem3
752 1966 864 2001 neque
881 1967 1001 1990 rursus
1021 1967 1113 1990 nunc
1130 1954 1333 1996 scriberent,
1357 1953 1507 1988 dimissis
1529 1952 1572 1987 iis
1590 1964 1680 1999 quae
1697 1952 1776 1987 olim

291 2000 526 2046 scripserunt3
551 2013 624 2036 cum
643 2002 762 2046 utique
782 2001 1051 2044 meditarentur,
1077 2014 1115 2036 se
1137 2005 1216 2047 post
1238 2001 1379 2046 aliquod
1396 2004 1532 2047 tempus
1549 2012 1590 2035 ea
1617 2011 1694 2034 esse
1712 1999 1776 2033 im—

291 2050 503 2089 mutaturus,
528 2048 589 2082 ubi
608 2048 742 2082 scilicet
767 2059 888 2083 novam
908 2048 1051 2083 insidias
1075 2047 1199 2090 alicui,
1224 2052 1263 2082 ut
1281 2047 1454 2089 assolent,
1479 2045 1636 2082 struendi
1659 2057 1776 2080 ansam

292 2093 388 2127 nacti
407 2092 566 2128 fuissent.
614 2095 655 2129 Si
676 2094 815 2140 quidem
834 2099 917 2129 tunc
948 2094 1111 2141 imprimis
1143 2106 1216 2129 cum
1243 2094 1386 2128 insidias
1408 2093 1512 2128 alicui
1538 2096 1687 2139 parant,
1709 2093 1778 2126 fin-

292 2143 382 2183 gunt
404 2151 443 2173 se
470 2140 513 2174 de
542 2140 630 2176 Fide
652 2141 827 2183 scribere3
850 2146 908 2184 ut,
934 2141 1213 2187 quemadmodum
1241 2141 1376 2176 Pilatus
1401 2151 1520 2174 manus
1536 2140 1644 2180 lavit,
1669 2139 1720 2173 sic
1740 2141 1777 2172 et

291 2185 344 2219 illi
380 2186 562 2221 scribendo
587 2187 661 2233 pios
693 2186 824 2222 Christi
851 2188 1000 2223 cultores
1024 2189 1242 2229 interimant3
1277 2192 1312 2222 et
1330 2191 1389 2230 ut,
1413 2186 1506 2232 quod
1535 2186 1672 2232 quidem
1698 2197 1776 2220 sae-

292 2231 373 2278 pius
395 2231 487 2274 dixi,
510 2238 673 2280 tanquam
694 2233 755 2280 qui
780 2233 978 2270 definienda
1007 2235 1095 2270 Fide
1122 2235 1191 2269 sint
1214 2234 1375 2276 distenti,
1399 2232 1555 2268 haeresis
1580 2232 1776 2267 accusatio-

293 2289 372 2312 nem
390 2279 525 2324 possint
550 2280 735 2315 declinare.
785 2281 911 2315 Verum
928 2293 992 2316 nec
1011 2282 1121 2317 latere
1140 2293 1204 2316 nec
1221 2282 1346 2325 fugere
1366 2282 1541 2326 poterunt.
1600 2278 1775 2319 Quamdiu

296 2324 386 2359 euim
413 2337 451 2360 se
476 2325 545 2371 ipsi
575 2327 643 2361 sibi
669 2327 838 2362 duntaxat
865 2330 1083 2374 purgabunt,
1108 2327 1161 2363 sui
1188 2339 1322 2373 semper
1348 2329 1569 2362 accusatores
1595 2329 1713 2360 erunt:
1739 2328 1776 2358 et

292 2371 417 2407 merito
437 2372 591 2418 quidem3
616 2384 690 2408 cum
709 2373 778 2408 illis
800 2385 867 2408 non
887 2376 1132 2421 respondeant,
1153 2386 1175 2409 a
1200 2373 1323 2419 quibus
1340 2377 1593 2418 coarguuntur,
1618 2372 1679 2406 sed
1707 2370 1776 2405 sibi

294 2422 428 2453 tantum
450 2419 621 2465 quidquid
639 2420 811 2455 voluerint
832 2421 1073 2466 persuadeant.
1123 2420 1212 2463 Quis
1237 2419 1346 2465 igitur
1377 2430 1527 2464 unquam
1554 2430 1636 2453 reus
1660 2417 1775 2453 absol-

294 2464 411 2507 vitur,
435 2465 495 2512 qui
516 2466 569 2500 sui
590 2466 701 2512 ipsius
720 2467 767 2501 sit
789 2467 922 2504 iudex?
945 2469 1036 2503 Hinc
1056 2480 1139 2514 ergo
1159 2477 1330 2512 nunquam
1356 2469 1493 2501 cessant
1522 2464 1695 2506 scribere3
1720 2467 1776 2498 at-

296 2522 364 2557 que
389 2511 441 2546 ita
461 2523 524 2547 sua
550 2517 717 2559 perpetuo
744 2514 884 2549 decreta
910 2519 1080 2551 mutantes
1109 2515 1273 2549 incertam
1305 2512 1449 2554 Fidem,
1472 2511 1529 2546 vel
1554 2512 1671 2557 potius
1698 2521 1775 2546 cer-

297 2561 367 2592 tam
388 2558 668 2605 manifestamque
685 2559 921 2596 infidelitatem
939 2567 975 2596 et
993 2561 1114 2597 mentis
1131 2559 1338 2606 pravitatem
1358 2558 1521 2594 habent.”
1553 2559 1715 2603 Magnus,
1736 2559 1777 2591 ut

296 2603 445 2648 videtis,
471 2608 708 2653 propugnator
726 2606 886 2642 veritatis
904 2608 1108 2643 Athanasius
1125 2606 1307 2642 manifeste
1325 2616 1468 2652 prorsus
1491 2605 1591 2639 nobis
1613 2603 1776 2645 ostendit,

297 2650 471 2687 Palamam
489 2652 533 2688 iis
550 2664 638 2699 quae
665 2664 755 2687 nunc
781 2654 875 2699 agit,
899 2656 1060 2701 antiquas
1078 2652 1308 2700 improbitatis
1329 2652 1497 2696 imagines
1517 2655 1554 2687 et
1572 2649 1777 2697 primigenia

298 2698 510 2743 exemplaria
524 2697 688 2738 imitando
706 2699 849 2734 maxime
866 2702 1019 2746 assequi.
1050 2703 1122 2737 Iam
1140 2699 1229 2735 enim
1249 2699 1384 2734 silentio
1401 2698 1672 2744 praetermittam
1689 2706 1777 2742 quos

298 2742 357 2778 hic
382 2745 480 2780 malis
506 2745 613 2781 malos
633 2746 784 2781 cumulos
811 2758 851 2781 ac
872 2748 979 2782 veluti
1008 2748 1174 2794 Olympos
1192 2745 1403 2791 imposuerit.
1453 2744 1677 2790 Quapropter
1702 2753 1775 2777 ma-

299 2788 366 2823 iori
386 2802 485 2836 quam
510 2792 598 2829 alias
616 2803 762 2839 unquam
785 2791 919 2829 laetitia
943 2806 1034 2829 nunc
1055 2795 1211 2835 afficior,
1243 2795 1280 2827 et
1313 2791 1344 2826 si
1371 2791 1507 2846 quando
1560 2795 1667 2825 ratam
1692 2787 1775 2823 mihi

299 2845 372 2872 rem
394 2837 554 2884 fecistis,
575 2850 666 2876 nunc
684 2842 780 2876 certe
796 2839 900 2876 multo
922 2840 1039 2877 facitis
1059 2841 1267 2888 gratiorem,
1292 2849 1368 2874 cum
1388 2838 1427 2874 id
1459 2803 1559 2885 qumi
1574 2836 1654 2875 olim
1675 2834 1776 2871 adin·
