1754 3164
539 223 1026 269 ANNOTATIONES.
1429 222 1526 270 129
1538 221 1559 268 l

30 328 115 367 lum
138 335 226 369 erat
249 328 423 382 regionis
443 328 495 368 ad
515 328 779 370 habitandum
805 329 882 369 sibi
904 329 1207 372 concederetur.
1235 332 1451 374 cantacuz.
1488 348 1564 375 nu·

32 398 484 510 cmoPeg-844,15.
538 445 883 514 Θαλαττοκρατεῖν
905 445 1159 498 βουληθεῖσι]
1192 447 1456 488 Cantacuzen.
1480 448 1565 491 ἕνε-

32 496 158 541 νόονν
186 498 263 555 γαρ
287 495 407 540 οὔδὲι
429 515 600 554 μικρον,
632 497 732 541 ἄλλα
759 505 1099 555 θαλαττοκρατεῖν
1128 501 1361 556 ἐβούλοντο.
1390 519 1565 546 nocuo.

145 556 246 610 Peg.
275 556 379 607 844,
407 561 477 600 20.
539 555 648 610 Πρὸς
670 556 827 629 Ἱερόν]
860 560 915 599 De
947 573 1028 612 quo
1064 560 1216 612 egimus
1250 561 1301 600 ad
1332 562 1567 603 Alexiadem

32 616 236 716 {gg-3:81.
247 587 469 712 Βῗῒείὲυω.
501 628 676 656 ncesse.
741 613 851 670 Προς
870 614 1016 671 Ἱερόν]
1050 617 1108 657 De
1137 631 1218 671 quo
1247 632 1371 672 supra
1400 620 1451 659 ad
1473 634 1566 674 pag.

148 726 253 781 Peg.
285 727 388 778 847,
421 728 487 772 14.
546 727 650 782 Περὶ
678 745 750 779 τας
775 733 852 772 τοῦ
882 733 1068 784 ποταμοῦ
1092 729 1286 786 ἐκβολας]
1326 730 1565 786 Bau-bissae,

36 785 107 840 qui
130 786 173 824 in
192 787 321 824 sinum
340 786 566 825 Ceratinum
587 787 728 826 effluit.
758 802 811 826 m
817 801 936 827 cmo.

157 845 250 896 Pag.
280 842 386 892 854,
415 847 455 886 7.
515 843 600 884 Καὶ
624 840 837 898 η’θροίζετο
865 844 1115 900 ναυπηγων]
1146 847 1199 886 Ut
1228 860 1351 886 naves
1381 853 1570 887 constru-

38 907 126 940 ctae
148 899 230 939 sint
251 915 273 939 a
300 900 491 952 Graecis,
522 908 660 940 narrat
688 902 807 941 etiam
832 903 1131 942 Cantacuzenus
1154 917 1245 956 pag.
1271 904 1364 947 144.
1393 918 1571 944 nunno.

156 960 251 1008 Pag.
280 956 383 1007 854,
415 961 457 1001 8.
517 957 619 1010 Περὶ
643 974 717 1000 τον
743 962 820 1000 τοῦ
846 960 1071 1008 Βυζαντίου
1100 957 1352 1013 ἱππόδρομον
1375 958 1569 1014 νεώριον]

40 1015 163 1064 Quod
187 1011 462 1057 Ἑπτᾶσκαλον
492 1015 658 1055 videtur
683 1029 833 1055 vocare
869 1017 1181 1058 Cantacuzenus.
1238 1017 1354 1057 Unde
1386 1018 1573 1070 colligere

37 1074 154 1122 licet,
182 1073 326 1112 navale
355 1072 624 1125 Hippodromi
654 1079 696 1112 et
722 1073 1006 1126 Heptascalum
1034 1075 1159 1125 illud,
1189 1072 1355 1130 (unum)
1386 1077 1574 1128 idemque

40 1143 138 1170 esse.
196 1130 331 1168 Nam
318 1144 361 1168 in
378 1130 619 1183 Heptascalo
646 1138 898 1169 constructas
922 1145 1045 1170 naves
1071 1132 1225 1181 scribit,
1255 1133 1408 1184 quasin
1426 1133 1573 1172 Neorio

39 1187 312 1240 Hippodromi
340 1187 554 1240 Gregoras.
602 1188 707 1230 vide
734 1189 1039 1242 Constantinop.
1068 1187 1212 1232 Christ.
1241 1189 1315 1230 lib.
1335 1190 1366 1228 1.
1388 1196 1484 1229 sect.
1509 1194 1574 1232 17.

39 1258 213 1285 DUCAXG.

161 1305 258 1355 Pag.
287 1302 391 1352 854,
423 1303 491 1344 18.
551 1298 663 1355 Πρὸς
694 1299 970 1356 κατασκευήν]
1001 1302 1105 1343 Vide
1132 1303 1396 1345 Cantacuzen.
1421 1303 1575 1344 Histor.

42 1359 112 1399 lib.
133 1359 200 1398 IV.
194 1372 308 1454 neap.
326 1359 365 1402 5.
385 1365 425 1398 et
444 1363 694 1403 6.1301vm.

215 1417 392 1470 858,
422 1417 464 1460 5-
527 1413 648 1467 Παρὰ
671 1433 745 1464 τας
767 1419 843 1458 τοῦ
857 1419 1043 1470 ποταμοῦ
1068 1414 1222 1470 δηλαδη
1248 1414 1439 1470 ἕκβολας]
1466 1414 1578 1455 Bar-

0 1519 3 1522 *
47 1419 197 1526 bysaeP
209 1487 282 1512 seu
304 1471 508 1524 Barbyssi,
538 1474 661 1524 vulgo
684 1471 930 1525 Charini-ici,
962 1474 1012 1514 de
1032 1487 1114 1528 quo
1140 1475 1301 1528 Gyllius
1326 1474 1397 1513 lib.
1418 1474 1464 1515 11.
1487 1487 1575 1528 cap.

46 1534 86 1575 3.
116 1531 166 1570 de
184 1531 368 1583 Bosporo
384 1530 529 1569 Thrac.
584 1544 737 1568 ΒοΠῙΝ.

162 1586 328 1626 Ibidem.
376 1585 515 1628 ’Ένθα
535 1586 605 1628 καὶ
622 1585 668 1628 vo*
690 1590 765 1628 τοῦ
781 1589 1001 1630 θαλαττίου
1016 1586 1144 1641 κε’ρως
1161 1584 1412 1630 αναπαύεται
1434 1586 1577 1641 ακρον]

47 1646 106 1683 De
126 1645 283 1683 marino
301 1644 373 1683 illo
397 1643 542 1695 Cornu,
572 1658 642 1683 seu
665 1644 848 1685 Ceratino
875 1646 988 1697 sinu,
1016 1646 1144 1685 multa
1168 1646 1328 1699 Gyllius
1347 1646 1416 1685 lib.
1434 1646 1468 1688 Ι.
1489 1659 1578 1699 cap.

50 1703 89 1744 5.
110 1701 161 1740 de
178 1702 363 1754 Bosporo
382 1701 568 1740 Thracio.
625 1715 781 1742 Boivm.

163 1761 266 1812 Pag-
298 1759 399 1808 859,
429 1762 469 1801 2
531 1758 614 1799 Και
640 1756 718 1812 τήν
744 1755 895 1810 ὀθόνην
917 1758 1153 1811 καθέλκειν]
1185 1759 1302 1808 Quod
1325 1759 1447 1810 vulgo
1474 1758 1580 1798 dici-

50 1830 165 1866 mus,
199 1815 346 1855 baisser
371 1789 407 1854 I'e
432 1814 627 1870 povillon.
687 1816 795 1855 Idem
819 1817 1018 1867 Gregoras
1039 1817 1107 1858 lib.
1131 1816 1179 1856 V.
1200 1816 1347 1869 prioris
1368 1816 1580 1865 Historiae,

53 1888 143 1926 cap.
173 1873 241 1913 IV.
271 1888 386 1914 ουπω
412 1872 616 1914 διεπέτασε
642 1870 715 1922 τας
744 1869 923 1940 ὀθόνας,
963 1869 1052 1914 αλλ’
1049 1873 1238 1943 ἔμενεν
1250 1870 1478 1927 η’ρεμοῦσα,
1509 1872 1581 1911 ubi

51 1932 274 1997 interpres,
301 1928 397 1969 velis
415 1927 589 1968 nondum
606 1931 830 2001 expansis:
859 1944 955 1969 mox
978 1927 1062 1972 τότε
1090 1930 1161 1972 και
1182 1926 1286 1984 αὕτη
1309 1926 1582 1972 διαπετασασα

51 1986 125 2037 τὰς
145 1983 319 2036 ὀθόνας,
348 1983 543 2040 λαμβάνει
566 2003 641 2039 την
662 1988 870 2040 πολεμίαν.
907 2001 1084 2028 nocuo.

166 2058 272 2109 Pag·
305 2058 409 2105 859,
441 2059 480 2098 8.
540 2055 625 2097 Καὶ
646 2053 742 2103 τούς
763 2052 927 2097 ἔνδον
900 2072 1080 2105 απαντας
1104 2056 1352 2110 ἓμπιπρῶσι]
1385 2056 1581 2095 Cantacu-

53 2127 178 2154 zenas
196 2127 281 2152 rem
305 2113 422 2152 aliter
446 2120 582 2153 narrat
609 2113 678 2151 lib.
697 2114 765 2153 IV.
793 2127 883 2166 cap.
898 2113 969 2154 XI.
997 2127 1087 2167 pag.
1105 2113 1202 2156 744.
1225 2120 1265 2153 et
1289 2113 1385 2156 745.
1427 2126 1581 2153 nomn.

172 2185 270 2235 Peg.
303 2184 407 2232 860,
445 2186 508 2225 12.
566 2179 688 2222 Men}
713 2185 875 2223 πολλῶν
909 2180 980 2223 καὶ
1007 2177 1190 2236 μεγάλων
1218 2180 1409 2235 θυρεῶν]
1446 2181 1583 2220 Nostri

56 2237 260 2280 Pavesade
283 2246 443 2279 vocant.
500 2252 677 2278 nuchc.

171 2295 275 2350 Peg.
306 2299 411 2346 860,
441 2300 508 2339 17.
564 2295 800 2349 Δημητρίου
838 2297 913 2335 τοῦ
944 2290 1147 2349 μάρτυρος
1177 2293 1335 2348 ἵδρυται
1370 2292 1417 2336 ‘co'
1448 2291 1582 2347 ἷερόν]

58 2354 117 2392 Dc
137 2367 215 2406 qua
234 2355 274 2392 S.
293 2354 481 2392 Demetrii
511 2354 607 2392 aede
633 2360 671 2391 et
697 2352 808 2391 illius
835 2351 914 2390 situ
949 2351 1110 2405 copiose
1131 2351 1281 2403 egimus
1300 2352 1343 2390 in
1363 2351 1584 2390 Constanti-

59 2425 156 2464 nop.
178 2410 323 2451 Christ.
342 2411 412 2451 lib.
432 2411 500 2449 1V.
522 2417 618 2449 sect.
635 2410 701 2449 VI.
722 2423 762 2447 n.
785 2412 855 2452 33.
911 2422 1084 2448 nucum.

178 2481 275 2532 Pflg·
306 2482 410 2529 860,
438 2483 507 2522 23.
568 2474 692 2520 Κᾶτω
720 2492 796 2530 την
818 2473 1014 2530 ψάμμον]
1044 2475 1308 2516 Saburram..
1322 2505 1351 2514 ..
1381 2488 1554 2514 nucum.

174 2545 839 2616 Ρσ3861,14.Ἡμιπλε’θρου
869 2543 1022 2613 μεῖον]
1045 2545 1143 2585 Cod.
1169 2545 1247 2584 MS.
1276 2543 1326 2582 ad
1356 2542 1584 2593 marginem,

65 2605 285 2658 σημείωσαι
308 2620 372 2646 οτι
391 2602 436 2646 τό
460 2603 640 2658 πλέθρον
664 2602 745 2645 ἐστὶ
764 2601 923 2655 πηχέων
940 2598 1034 2657 ρλγ’.
1070 2615 1245 2641 nocane.

181 2671 217 2712 Ρ
214 2687 278 2726 ug
309 2676 413 2723 862,
441 2673 598 2716 2.οἷ
620 2669 661 2713 δ’
687 2669 911 2725 υπότρομοι
935 2667 1166 2727 γενόμενοι]
1197 2669 1310 2707 Hanc
1329 2665 1586 2705 Graecanica·
1636 2688 1644 2695 ·

64 2745 156 2770 rum
177 2731 343 2769 navium
373 2731 527 2771 cladem
555 2730 692 2770 multis
723 2729 842 2769 etiam
870 2735 1007 2768 narrat
1023 2729 1321 2767 Cantacuzenus
1342 2723 1381 2762 d.
1411 2722 1586 2775 cap.X1.

66 2794 168 2828 exn.
226 2801 403 2827 numne.

185 2847 281 2897 Pag-
312 2848 416 2895 862,
448 2848 511 2887 12.
539 2840 793 2896 Ἐστιατορας
813 2838 959 2891 αὕτοΰς
975 2846 1059 2890 τοῖς
1078 2839 1229 2880 ἑαυτῶν
1247 2833 1481 2888 δαιτυμόσιν
1494 2834 1587 2887 eta]

69 2902 357 2955 Interpretatur,
380 2915 489 2954 sum,
511 2900 688 2957 piscibus
712 2898 1028 2940 convivatoribus
1054 2898 1135 2938 suis
1158 2893 1349 2950 epulum‘
1332 2894 1409 2947 apsi
1432 2891 1588 2943 daturi,-
