<?xml version="1.0" encoding="UTF-8"?>
<!DOCTYPE html PUBLIC "-//W3C//DTD XHTML 1.0 Transitional//EN"
    "http://www.w3.org/TR/xhtml1/DTD/xhtml1-transitional.dtd">
<html xmlns="http://www.w3.org/1999/xhtml" xml:lang="en" lang="en">
 <head>
  <title>
</title>
<meta http-equiv="Content-Type" content="text/html;charset=utf-8" />
  <meta name='ocr-system' content='tesseract 3.04.00' />
  <meta name='ocr-capabilities' content='ocr_page ocr_carea ocr_par ocr_line ocrx_word'/>
</head>
<body>
  <div class='ocr_page' id='page_1' title='image "./corpusscriptorum39niebuoft_0720.png"; bbox 0 0 1754 3164; ppageno 0'>
   <div class='ocr_carea' id='block_1_1' title="bbox 151 99 1155 151">
    <p class='ocr_par' dir='ltr' id='par_1_1' title="bbox 151 99 1155 151">
     <span class='ocr_line' id='line_1_1' title="bbox 151 99 1155 151; baseline 0.001 -4"><span class='ocrx_word' id='word_1_1' title='bbox 151 99 282 147; x_wconf 75' lang='lat'>1278</span> <span class='ocrx_word' id='word_1_2' title='bbox 675 103 1155 151; x_wconf 79' lang='lat' dir='ltr'>ANNOTATIONES.</span> 
     </span>
    </p>
   </div>
   <div class='ocr_carea' id='block_1_2' title="bbox 151 208 1754 2851">
    <p class='ocr_par' dir='ltr' id='par_1_2' title="bbox 151 208 1695 324">
     <span class='ocr_line' id='line_1_2' title="bbox 151 208 1695 267; baseline -0.003 -13"><span class='ocrx_word' id='word_1_3' title='bbox 151 210 255 266; x_wconf 73' lang='grc' dir='ltr'><strong><em>νῆν]</em></strong></span> <span class='ocrx_word' id='word_1_4' title='bbox 286 213 565 251; x_wconf 81' lang='lat' dir='ltr'>Cantacuzeno</span> <span class='ocrx_word' id='word_1_5' title='bbox 589 210 738 250; x_wconf 83' lang='lat' dir='ltr'>dicitur</span> <span class='ocrx_word' id='word_1_6' title='bbox 768 226 868 259; x_wconf 88' lang='grc' dir='ltr'><strong><em>ναος</em></strong></span> <span class='ocrx_word' id='word_1_7' title='bbox 894 214 975 253; x_wconf 73' lang='grc' dir='ltr'><strong><em>τῶν</em></strong></span> <span class='ocrx_word' id='word_1_8' title='bbox 997 210 1115 254; x_wconf 75' lang='grc' dir='ltr'><strong><em>ἐννέα</em></strong></span> <span class='ocrx_word' id='word_1_9' title='bbox 1136 208 1378 267; x_wconf 75' lang='grc' dir='ltr'><strong><em>ταγμάτων,</em></strong></span> <span class='ocrx_word' id='word_1_10' title='bbox 1390 208 1511 253; x_wconf 60' lang='lat' dir='ltr'>vHist.</span> <span class='ocrx_word' id='word_1_11' title='bbox 1531 211 1603 253; x_wconf 86' lang='lat' dir='ltr'>lib.</span> <span class='ocrx_word' id='word_1_12' title='bbox 1622 210 1695 251; x_wconf 86' lang='grc' dir='ltr'>ΙΙΙ.</span> 
     </span>
     <span class='ocr_line' id='line_1_3' title="bbox 155 269 945 324; baseline -0.004 -14"><span class='ocrx_word' id='word_1_13' title='bbox 155 285 239 324; x_wconf 87' lang='lat' dir='ltr'>cap.</span> <span class='ocrx_word' id='word_1_14' title='bbox 260 269 517 310; x_wconf 88' lang='lat' dir='ltr'>LXXXVIII.</span> <span class='ocrx_word' id='word_1_15' title='bbox 537 282 626 322; x_wconf 81' lang='lat' dir='ltr'>pag.</span> <span class='ocrx_word' id='word_1_16' title='bbox 650 271 746 313; x_wconf 89' lang='grc'><strong>658.</strong></span> <span class='ocrx_word' id='word_1_17' title='bbox 786 283 945 311; x_wconf 79' lang='lat' dir='ltr'>nowa.</span> 
     </span>
    </p>

    <p class='ocr_par' dir='ltr' id='par_1_3' title="bbox 158 323 1720 1128">
     <span class='ocr_line' id='line_1_4' title="bbox 269 323 1701 381; baseline -0.003 -13"><span class='ocrx_word' id='word_1_18' title='bbox 269 327 505 380; x_wconf 79' lang='lat' dir='ltr'>Pag.740,</span> <span class='ocrx_word' id='word_1_19' title='bbox 540 330 606 368; x_wconf 87' lang='lat'>10.</span> <span class='ocrx_word' id='word_1_20' title='bbox 663 326 708 367; x_wconf 84' lang='lat' dir='ltr'>‘O</span> <span class='ocrx_word' id='word_1_21' title='bbox 728 326 771 366; x_wconf 76' lang='grc' dir='ltr'>ἐκ</span> <span class='ocrx_word' id='word_1_22' title='bbox 799 330 871 379; x_wconf 78' lang='grc' dir='ltr'>τῆς</span> <span class='ocrx_word' id='word_1_23' title='bbox 889 325 1084 380; x_wconf 80' lang='grc' dir='ltr'><strong><em>προτέρας</em></strong></span> <span class='ocrx_word' id='word_1_24' title='bbox 1105 323 1305 381; x_wconf 77' lang='grc' dir='ltr'>συζύγου]</span> <span class='ocrx_word' id='word_1_25' title='bbox 1334 326 1373 365; x_wconf 82' lang='lat' dir='ltr'>Is</span> <span class='ocrx_word' id='word_1_26' title='bbox 1396 326 1564 365; x_wconf 83' lang='lat' dir='ltr'>Ioannes</span> <span class='ocrx_word' id='word_1_27' title='bbox 1588 324 1701 378; x_wconf 85' lang='lat' dir='ltr'>Apo-</span> 
     </span>
     <span class='ocr_line' id='line_1_5' title="bbox 158 384 1703 437; baseline -0.003 -12"><span class='ocrx_word' id='word_1_28' title='bbox 158 399 308 425; x_wconf 91' lang='lat' dir='ltr'>caucus</span> <span class='ocrx_word' id='word_1_29' title='bbox 331 384 560 436; x_wconf 85' lang='lat' dir='ltr'>appellatur</span> <span class='ocrx_word' id='word_1_30' title='bbox 581 398 603 422; x_wconf 88' lang='lat' dir='ltr'><strong>a</strong></span> <span class='ocrx_word' id='word_1_31' title='bbox 627 385 905 422; x_wconf 83' lang='lat' dir='ltr'>Cantacuzeno</span> <span class='ocrx_word' id='word_1_32' title='bbox 928 384 1000 424; x_wconf 88' lang='lat' dir='ltr'>Iib.</span> <span class='ocrx_word' id='word_1_33' title='bbox 1022 385 1088 423; x_wconf 90' lang='lat' dir='ltr'>III.</span> <span class='ocrx_word' id='word_1_34' title='bbox 1114 398 1202 437; x_wconf 86' lang='lat' dir='ltr'>cap.</span> <span class='ocrx_word' id='word_1_35' title='bbox 1229 385 1372 425; x_wconf 89' lang='lat' dir='ltr'>XCIII.</span> <span class='ocrx_word' id='word_1_36' title='bbox 1397 384 1469 422; x_wconf 85' lang='lat' dir='ltr'>ubi</span> <span class='ocrx_word' id='word_1_37' title='bbox 1497 398 1580 423; x_wconf 85' lang='lat' dir='ltr'>rem</span> <span class='ocrx_word' id='word_1_38' title='bbox 1611 397 1703 421; x_wconf 84' lang='lat' dir='ltr'><strong>ean-</strong></span> 
     </span>
     <span class='ocr_line' id='line_1_6' title="bbox 161 440 1704 494; baseline -0.003 -11"><span class='ocrx_word' id='word_1_39' title='bbox 161 445 248 483; x_wconf 75' lang='lat' dir='ltr'>dem</span> <span class='ocrx_word' id='word_1_40' title='bbox 273 446 419 480; x_wconf 82' lang='lat' dir='ltr'>narrat.</span> <span class='ocrx_word' id='word_1_41' title='bbox 461 440 539 480; x_wconf 87' lang='lat' dir='ltr'>Sed</span> <span class='ocrx_word' id='word_1_42' title='bbox 561 449 600 480; x_wconf 87' lang='lat' dir='ltr'>et</span> <span class='ocrx_word' id='word_1_43' title='bbox 629 442 770 481; x_wconf 77' lang='lat' dir='ltr'>scribit</span> <span class='ocrx_word' id='word_1_44' title='bbox 791 442 862 482; x_wconf 85' lang='lat' dir='ltr'>lib.</span> <span class='ocrx_word' id='word_1_45' title='bbox 887 442 958 481; x_wconf 91' lang='lat' dir='ltr'>III.</span> <span class='ocrx_word' id='word_1_46' title='bbox 981 456 1067 494; x_wconf 84' lang='lat' dir='ltr'>cap.</span> <span class='ocrx_word' id='word_1_47' title='bbox 1093 442 1351 482; x_wconf 90' lang='lat' dir='ltr'>LXXXVIII.</span> <span class='ocrx_word' id='word_1_48' title='bbox 1374 441 1476 480; x_wconf 81' lang='lat' dir='ltr'>duos</span> <span class='ocrx_word' id='word_1_49' title='bbox 1495 441 1704 494; x_wconf 87' lang='lat' dir='ltr'>Apocauci</span> 
     </span>
     <span class='ocr_line' id='line_1_7' title="bbox 162 498 1706 552; baseline -0.001 -13"><span class='ocrx_word' id='word_1_50' title='bbox 162 501 291 548; x_wconf 78' lang='lat' dir='ltr'>filios,</span> <span class='ocrx_word' id='word_1_51' title='bbox 322 498 581 538; x_wconf 82' lang='lat' dir='ltr'>stoliditatem</span> <span class='ocrx_word' id='word_1_52' title='bbox 603 513 812 551; x_wconf 84' lang='lat' dir='ltr'>moresque</span> <span class='ocrx_word' id='word_1_53' title='bbox 837 500 1158 552; x_wconf 84' lang='lat' dir='ltr'>improbissimos</span> <span class='ocrx_word' id='word_1_54' title='bbox 1179 499 1308 552; x_wconf 84' lang='lat' dir='ltr'>patris</span> <span class='ocrx_word' id='word_1_55' title='bbox 1332 499 1584 546; x_wconf 83' lang='lat' dir='ltr'>detestantes,</span> <span class='ocrx_word' id='word_1_56' title='bbox 1605 512 1706 551; x_wconf 90' lang='lat' dir='ltr'>pau-</span> 
     </span>
     <span class='ocr_line' id='line_1_8' title="bbox 162 556 1706 609; baseline -0.001 -12"><span class='ocrx_word' id='word_1_57' title='bbox 162 560 204 597; x_wconf 91' lang='lat' dir='ltr'>lo</span> <span class='ocrx_word' id='word_1_58' title='bbox 230 563 320 596; x_wconf 85' lang='lat' dir='ltr'>ante</span> <span class='ocrx_word' id='word_1_59' title='bbox 349 556 478 609; x_wconf 85' lang='lat' dir='ltr'>ipsius</span> <span class='ocrx_word' id='word_1_60' title='bbox 500 556 663 596; x_wconf 88' lang='lat' dir='ltr'><strong>caedem</strong></span> <span class='ocrx_word' id='word_1_61' title='bbox 691 557 739 596; x_wconf 83' lang='lat' dir='ltr'>ad</span> <span class='ocrx_word' id='word_1_62' title='bbox 771 557 904 608; x_wconf 84' lang='lat' dir='ltr'>ipsum</span> <span class='ocrx_word' id='word_1_63' title='bbox 933 558 1254 596; x_wconf 79' lang='lat' dir='ltr'>Cantacuzenum</span> <span class='ocrx_word' id='word_1_64' title='bbox 1284 557 1501 597; x_wconf 73' lang='lat' dir='ltr'>transiisse.</span> <span class='ocrx_word' id='word_1_65' title='bbox 1532 569 1706 595; x_wconf 80' lang='lat' dir='ltr'>DUCANG.</span> 
     </span>
     <span class='ocr_line' id='line_1_9' title="bbox 162 609 1708 669; baseline -0.003 -13"><span class='ocrx_word' id='word_1_66' title='bbox 162 613 273 656; x_wconf 80' lang='grc' dir='ltr'><strong><em>Ἐπεὶ</em></strong></span> <span class='ocrx_word' id='word_1_67' title='bbox 302 609 344 654; x_wconf 81' lang='grc' dir='ltr'>δ’</span> <span class='ocrx_word' id='word_1_68' title='bbox 371 613 394 654; x_wconf 80' lang='grc' dir='ltr'>ὁ</span> <span class='ocrx_word' id='word_1_69' title='bbox 427 613 470 654; x_wconf 77' lang='grc' dir='ltr'>ἐκ</span> <span class='ocrx_word' id='word_1_70' title='bbox 499 617 573 667; x_wconf 83' lang='grc' dir='ltr'>τῆς</span> <span class='ocrx_word' id='word_1_71' title='bbox 605 614 798 669; x_wconf 77' lang='grc' dir='ltr'><strong><em>προτέρας</em></strong></span> <span class='ocrx_word' id='word_1_72' title='bbox 831 611 1008 668; x_wconf 72' lang='grc' dir='ltr'><strong><em>’συζύγου</em></strong></span> <span class='ocrx_word' id='word_1_73' title='bbox 1038 617 1194 668; x_wconf 78' lang='grc' dir='ltr'><strong><em>πρῶτος</em></strong></span> <span class='ocrx_word' id='word_1_74' title='bbox 1222 610 1478 656; x_wconf 79' lang='grc' dir='ltr'><strong><em>Ἀποκαύκου</em></strong></span> <span class='ocrx_word' id='word_1_75' title='bbox 1505 611 1618 664; x_wconf 77' lang='grc' dir='ltr'>υἱός]</span> <span class='ocrx_word' id='word_1_76' title='bbox 1661 613 1708 651; x_wconf 84' lang='lat' dir='ltr'>In</span> 
     </span>
     <span class='ocr_line' id='line_1_10' title="bbox 170 672 1711 726; baseline -0.001 -15"><span class='ocrx_word' id='word_1_77' title='bbox 170 672 319 711; x_wconf 85' lang='lat' dir='ltr'>Codice</span> <span class='ocrx_word' id='word_1_78' title='bbox 342 672 465 722; x_wconf 85' lang='lat' dir='ltr'>Regio</span> <span class='ocrx_word' id='word_1_79' title='bbox 488 672 638 723; x_wconf 85' lang='lat' dir='ltr'>legitur</span> <span class='ocrx_word' id='word_1_80' title='bbox 661 672 822 724; x_wconf 85' lang='lat' dir='ltr'>quidem</span> <span class='ocrx_word' id='word_1_81' title='bbox 850 675 1028 726; x_wconf 80' lang='grc' dir='ltr'><strong><em>πρῶτος,</em></strong></span> <span class='ocrx_word' id='word_1_82' title='bbox 1061 673 1129 710; x_wconf 76' lang='lat' dir='ltr'>sed</span> <span class='ocrx_word' id='word_1_83' title='bbox 1154 686 1276 725; x_wconf 73' lang='grc' dir='ltr'>ευριει</span> <span class='ocrx_word' id='word_1_84' title='bbox 1297 672 1489 725; x_wconf 83' lang='lat' dir='ltr'>syllabam</span> <span class='ocrx_word' id='word_1_85' title='bbox 1522 674 1613 724; x_wconf 76' lang='grc' dir='ltr'>πρῶ</span> <span class='ocrx_word' id='word_1_86' title='bbox 1642 684 1711 709; x_wconf 88' lang='lat' dir='ltr'>ea-</span> 
     </span>
     <span class='ocr_line' id='line_1_11' title="bbox 170 728 1712 786; baseline -0.001 -18"><span class='ocrx_word' id='word_1_87' title='bbox 170 731 258 768; x_wconf 86' lang='lat' dir='ltr'>dem</span> <span class='ocrx_word' id='word_1_88' title='bbox 288 743 408 767; x_wconf 87' lang='lat' dir='ltr'><strong>manu</strong></span> <span class='ocrx_word' id='word_1_89' title='bbox 428 729 621 781; x_wconf 84' lang='lat' dir='ltr'>scriptum</span> <span class='ocrx_word' id='word_1_90' title='bbox 651 730 800 781; x_wconf 85' lang='lat' dir='ltr'>legitur</span> <span class='ocrx_word' id='word_1_91' title='bbox 820 731 903 786; x_wconf 84' lang='grc' dir='ltr'>τρί.</span> <span class='ocrx_word' id='word_1_92' title='bbox 935 731 1043 768; x_wconf 84' lang='lat' dir='ltr'>unde</span> <span class='ocrx_word' id='word_1_93' title='bbox 1064 730 1230 768; x_wconf 88' lang='lat' dir='ltr'>dubium</span> <span class='ocrx_word' id='word_1_94' title='bbox 1251 737 1310 769; x_wconf 89' lang='lat' dir='ltr'>est</span> <span class='ocrx_word' id='word_1_95' title='bbox 1330 736 1466 769; x_wconf 83' lang='lat' dir='ltr'>utrum</span> <span class='ocrx_word' id='word_1_96' title='bbox 1487 728 1554 767; x_wconf 84' lang='lat' dir='ltr'>hic</span> <span class='ocrx_word' id='word_1_97' title='bbox 1571 729 1712 778; x_wconf 84' lang='lat' dir='ltr'><strong>legen-</strong></span> 
     </span>
     <span class='ocr_line' id='line_1_12' title="bbox 171 785 1715 842; baseline -0.002 -16"><span class='ocrx_word' id='word_1_98' title='bbox 171 789 268 826; x_wconf 82' lang='lat' dir='ltr'>dum</span> <span class='ocrx_word' id='word_1_99' title='bbox 308 787 360 824; x_wconf 84' lang='lat' dir='ltr'>sit</span> <span class='ocrx_word' id='word_1_100' title='bbox 392 790 552 839; x_wconf 76' lang='grc' dir='ltr'><strong><em>πρῶτος</em></strong></span> <span class='ocrx_word' id='word_1_101' title='bbox 590 802 639 826; x_wconf 89' lang='lat' dir='ltr'>an</span> <span class='ocrx_word' id='word_1_102' title='bbox 675 789 818 842; x_wconf 81' lang='grc' dir='ltr'><strong><em>τρίτος.</em></strong></span> <span class='ocrx_word' id='word_1_103' title='bbox 879 788 1181 827; x_wconf 87' lang='lat' dir='ltr'>Cantacuzenus</span> <span class='ocrx_word' id='word_1_104' title='bbox 1218 786 1397 827; x_wconf 88' lang='lat' dir='ltr'>meminit</span> <span class='ocrx_word' id='word_1_105' title='bbox 1424 787 1545 826; x_wconf 86' lang='lat' dir='ltr'>trium</span> <span class='ocrx_word' id='word_1_106' title='bbox 1579 785 1715 825; x_wconf 68' lang='lat' dir='ltr'>Alexii</span> 
     </span>
     <span class='ocr_line' id='line_1_13' title="bbox 172 844 1713 899; baseline -0.003 -14"><span class='ocrx_word' id='word_1_107' title='bbox 172 844 374 897; x_wconf 72' lang='lat' dir='ltr'>Apucwci</span> <span class='ocrx_word' id='word_1_108' title='bbox 408 844 609 896; x_wconf 87' lang='lat' dir='ltr'>filiorum,</span> <span class='ocrx_word' id='word_1_109' title='bbox 640 859 812 897; x_wconf 83' lang='lat' dir='ltr'>quorum</span> <span class='ocrx_word' id='word_1_110' title='bbox 846 845 949 884; x_wconf 90' lang='lat' dir='ltr'>duos</span> <span class='ocrx_word' id='word_1_111' title='bbox 987 845 1084 884; x_wconf 91' lang='lat' dir='ltr'>vivo</span> <span class='ocrx_word' id='word_1_112' title='bbox 1113 851 1229 899; x_wconf 76' lang='lat' dir='ltr'>pane</span> <span class='ocrx_word' id='word_1_113' title='bbox 1261 845 1317 884; x_wconf 87' lang='lat' dir='ltr'>ait</span> <span class='ocrx_word' id='word_1_114' title='bbox 1346 844 1394 883; x_wconf 89' lang='lat' dir='ltr'>ad</span> <span class='ocrx_word' id='word_1_115' title='bbox 1429 858 1472 883; x_wconf 85' lang='lat' dir='ltr'>se</span> <span class='ocrx_word' id='word_1_116' title='bbox 1493 844 1713 892; x_wconf 76' lang='lat' dir='ltr'>nansiisse,</span> 
     </span>
     <span class='ocr_line' id='line_1_14' title="bbox 172 902 1718 955; baseline -0.001 -15"><span class='ocrx_word' id='word_1_117' title='bbox 172 904 278 942; x_wconf 76' lang='lat' dir='ltr'>llist.</span> <span class='ocrx_word' id='word_1_118' title='bbox 309 902 378 941; x_wconf 89' lang='lat' dir='ltr'>lib.</span> <span class='ocrx_word' id='word_1_119' title='bbox 403 903 473 941; x_wconf 86' lang='lat'>111.</span> <span class='ocrx_word' id='word_1_120' title='bbox 515 916 602 955; x_wconf 90' lang='lat' dir='ltr'>cap.</span> <span class='ocrx_word' id='word_1_121' title='bbox 633 903 893 942; x_wconf 86' lang='lat' dir='ltr'>LXXXVIII.</span> <span class='ocrx_word' id='word_1_122' title='bbox 920 905 1107 954; x_wconf 84' lang='lat' dir='ltr'>tertium,</span> <span class='ocrx_word' id='word_1_123' title='bbox 1159 917 1275 954; x_wconf 88' lang='lat' dir='ltr'><strong>quem</strong></span> <span class='ocrx_word' id='word_1_124' title='bbox 1313 902 1549 953; x_wconf 86' lang='lat' dir='ltr'>ambigimus</span> <span class='ocrx_word' id='word_1_125' title='bbox 1579 908 1718 940; x_wconf 80' lang='lat' dir='ltr'>utrum</span> 
     </span>
     <span class='ocr_line' id='line_1_15' title="bbox 177 960 1718 1013; baseline -0.002 -13"><span class='ocrx_word' id='word_1_126' title='bbox 177 960 374 1000; x_wconf 78' lang='lat' dir='ltr'>maximus</span> <span class='ocrx_word' id='word_1_127' title='bbox 398 974 449 998; x_wconf 88' lang='lat' dir='ltr'>an</span> <span class='ocrx_word' id='word_1_128' title='bbox 466 960 652 999; x_wconf 89' lang='lat' dir='ltr'>minimus</span> <span class='ocrx_word' id='word_1_129' title='bbox 681 967 777 999; x_wconf 82' lang='lat' dir='ltr'>natu</span> <span class='ocrx_word' id='word_1_130' title='bbox 808 961 956 1010; x_wconf 86' lang='lat' dir='ltr'>suerit,</span> <span class='ocrx_word' id='word_1_131' title='bbox 990 967 1082 1013; x_wconf 89' lang='lat' dir='ltr'>post</span> <span class='ocrx_word' id='word_1_132' title='bbox 1107 960 1232 1013; x_wconf 86' lang='lat' dir='ltr'>patris</span> <span class='ocrx_word' id='word_1_133' title='bbox 1254 966 1422 999; x_wconf 87' lang='lat' dir='ltr'>mortem</span> <span class='ocrx_word' id='word_1_134' title='bbox 1441 960 1483 998; x_wconf 89' lang='lat' dir='ltr'>in</span> <span class='ocrx_word' id='word_1_135' title='bbox 1505 973 1595 999; x_wconf 83' lang='lat' dir='ltr'>suas</span> <span class='ocrx_word' id='word_1_136' title='bbox 1620 973 1718 1011; x_wconf 83' lang='lat' dir='ltr'>par-</span> 
     </span>
     <span class='ocr_line' id='line_1_16' title="bbox 176 1016 1720 1071; baseline -0.001 -15"><span class='ocrx_word' id='word_1_137' title='bbox 176 1024 237 1056; x_wconf 69' lang='lat' dir='ltr'>tes</span> <span class='ocrx_word' id='word_1_138' title='bbox 265 1024 576 1068; x_wconf 83' lang='lat' dir='ltr'>transgressum,</span> <span class='ocrx_word' id='word_1_139' title='bbox 609 1033 630 1056; x_wconf 89' lang='lat' dir='ltr'>a</span> <span class='ocrx_word' id='word_1_140' title='bbox 657 1019 806 1056; x_wconf 81' lang='lat' dir='ltr'>Zelotis</span> <span class='ocrx_word' id='word_1_141' title='bbox 830 1017 1136 1057; x_wconf 76' lang='lat' dir='ltr'><strong>Thessalonicae</strong></span> <span class='ocrx_word' id='word_1_142' title='bbox 1162 1018 1469 1071; x_wconf 84' lang='lat' dir='ltr'>praecipitatum</span> <span class='ocrx_word' id='word_1_143' title='bbox 1493 1023 1530 1056; x_wconf 88' lang='lat' dir='ltr'>et</span> <span class='ocrx_word' id='word_1_144' title='bbox 1554 1016 1720 1056; x_wconf 84' lang='lat' dir='ltr'>obtrun-</span> 
     </span>
     <span class='ocr_line' id='line_1_17' title="bbox 180 1075 1522 1128; baseline -0.001 -14"><span class='ocrx_word' id='word_1_145' title='bbox 180 1082 312 1114; x_wconf 88' lang='lat' dir='ltr'>catum</span> <span class='ocrx_word' id='word_1_146' title='bbox 340 1082 496 1125; x_wconf 82' lang='lat' dir='ltr'>narrat,</span> <span class='ocrx_word' id='word_1_147' title='bbox 529 1075 704 1114; x_wconf 84' lang='lat' dir='ltr'>eiusdem</span> <span class='ocrx_word' id='word_1_148' title='bbox 733 1076 803 1114; x_wconf 90' lang='lat' dir='ltr'>lib.</span> <span class='ocrx_word' id='word_1_149' title='bbox 826 1090 912 1128; x_wconf 84' lang='lat' dir='ltr'>cap.</span> <span class='ocrx_word' id='word_1_150' title='bbox 937 1077 1079 1116; x_wconf 86' lang='lat' dir='ltr'>XCIII.</span> <span class='ocrx_word' id='word_1_151' title='bbox 1103 1083 1142 1114; x_wconf 87' lang='lat' dir='ltr'>et</span> <span class='ocrx_word' id='word_1_152' title='bbox 1163 1076 1304 1115; x_wconf 86' lang='lat' dir='ltr'>XCIV.</span> <span class='ocrx_word' id='word_1_153' title='bbox 1364 1088 1522 1117; x_wconf 77' lang='lat' dir='ltr'>BOIVIN.</span> 
     </span>
    </p>

    <p class='ocr_par' dir='ltr' id='par_1_4' title="bbox 182 1128 1724 1299">
     <span class='ocr_line' id='line_1_18' title="bbox 295 1128 1724 1187; baseline -0.002 -12"><span class='ocrx_word' id='word_1_154' title='bbox 295 1132 534 1184; x_wconf 85' lang='grc' dir='ltr'>Ρα3.74Ο,</span> <span class='ocrx_word' id='word_1_155' title='bbox 569 1137 634 1175; x_wconf 92' lang='grc'>17.</span> <span class='ocrx_word' id='word_1_156' title='bbox 699 1131 1024 1173; x_wconf 81' lang='grc' dir='ltr'><strong><em>Θεσσαλονικέων</em></strong></span> <span class='ocrx_word' id='word_1_157' title='bbox 1070 1137 1272 1186; x_wconf 77' lang='grc' dir='ltr'><strong><em>χειροῦται</em></strong></span> <span class='ocrx_word' id='word_1_158' title='bbox 1311 1128 1554 1187; x_wconf 77' lang='grc' dir='ltr'><strong><em>οἷκρόπολιν]</em></strong></span> <span class='ocrx_word' id='word_1_159' title='bbox 1610 1131 1724 1180; x_wconf 83' lang='lat' dir='ltr'><strong>Quae</strong></span> 
     </span>
     <span class='ocr_line' id='line_1_19' title="bbox 182 1186 1725 1245; baseline -0.003 -14"><span class='ocrx_word' id='word_1_160' title='bbox 182 1186 299 1231; x_wconf 83' lang='grc' dir='ltr'><strong><em>πόλει</em></strong></span> <span class='ocrx_word' id='word_1_161' title='bbox 321 1189 401 1229; x_wconf 89' lang='grc' dir='ltr'><strong><em>τινὶ</em></strong></span> <span class='ocrx_word' id='word_1_162' title='bbox 431 1189 534 1230; x_wconf 76' lang='grc' dir='ltr'><strong><em>ἔοικε</em></strong></span> <span class='ocrx_word' id='word_1_163' title='bbox 564 1206 710 1245; x_wconf 81' lang='grc' dir='ltr'><strong><em>μικρα,</em></strong></span> <span class='ocrx_word' id='word_1_164' title='bbox 740 1190 809 1231; x_wconf 81' lang='grc' dir='ltr'>καὶ</span> <span class='ocrx_word' id='word_1_165' title='bbox 838 1188 1052 1244; x_wconf 75' lang='grc' dir='ltr'><strong><em>οἰκήτορας</em></strong></span> <span class='ocrx_word' id='word_1_166' title='bbox 1085 1191 1215 1239; x_wconf 81' lang='grc' dir='ltr'><strong><em>ἰδίους</em></strong></span> <span class='ocrx_word' id='word_1_167' title='bbox 1243 1190 1440 1240; x_wconf 83' lang='lat' dir='ltr'>habebat,</span> <span class='ocrx_word' id='word_1_168' title='bbox 1470 1189 1602 1242; x_wconf 86' lang='lat' dir='ltr'>inquit</span> <span class='ocrx_word' id='word_1_169' title='bbox 1625 1190 1725 1227; x_wconf 88' lang='lat' dir='ltr'>Can-</span> 
     </span>
     <span class='ocr_line' id='line_1_20' title="bbox 184 1248 827 1299; baseline 0 -13"><span class='ocrx_word' id='word_1_170' title='bbox 184 1254 316 1286; x_wconf 80' lang='lat' dir='ltr'>tacuz.</span> <span class='ocrx_word' id='word_1_171' title='bbox 339 1260 428 1299; x_wconf 86' lang='lat' dir='ltr'>cap.</span> <span class='ocrx_word' id='word_1_172' title='bbox 452 1248 590 1288; x_wconf 91' lang='lat' dir='ltr'>XCIV.</span> <span class='ocrx_word' id='word_1_173' title='bbox 650 1261 827 1289; x_wconf 75' lang='lat' dir='ltr'>nucANc.</span> 
     </span>
    </p>

    <p class='ocr_par' dir='ltr' id='par_1_5' title="bbox 188 1301 1728 1470">
     <span class='ocr_line' id='line_1_21' title="bbox 302 1301 1728 1357; baseline -0.003 -12"><span class='ocrx_word' id='word_1_174' title='bbox 302 1306 399 1357; x_wconf 76' lang='lat' dir='ltr'>Pog.</span> <span class='ocrx_word' id='word_1_175' title='bbox 432 1303 600 1355; x_wconf 84' lang='lat'>741,1.</span> <span class='ocrx_word' id='word_1_176' title='bbox 661 1304 744 1346; x_wconf 86' lang='grc' dir='ltr'>Καὶ</span> <span class='ocrx_word' id='word_1_177' title='bbox 765 1302 838 1346; x_wconf 77' lang='grc' dir='ltr'><strong><em>τόν</em></strong></span> <span class='ocrx_word' id='word_1_178' title='bbox 859 1308 933 1347; x_wconf 80' lang='grc' dir='ltr'>τοῦ</span> <span class='ocrx_word' id='word_1_179' title='bbox 952 1301 1200 1347; x_wconf 79' lang='grc' dir='ltr'><strong><em>Ἀποκαύκου</em></strong></span> <span class='ocrx_word' id='word_1_180' title='bbox 1224 1321 1263 1346; x_wconf 87' lang='grc' dir='ltr'><strong>κ.</strong></span> <span class='ocrx_word' id='word_1_181' title='bbox 1284 1320 1316 1345; x_wconf 90' lang='grc' dir='ltr'>τ.</span> <span class='ocrx_word' id='word_1_182' title='bbox 1334 1304 1390 1356; x_wconf 82' lang='grc' dir='ltr'><strong>λ.]</strong></span> <span class='ocrx_word' id='word_1_183' title='bbox 1425 1305 1728 1343; x_wconf 78' lang='lat' dir='ltr'>Cantacuzenus</span> 
     </span>
     <span class='ocr_line' id='line_1_22' title="bbox 189 1362 1728 1403; baseline -0.001 -3"><span class='ocrx_word' id='word_1_184' title='bbox 189 1375 276 1400; x_wconf 84' lang='lat' dir='ltr'>eam</span> <span class='ocrx_word' id='word_1_185' title='bbox 294 1374 380 1399; x_wconf 89' lang='lat' dir='ltr'>rem</span> <span class='ocrx_word' id='word_1_186' title='bbox 402 1362 564 1402; x_wconf 84' lang='lat' dir='ltr'>videtur</span> <span class='ocrx_word' id='word_1_187' title='bbox 591 1363 775 1402; x_wconf 84' lang='lat' dir='ltr'>conferre</span> <span class='ocrx_word' id='word_1_188' title='bbox 809 1363 853 1403; x_wconf 85' lang='lat' dir='ltr'>in</span> <span class='ocrx_word' id='word_1_189' title='bbox 877 1377 1024 1402; x_wconf 80' lang='lat' dir='ltr'><strong>annum</strong></span> <span class='ocrx_word' id='word_1_190' title='bbox 1053 1362 1202 1402; x_wconf 82' lang='lat' dir='ltr'>Christi</span> <span class='ocrx_word' id='word_1_191' title='bbox 1230 1363 1510 1403; x_wconf 88' lang='lat' dir='ltr'>MCCCXLVI.</span> <span class='ocrx_word' id='word_1_192' title='bbox 1532 1362 1634 1401; x_wconf 83' lang='lat' dir='ltr'>Hist.</span> <span class='ocrx_word' id='word_1_193' title='bbox 1656 1362 1728 1401; x_wconf 88' lang='lat' dir='ltr'>lib.</span> 
     </span>
     <span class='ocr_line' id='line_1_23' title="bbox 188 1419 752 1470; baseline 0 -12"><span class='ocrx_word' id='word_1_194' title='bbox 188 1419 259 1461; x_wconf 84' lang='grc' dir='ltr'>ΙΙΙ.</span> <span class='ocrx_word' id='word_1_195' title='bbox 282 1432 369 1470; x_wconf 85' lang='lat' dir='ltr'>cap.</span> <span class='ocrx_word' id='word_1_196' title='bbox 392 1420 533 1458; x_wconf 88' lang='lat' dir='ltr'>XCIII.</span> <span class='ocrx_word' id='word_1_197' title='bbox 593 1434 752 1459; x_wconf 76' lang='lat' dir='ltr'>Boxva.</span> 
     </span>
    </p>

    <p class='ocr_par' dir='ltr' id='par_1_6' title="bbox 192 1472 1737 1757">
     <span class='ocr_line' id='line_1_24' title="bbox 309 1472 1734 1547; baseline -0.004 -28"><span class='ocrx_word' id='word_1_198' title='bbox 309 1478 406 1529; x_wconf 75' lang='lat' dir='ltr'><em>Pag-</em></span> <span class='ocrx_word' id='word_1_199' title='bbox 435 1476 541 1527; x_wconf 88' lang='grc'>741,</span> <span class='ocrx_word' id='word_1_200' title='bbox 572 1480 610 1519; x_wconf 92' lang='grc'>6.</span> <span class='ocrx_word' id='word_1_201' title='bbox 675 1475 727 1518; x_wconf 83' lang='grc' dir='ltr'>Τὸ</span> <span class='ocrx_word' id='word_1_202' title='bbox 746 1480 820 1518; x_wconf 83' lang='grc' dir='ltr'>τοῦ</span> <span class='ocrx_word' id='word_1_203' title='bbox 840 1475 1018 1531; x_wconf 79' lang='grc' dir='ltr'><strong><em>Βατατζη</em></strong></span> <span class='ocrx_word' id='word_1_204' title='bbox 1037 1472 1255 1547; x_wconf 65' lang='lat' dir='ltr'>Ywavvpv]</span> <span class='ocrx_word' id='word_1_205' title='bbox 1285 1476 1396 1515; x_wconf 86' lang='lat' dir='ltr'>Illius</span> <span class='ocrx_word' id='word_1_206' title='bbox 1423 1476 1600 1516; x_wconf 80' lang='lat' dir='ltr'>meminit</span> <span class='ocrx_word' id='word_1_207' title='bbox 1629 1477 1734 1514; x_wconf 85' lang='lat' dir='ltr'>Can-</span> 
     </span>
     <span class='ocr_line' id='line_1_25' title="bbox 192 1508 1735 1589; baseline 0.001 -16"><span class='ocrx_word' id='word_1_208' title='bbox 192 1539 414 1573; x_wconf 82' lang='lat' dir='ltr'>tacuzenus</span> <span class='ocrx_word' id='word_1_209' title='bbox 437 1534 504 1574; x_wconf 90' lang='lat' dir='ltr'>lib.</span> <span class='ocrx_word' id='word_1_210' title='bbox 523 1508 590 1575; x_wconf 82' lang='lat'>1⁷11.</span> <span class='ocrx_word' id='word_1_211' title='bbox 620 1549 706 1588; x_wconf 89' lang='lat' dir='ltr'>cap.</span> <span class='ocrx_word' id='word_1_212' title='bbox 727 1536 878 1574; x_wconf 87' lang='lat' dir='ltr'>XXIX.</span> <span class='ocrx_word' id='word_1_213' title='bbox 940 1535 1031 1584; x_wconf 89' lang='lat' dir='ltr'>Quo</span> <span class='ocrx_word' id='word_1_214' title='bbox 1057 1536 1147 1574; x_wconf 87' lang='lat' dir='ltr'>loco</span> <span class='ocrx_word' id='word_1_215' title='bbox 1176 1531 1415 1588; x_wconf 82' lang='grc' dir='ltr'><strong><em>Ἀχυραϊτῶν</em></strong></span> <span class='ocrx_word' id='word_1_216' title='bbox 1442 1547 1735 1589; x_wconf 81' lang='grc' dir='ltr'><strong><em>προσαγορευο-</em></strong></span> 
     </span>
     <span class='ocr_line' id='line_1_26' title="bbox 196 1590 1735 1645; baseline 0 -16"><span class='ocrx_word' id='word_1_217' title='bbox 196 1590 303 1645; x_wconf 74' lang='grc' dir='ltr'>μείῳ</span> <span class='ocrx_word' id='word_1_218' title='bbox 339 1606 508 1645; x_wconf 84' lang='grc' dir='ltr'><strong><em>ταγματι</em></strong></span> <span class='ocrx_word' id='word_1_219' title='bbox 549 1594 798 1645; x_wconf 81' lang='lat' dir='ltr'>praefectum</span> <span class='ocrx_word' id='word_1_220' title='bbox 838 1594 962 1632; x_wconf 82' lang='lat' dir='ltr'>fuisse</span> <span class='ocrx_word' id='word_1_221' title='bbox 1001 1599 1086 1631; x_wconf 88' lang='lat' dir='ltr'>tum</span> <span class='ocrx_word' id='word_1_222' title='bbox 1120 1593 1192 1641; x_wconf 87' lang='lat' dir='ltr'>ait;</span> <span class='ocrx_word' id='word_1_223' title='bbox 1237 1598 1443 1645; x_wconf 86' lang='lat' dir='ltr'>praeterea</span> <span class='ocrx_word' id='word_1_224' title='bbox 1481 1606 1567 1645; x_wconf 88' lang='lat' dir='ltr'>cap.</span> <span class='ocrx_word' id='word_1_225' title='bbox 1602 1591 1735 1632; x_wconf 87' lang='lat' dir='ltr'>XXII.</span> 
     </span>
     <span class='ocr_line' id='line_1_27' title="bbox 195 1648 1737 1704; baseline 0.001 -17"><span class='ocrx_word' id='word_1_226' title='bbox 195 1649 267 1687; x_wconf 85' lang='lat' dir='ltr'>XI</span> <span class='ocrx_word' id='word_1_227' title='bbox 270 1648 335 1687; x_wconf 90' lang='lat' dir='ltr'>VI.</span> <span class='ocrx_word' id='word_1_228' title='bbox 363 1649 542 1690; x_wconf 87' lang='lat' dir='ltr'>LXXVI.</span> <span class='ocrx_word' id='word_1_229' title='bbox 574 1656 614 1689; x_wconf 89' lang='lat' dir='ltr'>et</span> <span class='ocrx_word' id='word_1_230' title='bbox 642 1650 728 1690; x_wconf 90' lang='lat' dir='ltr'>XC.</span> <span class='ocrx_word' id='word_1_231' title='bbox 755 1650 824 1689; x_wconf 88' lang='lat' dir='ltr'>ubi</span> <span class='ocrx_word' id='word_1_232' title='bbox 856 1650 1054 1704; x_wconf 86' lang='lat' dir='ltr'><strong>quaedam</strong></span> <span class='ocrx_word' id='word_1_233' title='bbox 1086 1664 1139 1690; x_wconf 87' lang='lat' dir='ltr'>ex</span> <span class='ocrx_word' id='word_1_234' title='bbox 1168 1650 1217 1688; x_wconf 92' lang='lat' dir='ltr'>iis</span> <span class='ocrx_word' id='word_1_235' title='bbox 1247 1663 1348 1702; x_wconf 84' lang='lat' dir='ltr'><strong>quae</strong></span> <span class='ocrx_word' id='word_1_236' title='bbox 1379 1664 1401 1688; x_wconf 87' lang='lat' dir='ltr'><strong>a</strong></span> <span class='ocrx_word' id='word_1_237' title='bbox 1431 1650 1611 1702; x_wconf 84' lang='lat' dir='ltr'>Gregora</span> <span class='ocrx_word' id='word_1_238' title='bbox 1642 1663 1737 1688; x_wconf 89' lang='lat' dir='ltr'>nar-</span> 
     </span>
     <span class='ocr_line' id='line_1_28' title="bbox 198 1707 746 1757; baseline 0.002 -12"><span class='ocrx_word' id='word_1_239' title='bbox 198 1712 342 1745; x_wconf 87' lang='lat' dir='ltr'><strong>rantur</strong></span> <span class='ocrx_word' id='word_1_240' title='bbox 366 1707 512 1757; x_wconf 83' lang='lat' dir='ltr'>attigit.</span> <span class='ocrx_word' id='word_1_241' title='bbox 569 1721 746 1750; x_wconf 77' lang='lat' dir='ltr'>DUCANG.</span> 
     </span>
    </p>

    <p class='ocr_par' dir='ltr' id='par_1_7' title="bbox 203 1761 1746 2273">
     <span class='ocr_line' id='line_1_29' title="bbox 315 1761 1739 1818; baseline -0.003 -11"><span class='ocrx_word' id='word_1_242' title='bbox 315 1762 415 1817; x_wconf 79' lang='lat' dir='ltr'>Pag·</span> <span class='ocrx_word' id='word_1_243' title='bbox 448 1764 555 1815; x_wconf 83' lang='lat'>741,</span> <span class='ocrx_word' id='word_1_244' title='bbox 585 1768 624 1807; x_wconf 88' lang='lat'>7.</span> <span class='ocrx_word' id='word_1_245' title='bbox 684 1761 890 1814; x_wconf 76' lang='grc' dir='ltr'><strong><em>Πλούσιος</em></strong></span> <span class='ocrx_word' id='word_1_246' title='bbox 917 1764 956 1814; x_wconf 79' lang='grc' dir='ltr'>ἐξ</span> <span class='ocrx_word' id='word_1_247' title='bbox 986 1761 1282 1818; x_wconf 71' lang='grc' dir='ltr'><strong><em>ἄπογραφικῑὸν</em></strong></span> <span class='ocrx_word' id='word_1_248' title='bbox 1310 1762 1537 1817; x_wconf 75' lang='grc' dir='ltr'><strong><em>ἒμποριαῖν]</em></strong></span> <span class='ocrx_word' id='word_1_249' title='bbox 1572 1763 1653 1812; x_wconf 90' lang='lat' dir='ltr'>Qui</span> <span class='ocrx_word' id='word_1_250' title='bbox 1672 1777 1739 1803; x_wconf 82' lang='lat' dir='ltr'>ve-</span> 
     </span>
     <span class='ocr_line' id='line_1_30' title="bbox 205 1820 1742 1874; baseline 0.001 -15"><span class='ocrx_word' id='word_1_251' title='bbox 205 1820 365 1870; x_wconf 76' lang='lat' dir='ltr'>ctigalia</span> <span class='ocrx_word' id='word_1_252' title='bbox 404 1827 441 1858; x_wconf 86' lang='lat' dir='ltr'>et</span> <span class='ocrx_word' id='word_1_253' title='bbox 468 1822 568 1860; x_wconf 81' lang='lat' dir='ltr'>alios</span> <span class='ocrx_word' id='word_1_254' title='bbox 593 1822 818 1874; x_wconf 82' lang='lat' dir='ltr'>principum</span> <span class='ocrx_word' id='word_1_255' title='bbox 844 1822 996 1860; x_wconf 85' lang='lat' dir='ltr'>reditus</span> <span class='ocrx_word' id='word_1_256' title='bbox 1021 1820 1238 1871; x_wconf 76' lang='lat' dir='ltr'>e&#39;xigendos</span> <span class='ocrx_word' id='word_1_257' title='bbox 1276 1828 1385 1859; x_wconf 86' lang='lat' dir='ltr'>certo</span> <span class='ocrx_word' id='word_1_258' title='bbox 1408 1824 1627 1860; x_wconf 88' lang='lat' dir='ltr'>constituto</span> <span class='ocrx_word' id='word_1_259' title='bbox 1648 1833 1742 1874; x_wconf 86' lang='lat' dir='ltr'>pre-</span> 
     </span>
     <span class='ocr_line' id='line_1_31' title="bbox 203 1877 1743 1933; baseline 0.001 -18"><span class='ocrx_word' id='word_1_260' title='bbox 203 1878 262 1916; x_wconf 85' lang='lat' dir='ltr'>tio</span> <span class='ocrx_word' id='word_1_261' title='bbox 301 1877 571 1928; x_wconf 83' lang='lat' dir='ltr'>redimebant,</span> <span class='ocrx_word' id='word_1_262' title='bbox 601 1879 629 1916; x_wconf 91' lang='lat' dir='ltr'>ii</span> <span class='ocrx_word' id='word_1_263' title='bbox 657 1893 679 1917; x_wconf 89' lang='lat' dir='ltr'>a</span> <span class='ocrx_word' id='word_1_264' title='bbox 702 1879 850 1917; x_wconf 87' lang='lat' dir='ltr'>Latinis</span> <span class='ocrx_word' id='word_1_265' title='bbox 874 1879 992 1916; x_wconf 83' lang='lat' dir='ltr'>medi&#39;</span> <span class='ocrx_word' id='word_1_266' title='bbox 983 1894 995 1916; x_wconf 89' lang='lat' dir='ltr'>l</span> <span class='ocrx_word' id='word_1_267' title='bbox 1018 1884 1056 1916; x_wconf 93' lang='lat' dir='ltr'>et</span> <span class='ocrx_word' id='word_1_268' title='bbox 1087 1878 1213 1916; x_wconf 83' lang='lat' dir='ltr'>infimi</span> <span class='ocrx_word' id='word_1_269' title='bbox 1244 1879 1330 1916; x_wconf 87' lang='lat' dir='ltr'>aevi</span> <span class='ocrx_word' id='word_1_270' title='bbox 1359 1879 1624 1931; x_wconf 81' lang='lat' dir='ltr'>scriptoribus</span> <span class='ocrx_word' id='word_1_271' title='bbox 1653 1894 1743 1933; x_wconf 88' lang='lat' dir='ltr'>per-</span> 
     </span>
     <span class='ocr_line' id='line_1_32' title="bbox 206 1934 1744 2004; baseline 0.003 -32"><span class='ocrx_word' id='word_1_272' title='bbox 206 1944 456 1988; x_wconf 82' lang='lat' dir='ltr'>aequaiores‚</span> <span class='ocrx_word' id='word_1_273' title='bbox 487 1945 795 2004; x_wconf 81' lang='lat' dir='ltr'>recuperatores,</span> <span class='ocrx_word' id='word_1_274' title='bbox 826 1942 945 1987; x_wconf 82' lang='lat' dir='ltr'>atque</span> <span class='ocrx_word' id='word_1_275' title='bbox 978 1935 1094 1975; x_wconf 82' lang='lat' dir='ltr'>etiam</span> <span class='ocrx_word' id='word_1_276' title='bbox 1123 1934 1403 1988; x_wconf 74' lang='lat' dir='ltr'>descriptore33</span> <span class='ocrx_word' id='word_1_277' title='bbox 1434 1950 1455 1974; x_wconf 86' lang='lat' dir='ltr'><strong>a</strong></span> <span class='ocrx_word' id='word_1_278' title='bbox 1477 1937 1640 1975; x_wconf 82' lang='lat' dir='ltr'>Graecis</span> <span class='ocrx_word' id='word_1_279' title='bbox 1671 1937 1744 1985; x_wconf 78' lang='grc' dir='ltr'><strong><em>ἔξι-</em></strong></span> 
     </span>
     <span class='ocr_line' id='line_1_33' title="bbox 211 1988 1745 2058; baseline 0 -27"><span class='ocrx_word' id='word_1_280' title='bbox 211 1990 356 2041; x_wconf 86' lang='grc' dir='ltr'><strong><em>σωταὶ,</em></strong></span> <span class='ocrx_word' id='word_1_281' title='bbox 396 1988 588 2044; x_wconf 79' lang='grc' dir='ltr'>ἐπόπται,</span> <span class='ocrx_word' id='word_1_282' title='bbox 619 1998 658 2031; x_wconf 84' lang='lat' dir='ltr'>et</span> <span class='ocrx_word' id='word_1_283' title='bbox 688 1989 937 2058; x_wconf 74' lang='grc' dir='ltr'><strong><em>ἄναγραφεῖς</em></strong></span> <span class='ocrx_word' id='word_1_284' title='bbox 974 1990 1085 2033; x_wconf 86' lang='lat' dir='ltr'>dicti.</span> <span class='ocrx_word' id='word_1_285' title='bbox 1147 1993 1357 2041; x_wconf 86' lang='lat' dir='ltr'><strong>Quodnam</strong></span> <span class='ocrx_word' id='word_1_286' title='bbox 1396 1993 1560 2032; x_wconf 86' lang='lat' dir='ltr'>illorum</span> <span class='ocrx_word' id='word_1_287' title='bbox 1601 2007 1745 2033; x_wconf 90' lang='lat' dir='ltr'>munus</span> 
     </span>
     <span class='ocr_line' id='line_1_34' title="bbox 209 2048 1746 2101; baseline 0.001 -14"><span class='ocrx_word' id='word_1_288' title='bbox 209 2049 355 2098; x_wconf 84' lang='lat' dir='ltr'>fuerit,</span> <span class='ocrx_word' id='word_1_289' title='bbox 390 2048 508 2089; x_wconf 88' lang='lat' dir='ltr'>docet</span> <span class='ocrx_word' id='word_1_290' title='bbox 541 2050 767 2101; x_wconf 85' lang='lat' dir='ltr'>Ducangius</span> <span class='ocrx_word' id='word_1_291' title='bbox 798 2051 841 2088; x_wconf 92' lang='lat' dir='ltr'>in</span> <span class='ocrx_word' id='word_1_292' title='bbox 866 2050 1080 2089; x_wconf 86' lang='lat' dir='ltr'>Glossariis</span> <span class='ocrx_word' id='word_1_293' title='bbox 1114 2050 1267 2089; x_wconf 87' lang='lat' dir='ltr'>mediae</span> <span class='ocrx_word' id='word_1_294' title='bbox 1293 2056 1378 2089; x_wconf 87' lang='lat' dir='ltr'>tum</span> <span class='ocrx_word' id='word_1_295' title='bbox 1410 2051 1634 2090; x_wconf 83' lang='lat' dir='ltr'>Latinitatis</span> <span class='ocrx_word' id='word_1_296' title='bbox 1661 2058 1746 2089; x_wconf 81' lang='lat' dir='ltr'>tum</span> 
     </span>
     <span class='ocr_line' id='line_1_35' title="bbox 214 2079 1749 2162; baseline 0.005 -20"><span class='ocrx_word' id='word_1_297' title='bbox 214 2079 467 2147; x_wconf 83' lang='lat' dir='ltr'>Graecitatis.</span> <span class='ocrx_word' id='word_1_298' title='bbox 522 2107 612 2147; x_wconf 91' lang='lat' dir='ltr'>Hoc</span> <span class='ocrx_word' id='word_1_299' title='bbox 645 2121 767 2158; x_wconf 84' lang='lat' dir='ltr'>genus</span> <span class='ocrx_word' id='word_1_300' title='bbox 796 2107 1078 2159; x_wconf 86' lang='lat' dir='ltr'>negotiationis</span> <span class='ocrx_word' id='word_1_301' title='bbox 1110 2122 1132 2146; x_wconf 89' lang='lat' dir='ltr'><strong>a</strong></span> <span class='ocrx_word' id='word_1_302' title='bbox 1169 2108 1346 2158; x_wconf 82' lang='lat' dir='ltr'>Gregora</span> <span class='ocrx_word' id='word_1_303' title='bbox 1375 2116 1547 2147; x_wconf 85' lang='lat' dir='ltr'>vocatur</span> <span class='ocrx_word' id='word_1_304' title='bbox 1577 2124 1749 2162; x_wconf 83' lang='grc' dir='ltr'><strong><em>απογρα-</em></strong></span> 
     </span>
     <span class='ocr_line' id='line_1_36' title="bbox 215 2160 1751 2218; baseline 0.002 -16"><span class='ocrx_word' id='word_1_305' title='bbox 215 2160 316 2214; x_wconf 81' lang='grc' dir='ltr'><strong><em>φικὴ</em></strong></span> <span class='ocrx_word' id='word_1_306' title='bbox 346 2163 535 2217; x_wconf 79' lang='grc' dir='ltr'><strong><em>ἐμπορία,</em></strong></span> <span class='ocrx_word' id='word_1_307' title='bbox 569 2178 671 2217; x_wconf 86' lang='lat' dir='ltr'><strong>quae</strong></span> <span class='ocrx_word' id='word_1_308' title='bbox 696 2165 849 2205; x_wconf 85' lang='lat' dir='ltr'>scilicet</span> <span class='ocrx_word' id='word_1_309' title='bbox 881 2165 1091 2206; x_wconf 81' lang='lat' dir='ltr'>constabat</span> <span class='ocrx_word' id='word_1_310' title='bbox 1108 2165 1312 2205; x_wconf 85' lang='lat' dir='ltr'>redituum</span> <span class='ocrx_word' id='word_1_311' title='bbox 1338 2179 1385 2204; x_wconf 90' lang='lat' dir='ltr'>ac</span> <span class='ocrx_word' id='word_1_312' title='bbox 1409 2166 1663 2218; x_wconf 88' lang='lat' dir='ltr'>vectigalium</span> <span class='ocrx_word' id='word_1_313' title='bbox 1684 2165 1751 2205; x_wconf 87' lang='lat' dir='ltr'>de-</span> 
     </span>
     <span class='ocr_line' id='line_1_37' title="bbox 218 2220 731 2273; baseline 0.004 -15"><span class='ocrx_word' id='word_1_314' title='bbox 218 2220 518 2273; x_wconf 80' lang='lat' dir='ltr'>scriptionibus,</span> <span class='ocrx_word' id='word_1_315' title='bbox 577 2235 731 2264; x_wconf 64' lang='lat' dir='ltr'>nomm.</span> 
     </span>
    </p>

    <p class='ocr_par' dir='ltr' id='par_1_8' title="bbox 220 2275 1754 2506">
     <span class='ocr_line' id='line_1_38' title="bbox 331 2275 1752 2336; baseline 0 -15"><span class='ocrx_word' id='word_1_316' title='bbox 331 2275 417 2315; x_wconf 83' lang='grc' dir='ltr'><em>Ρ</em></span> <span class='ocrx_word' id='word_1_317' title='bbox 366 2293 428 2330; x_wconf 75' lang='lat'>010</span> <span class='ocrx_word' id='word_1_318' title='bbox 459 2277 663 2327; x_wconf 85' lang='grc'>741,18.</span> <span class='ocrx_word' id='word_1_319' title='bbox 724 2275 1003 2333; x_wconf 78' lang='grc' dir='ltr'><strong><em>Περιστασεως</em></strong></span> <span class='ocrx_word' id='word_1_320' title='bbox 1028 2277 1254 2336; x_wconf 87' lang='grc' dir='ltr'><strong><em>φρουριον]</em></strong></span> <span class='ocrx_word' id='word_1_321' title='bbox 1283 2280 1388 2319; x_wconf 86' lang='lat' dir='ltr'>Illud</span> <span class='ocrx_word' id='word_1_322' title='bbox 1419 2280 1522 2320; x_wconf 86' lang='lat' dir='ltr'>forte</span> <span class='ocrx_word' id='word_1_323' title='bbox 1547 2279 1657 2332; x_wconf 88' lang='lat' dir='ltr'><strong>quod</strong></span> <span class='ocrx_word' id='word_1_324' title='bbox 1684 2284 1752 2321; x_wconf 82' lang='grc' dir='ltr'>Τε-</span> 
     </span>
     <span class='ocr_line' id='line_1_39' title="bbox 220 2334 1754 2391; baseline 0.001 -16"><span class='ocrx_word' id='word_1_325' title='bbox 220 2334 401 2388; x_wconf 84' lang='grc' dir='ltr'><strong><em>ρίστασιν</em></strong></span> <span class='ocrx_word' id='word_1_326' title='bbox 418 2342 538 2374; x_wconf 78' lang='lat' dir='ltr'>vocat</span> <span class='ocrx_word' id='word_1_327' title='bbox 561 2336 860 2376; x_wconf 86' lang='lat' dir='ltr'>Cantacuzenus</span> <span class='ocrx_word' id='word_1_328' title='bbox 886 2338 1047 2378; x_wconf 86' lang='lat' dir='ltr'>lib.111.</span> <span class='ocrx_word' id='word_1_329' title='bbox 1070 2353 1157 2391; x_wconf 89' lang='lat' dir='ltr'>cap.</span> <span class='ocrx_word' id='word_1_330' title='bbox 1183 2338 1361 2377; x_wconf 88' lang='lat' dir='ltr'>LXXVI.</span> <span class='ocrx_word' id='word_1_331' title='bbox 1407 2338 1530 2377; x_wconf 88' lang='lat' dir='ltr'>Aliud</span> <span class='ocrx_word' id='word_1_332' title='bbox 1558 2344 1754 2376; x_wconf 81' lang='lat' dir='ltr'><strong>memmat</strong></span> 
     </span>
     <span class='ocr_line' id='line_1_40' title="bbox 223 2393 1754 2448; baseline 0.003 -19"><span class='ocrx_word' id='word_1_333' title='bbox 223 2406 310 2444; x_wconf 88' lang='lat' dir='ltr'>cap.</span> <span class='ocrx_word' id='word_1_334' title='bbox 332 2393 470 2431; x_wconf 90' lang='lat' dir='ltr'>LXVI.</span> <span class='ocrx_word' id='word_1_335' title='bbox 494 2394 604 2445; x_wconf 88' lang='lat' dir='ltr'><strong>quod</strong></span> <span class='ocrx_word' id='word_1_336' title='bbox 626 2396 882 2448; x_wconf 82' lang='grc' dir='ltr'><strong><em>Περιστίτζαν</em></strong></span> <span class='ocrx_word' id='word_1_337' title='bbox 905 2396 1094 2447; x_wconf 84' lang='lat' dir='ltr'>appellat.</span> <span class='ocrx_word' id='word_1_338' title='bbox 1135 2409 1310 2436; x_wconf 66' lang='lat' dir='ltr'>nucum.</span> <span class='ocrx_word' id='word_1_339' title='bbox 1367 2395 1506 2434; x_wconf 86' lang='lat' dir='ltr'>Placet</span> <span class='ocrx_word' id='word_1_340' title='bbox 1537 2394 1754 2436; x_wconf 86' lang='lat' dir='ltr'><strong>admodum</strong></span> 
     </span>
     <span class='ocr_line' id='line_1_41' title="bbox 221 2448 1696 2506; baseline 0.001 -17"><span class='ocrx_word' id='word_1_341' title='bbox 221 2448 420 2501; x_wconf 88' lang='lat' dir='ltr'>Ducangii</span> <span class='ocrx_word' id='word_1_342' title='bbox 452 2452 706 2501; x_wconf 84' lang='lat' dir='ltr'>coniectura,</span> <span class='ocrx_word' id='word_1_343' title='bbox 739 2452 804 2503; x_wconf 90' lang='lat' dir='ltr'>qui</span> <span class='ocrx_word' id='word_1_344' title='bbox 833 2453 1044 2504; x_wconf 85' lang='lat' dir='ltr'><strong>legendum</strong></span> <span class='ocrx_word' id='word_1_345' title='bbox 1072 2459 1188 2506; x_wconf 79' lang='lat' dir='ltr'>putat</span> <span class='ocrx_word' id='word_1_346' title='bbox 1219 2448 1498 2506; x_wconf 82' lang='grc' dir='ltr'><strong><em>Τεριστασεως.</em></strong></span> <span class='ocrx_word' id='word_1_347' title='bbox 1537 2467 1696 2495; x_wconf 74' lang='lat' dir='ltr'>Boxvm.</span> 
     </span>
    </p>

    <p class='ocr_par' dir='ltr' id='par_1_9' title="bbox 227 2506 1754 2677">
     <span class='ocr_line' id='line_1_42' title="bbox 342 2506 1754 2563; baseline 0.001 -14"><span class='ocrx_word' id='word_1_348' title='bbox 342 2510 435 2561; x_wconf 80' lang='lat' dir='ltr'>Pag.</span> <span class='ocrx_word' id='word_1_349' title='bbox 464 2506 571 2558; x_wconf 84' lang='lat'>741,</span> <span class='ocrx_word' id='word_1_350' title='bbox 604 2512 672 2551; x_wconf 80' lang='lat'>21.</span> <span class='ocrx_word' id='word_1_351' title='bbox 720 2506 801 2549; x_wconf 89' lang='grc' dir='ltr'><strong><em>Ἣν</em></strong></span> <span class='ocrx_word' id='word_1_352' title='bbox 834 2510 877 2551; x_wconf 74' lang='grc' dir='ltr'>ἐκ</span> <span class='ocrx_word' id='word_1_353' title='bbox 915 2512 1061 2560; x_wconf 83' lang='grc' dir='ltr'><strong><em>Τροίας</em></strong></span> <span class='ocrx_word' id='word_1_354' title='bbox 1089 2507 1311 2563; x_wconf 76' lang='grc' dir='ltr'><strong><em>ἕζητηκὸτι]</em></strong></span> <span class='ocrx_word' id='word_1_355' title='bbox 1358 2510 1681 2561; x_wconf 80' lang='lat' dir='ltr'>Cantacuzenus‚</span> <span class='ocrx_word' id='word_1_356' title='bbox 1714 2509 1754 2551; x_wconf 79' lang='grc' dir='ltr'>ἐκ</span> 
     </span>
     <span class='ocr_line' id='line_1_43' title="bbox 227 2563 1754 2634; baseline -0.001 -27"><span class='ocrx_word' id='word_1_357' title='bbox 227 2564 386 2613; x_wconf 82' lang='grc' dir='ltr'><strong><em>Λυδίας</em></strong></span> <span class='ocrx_word' id='word_1_358' title='bbox 403 2564 627 2619; x_wconf 83' lang='grc' dir='ltr'><strong><em>περιμένων</em></strong></span> <span class='ocrx_word' id='word_1_359' title='bbox 649 2563 823 2616; x_wconf 83' lang='grc' dir='ltr'><strong><em>στρατόν.</em></strong></span> <span class='ocrx_word' id='word_1_360' title='bbox 885 2567 1006 2606; x_wconf 83' lang='lat' dir='ltr'>Cuius</span> <span class='ocrx_word' id='word_1_361' title='bbox 1030 2575 1183 2608; x_wconf 84' lang='lat' dir='ltr'>tractus</span> <span class='ocrx_word' id='word_1_362' title='bbox 1206 2567 1449 2607; x_wconf 79' lang='lat' dir='ltr'><strong>Salchanem</strong></span> <span class='ocrx_word' id='word_1_363' title='bbox 1471 2569 1677 2634; x_wconf 78' lang='lat' dir='ltr'>Satlapam</span> <span class='ocrx_word' id='word_1_364' title='bbox 1701 2568 1754 2606; x_wconf 87' lang='lat' dir='ltr'>fa-</span> 
     </span>
     <span class='ocr_line' id='line_1_44' title="bbox 229 2601 976 2677; baseline 0.003 -17"><span class='ocrx_word' id='word_1_365' title='bbox 229 2622 284 2660; x_wconf 81' lang='lat' dir='ltr'>cit</span> <span class='ocrx_word' id='word_1_366' title='bbox 308 2622 376 2661; x_wconf 90' lang='lat' dir='ltr'>lib.</span> <span class='ocrx_word' id='word_1_367' title='bbox 395 2623 464 2661; x_wconf 86' lang='lat'>111.</span> <span class='ocrx_word' id='word_1_368' title='bbox 494 2637 580 2677; x_wconf 84' lang='lat' dir='ltr'>cap.</span> <span class='ocrx_word' id='word_1_369' title='bbox 605 2601 746 2665; x_wconf 82' lang='lat' dir='ltr'>XCVI.</span> <span class='ocrx_word' id='word_1_370' title='bbox 805 2638 976 2667; x_wconf 73' lang='lat' dir='ltr'>DUCANG</span> 
     </span>
    </p>

    <p class='ocr_par' dir='ltr' id='par_1_10' title="bbox 232 2677 1754 2851">
     <span class='ocr_line' id='line_1_45' title="bbox 344 2677 1754 2736; baseline -0.002 -13"><span class='ocrx_word' id='word_1_371' title='bbox 344 2677 443 2733; x_wconf 84' lang='grc' dir='ltr'><em>Ρσ3</em></span> <span class='ocrx_word' id='word_1_372' title='bbox 475 2679 580 2726; x_wconf 88' lang='grc'>741,</span> <span class='ocrx_word' id='word_1_373' title='bbox 612 2683 679 2724; x_wconf 80' lang='lat'>22.</span> <span class='ocrx_word' id='word_1_374' title='bbox 738 2679 781 2721; x_wconf 79' lang='lat' dir='ltr'>‘O</span> <span class='ocrx_word' id='word_1_375' title='bbox 808 2678 1027 2736; x_wconf 81' lang='grc' dir='ltr'><strong><em>Σατραπης</em></strong></span> <span class='ocrx_word' id='word_1_376' title='bbox 1058 2678 1303 2735; x_wconf 81' lang='grc' dir='ltr'><strong><em>Σουλυμαν]</em></strong></span> <span class='ocrx_word' id='word_1_377' title='bbox 1344 2683 1455 2722; x_wconf 88' lang='lat' dir='ltr'>Duos</span> <span class='ocrx_word' id='word_1_378' title='bbox 1484 2682 1563 2721; x_wconf 87' lang='lat' dir='ltr'>hoc</span> <span class='ocrx_word' id='word_1_379' title='bbox 1598 2681 1754 2721; x_wconf 84' lang='lat' dir='ltr'>nomine</span> 
     </span>
     <span class='ocr_line' id='line_1_46' title="bbox 232 2737 1754 2792; baseline 0.004 -19"><span class='ocrx_word' id='word_1_380' title='bbox 232 2743 427 2775; x_wconf 75' lang='lat' dir='ltr'><strong>memomt</strong></span> <span class='ocrx_word' id='word_1_381' title='bbox 457 2737 779 2787; x_wconf 78' lang='lat' dir='ltr'>Cantacuzenus‚</span> <span class='ocrx_word' id='word_1_382' title='bbox 811 2739 980 2779; x_wconf 82' lang='lat' dir='ltr'>alterum</span> <span class='ocrx_word' id='word_1_383' title='bbox 1011 2739 1224 2779; x_wconf 85' lang='lat' dir='ltr'>Sarchanis</span> <span class='ocrx_word' id='word_1_384' title='bbox 1254 2740 1405 2791; x_wconf 88' lang='lat' dir='ltr'>filium,</span> <span class='ocrx_word' id='word_1_385' title='bbox 1437 2741 1602 2780; x_wconf 83' lang='lat' dir='ltr'>Cerasae</span> <span class='ocrx_word' id='word_1_386' title='bbox 1634 2739 1754 2792; x_wconf 87' lang='lat' dir='ltr'>Phry-</span> 
     </span>
     <span class='ocr_line' id='line_1_47' title="bbox 235 2793 1754 2851; baseline 0.004 -21"><span class='ocrx_word' id='word_1_387' title='bbox 235 2793 319 2844; x_wconf 75' lang='lat' dir='ltr'>giae</span> <span class='ocrx_word' id='word_1_388' title='bbox 343 2794 575 2848; x_wconf 79' lang='lat' dir='ltr'>satrapam,</span> <span class='ocrx_word' id='word_1_389' title='bbox 606 2796 676 2850; x_wconf 83' lang='lat' dir='ltr'>qui</span> <span class='ocrx_word' id='word_1_390' title='bbox 698 2796 772 2836; x_wconf 87' lang='lat' dir='ltr'>sub</span> <span class='ocrx_word' id='word_1_391' title='bbox 791 2795 890 2836; x_wconf 82' lang='lat' dir='ltr'>haec</span> <span class='ocrx_word' id='word_1_392' title='bbox 913 2803 1096 2851; x_wconf 84' lang='lat' dir='ltr'>tempora</span> <span class='ocrx_word' id='word_1_393' title='bbox 1121 2798 1187 2837; x_wconf 74' lang='lat' dir='ltr'>vel</span> <span class='ocrx_word' id='word_1_394' title='bbox 1208 2799 1331 2851; x_wconf 88' lang='lat' dir='ltr'>paulo</span> <span class='ocrx_word' id='word_1_395' title='bbox 1354 2804 1445 2838; x_wconf 84' lang='lat' dir='ltr'>ante</span> <span class='ocrx_word' id='word_1_396' title='bbox 1464 2799 1505 2837; x_wconf 87' lang='lat' dir='ltr'>in</span> <span class='ocrx_word' id='word_1_397' title='bbox 1522 2797 1690 2837; x_wconf 84' lang='lat' dir='ltr'>Thracia</span> <span class='ocrx_word' id='word_1_398' title='bbox 1712 2811 1754 2837; x_wconf 69' lang='lat' dir='ltr'>ex</span> 
     </span>
    </p>
   </div>
  </div>
 </body>
</html>
