1794 3172
267 124 401 173 1066
692 125 1008 174 NICEPHORI
1036 125 1361 172 GREGORAE

44 258 83 292 A.
100 256 145 291 Μ.
165 253 256 292 6859
268 240 366 287 κατ’
398 238 541 285 οὐσίαν
565 234 769 296 διάφορον
783 270 794 289 ,
830 235 905 280 οὐκ
928 235 1055 290 αἲών,
1090 235 1147 279 οὗ·
1157 233 1308 294 χρόνος
1320 270 1334 290 ,
1369 235 1470 280 οὐδέ
1484 253 1525 280 τι
1542 241 1626 282 τῶν
1646 234 1747 282 τοῦ-

96 302 204 340 Ind·4
229 329 356 384 Οτοις
377 308 710 364 ἕνδιαιτωμένων,
757 306 805 350 οὗ
827 306 904 363 γὰρ
933 306 1232 361 συμβαίνουσιν
1263 304 1457 363 ἀλλήλοις
1477 308 1577 350 ποτὲ
1595 307 1642 351 τὸ
1673 325 1748 351 κυ-

271 384 368 441 ρίως
397 379 497 423 εἶναι
526 379 591 421 καὶ
622 376 671 421 οὗ
703 376 895 434 κυρίως.”
930 377 998 418 καὶ
1024 373 1167 419 πάλιν·
1204 376 1305 429 ,,ἔπὶ
1325 380 1429 419 θεοῦ
1452 376 1499 420 τὸ
1524 375 1580 419 ὢν
1610 378 1677 419 καὶ
1697 376 1746 420 τὸ

265 450 428 508 ἀγαθὸς
457 448 524 491 καὶ
555 446 602 490 τὸ
633 446 734 496 θεὸς
769 447 835 488 καὶ
864 444 912 488 τὸ
946 444 1197 503 δημιουργὸς
1226 447 1294 488 καὶ
1323 445 1371 489 τὸ
1399 443 1644 502 ’ὗπερούσιος
1681 446 1768 506 καὶυ

265 521 312 565 τὸ
341 518 506 576 ἄπειρος
530 517 597 560 καὶ
617 515 665 560 τὸ
698 513 913 565 ἀθάνατος
936 517 1003 557 καὶ
1032 515 1084 557 τὰ
1115 519 1289 558 τοιαῦτα
1319 514 1367 558 οὗ
1393 515 1560 572 λέγομεν
1595 512 1775 558 odoini-5

267 592 349 640 ὃεις
378 586 583 645 διαφορὰς
593 619 605 638 ,
637 586 708 628 ἵνα
727 585 786 641 μὴ
807 582 1010 628 σύνθετον
1030 584 1156 628 αὐτὸν
1175 584 1218 628 ἐκ
1239 582 1400 628 τούτων
1420 584 1748 641 δογματίσωμεν,

223 658 375 705 Dama
396 655 677 716 προσηγορίας
706 659 828 698 τινῶν
853 655 929 708 μὲν
953 654 1182 717 ἓμφατικᾷς
1213 659 1297 698 τῶν
1328 653 1628 711 θεωρουμένων
1659 655 1752 711 περὶ

267 727 395 772 αὐτὸν
406 759 420 781 ,
459 725 626 775 οὐδενὸς
645 725 690 767 δὲ
712 728 795 767 τῶν
816 723 922 767 κατὰ
946 723 1022 779 τὴν
1047 723 1191 767 οὐσίαν
1214 723 1343 768 αὐτοῦ
1371 725 1439 767 καὶ
1459 721 1584 781 φύσιν
1613 724 1751 779 δηλω-

266 795 394 847 τικάς.
442 795 535 839 τινὰ
563 794 639 849 μὲν
660 793 740 852 γὰρ
764 793 973 851 πρέποντα
995 797 1048 851 τῇ
1070 794 1168 854 θεία
1191 791 1312 851 φύσει
1334 794 1631 850 σημαίνουσιν,
1676 791 1751 835 οὐκ

267 866 399 923 αὐτὴν
424 865 469 908 δὲ
496 863 573 920 τὴν
602 861 729 922 φύσιν
753 860 1005 920 μηνύουσιν,
1045 861 1143 919 ὅπερ
1173 863 1278 906 ἴδιον
1299 867 1383 907 τῶν
1414 862 1648 906 οὗσιωδέων
1681 862 1750 905 καὶ
1763 867 1794 903 1(

265 938 522 980 συστατικῶν
543 933 801 991 ὃιαφορῶν.”
835 934 903 976 καὶ
924 930 1070 976 πάλιν·
1096 937 1249 986 „mica
1271 931 1408 985 οὐσία,
1433 932 1507 976 τὸν
1527 931 1634 975 ἴδιον
1653 929 1752 989 ὅρον

266 1004 394 1063 ἑαυτῇ
426 1000 749 1059 συνεισάγουσα,
784 1002 997 1046 τουτέστιν
1028 999 1268 1060 ὁριζομένη,
1307 1001 1415 1060 ἀρχὴ
1440 1001 1617 1058 πέφυκεν
1651 998 1753 1043 εἶναι

266 1079 342 1131 τῆς
362 1071 721 1131 ἔπιθεωρουμένης
745 1071 852 1130 αὗτῇ
875 1071 982 1115 κατὰ
1004 1069 1181 1127 δύναμιν
1212 1069 1432 1128 κινήσεως,
1469 1074 1585 1113 πᾶσα
1611 1070 1655 1112 δὲ
1678 1068 1753 1112 οὖ-

226 1141 422 1199 Εσιῶὃης
440 1142 543 1200 πρὸς
570 1142 769 1199 ἐνέργειαν
799 1143 955 1197 κίνησις
987 1139 1167 1196 μεσότης
1199 1142 1285 1184 ἐστὶ
1311 1137 1657 1195 μετεπινοουμένη
1677 1139 1752 1194 μὲν

263 1217 339 1269 τῆς
359 1213 526 1265 οὐσίας,
551 1209 898 1268 προεπινοουμένη
922 1211 967 1251 δὲ
986 1214 1061 1264 τῆς
1080 1209 1288 1266 ἐνεργείας.
1326 1209 1394 1251 καὶ
1416 1212 1533 1250 πᾶσα
1555 1206 1747 1266 ἐνέργεια,
1765 1214 1794 1251 1!

263 1286 324 1342 τῷ
350 1281 456 1325 καθ’
487 1278 637 1335 ἑαυτὴν
660 1275 770 1338 λόγῳ
803 1281 988 1335 φυσικῶς
1018 1277 1374 1335 περιγραφομένη,
1411 1277 1530 1327 τέλος
1558 1277 1645 1320 ἐστὶ
1677 1281 1752 1334 τῆς

263 1351 345 1410 πρὸ
368 1350 498 1406 αὐτῆς
518 1348 615 1392 κατ’
638 1348 819 1391 ἐπίνοιαν
841 1346 1136 1404 θεωρουμένης
1159 1344 1386 1397 οὖσιώὸους
1406 1343 1614 1402 κινήσεως.
1654 1344 1675 1389 ὅ
1707 1347 1753 1389 δὲ

263 1420 366 1471 θεὸς
388 1418 481 1464 οὕτε
495 1414 602 1475 ἀρχή
623 1417 732 1460 ἔστιν
742 1449 757 1470 ,
786 1413 880 1459 οὕτε
898 1413 1099 1471 μεσότης,
1126 1414 1220 1471 οὔτε
1240 1415 1370 1466 τέλος.
1407 1419 1544 1459 ταῦτα
1564 1415 1646 1473 γὰρ
1667 1419 1752 1459 τῶν

261 1487 399 1549 χρόνῳ
425 1490 640 1544 ὃιαιρετῶν
664 1487 741 1529 εἶσι
761 1486 1053 1543 γνωρίσματα·
1091 1484 1196 1528 εἶ’ποι
1221 1484 1263 1528 ‹5’
1291 1484 1342 1528 ἄν
1370 1502 1456 1539 τις,
1493 1483 1556 1528 ὅτι
1579 1487 1646 1528 καὶ
1662 1489 1752 1538 ,τῶν

225 1561 384 1604 Εαῗῶνι
402 1555 713 1615 συνορωμένων,
751 1553 773 1599 ὅ
805 1554 885 1613 γὰρ
900 1550 1073 1613 χρόνος,
1104 1554 1386 1614 μετρουμένην
1407 1553 1511 1610 ἔχων
1540 1554 1616 1611 τὴν
1637 1555 1751 1612 κίνη-
1762 1563 1794 1599 2(

356 1691 392 1728 2.
415 1689 486 1725 Pro
509 1685 601 1726 ποτὲ
621 1686 676 1725 ed.
693 1689 734 1723 S.
757 1687 901 1724 Maximi
923 1686 1088 1725 πώποτε.
1213 1689 1269 1723 10.
1295 1686 1433 1725 ου’σιῶν
1452 1699 1592 1735 apogr.‚
1618 1685 1753 1724 οὖσιω-

357 1735 590 1820 ῗιεὲιτονθὲἓᾱῗρρ.
687 1736 743 1773 13.
767 1733 906 1782 φυσικὴ
930 1736 1010 1771 edd.
1037 1746 1102 1782 pro
1125 1731 1323 1782 οὐσιώὸης.
1410 1737 1466 1773 17.
1489 1734 1754 1782 θεωρουμένης

265 1898 415 1945 intelligi
437 1899 483 1934 ab
506 1899 647 1934 aeterno
672 1899 808 1944 potest,
832 1896 925 1943 quod
948 1895 991 1932 ab
1014 1895 1092 1943 ipso
1116 1895 1392 1932 substantialiter
1415 1895 1579 1939 differat,
1603 1906 1672 1931 non
1691 1907 1752 1931 ae-

266 1959 370 1989 vum,
393 1957 462 1980 non
484 1947 642 1990 tempus,
676 1956 788 1990 neque
810 1943 994 1990 quidquam
1018 1955 1148 1985 eorum,
1173 1955 1262 1989 quae
1284 1943 1320 1978 in
1344 1955 1429 1979 aevo
1454 1946 1515 1978 aut
1536 1943 1572 1977 in
1596 1947 1752 1988 tempore

267 1993 452 2028 exsistunt.
493 1991 585 2027 Nam
608 1991 677 2026 ista
701 1991 789 2033 duo,
813 1989 958 2036 proprie
983 2001 1059 2025 esse
1083 1993 1120 2025 et
1142 2001 1210 2024 non
1235 1990 1377 2036 proprie
1395 2002 1486 2032 esse,
1509 2001 1683 2035 nunquam
1704 1989 1754 2023 si-

266 2040 304 2074 bi
325 2038 473 2074 invicem
497 2037 735 2073 convenient.’'
766 2037 817 2071 Et
831 2036 976 2071 iterum:
1003 2048 1103 2078 „cum
1128 2037 1172 2071 de
1188 2036 1263 2071 Deo
1281 2036 1436 2080 dicimus,
1459 2036 1570 2082 ipsum
1588 2048 1664 2070 esse
1678 2047 1752 2078 ens,

266 2086 414 2127 bonum,
445 2084 578 2127 Deum,
612 2084 788 2130 opificem,
821 2083 1207 2128 supersubstantialem,
1231 2083 1424 2126 infinitum,
1447 2082 1692 2124 immortalem,
1716 2089 1753 2117 et

266 2131 336 2167 alia
360 2131 574 2174 huiusmodi,
603 2143 672 2166 non
704 2129 947 2165 substantiales
972 2129 1190 2164 differentias
1214 2130 1444 2175 significamus
1474 2130 1546 2175 (ne
1569 2128 1683 2175 ipsum
1707 2139 1751 2163 ex

266 2178 312 2213 iis
336 2177 558 2224 compositum
582 2189 660 2212 esse
683 2176 950 2223 praedicemus)
983 2178 1046 2211 sed
1070 2177 1236 2223 quasdam
1260 2176 1571 2217 denominationes,
1596 2187 1684 2220 quae
1706 2174 1752 2208 li-

268 2227 326 2260 cet
348 2225 514 2260 denotent
536 2224 711 2270 quidpiam
734 2234 862 2266 eorum,
886 2234 975 2269 quae
999 2223 1092 2258 circa
1111 2223 1224 2269 ipsum
1238 2223 1346 2258 Deum
1363 2222 1640 2262 considerantur,
1663 2219 1751 2255 nihil

269 2274 384 2306 tamen
407 2270 452 2305 de
474 2269 548 2305 eius
572 2269 764 2306 substantia
788 2274 824 2304 et
846 2275 971 2304 natura
994 2270 1184 2305 declarant.
1235 2269 1415 2311 Quaedam
1434 2268 1521 2303 enim
1539 2267 1750 2313 significant,

267 2328 358 2363 quae
381 2316 522 2352 divinae
544 2321 690 2352 naturae
713 2319 929 2361 congruunt,
952 2316 1063 2362 ipsam
1077 2328 1162 2351 vero
1179 2319 1336 2351 naturam
1354 2327 1421 2350 non
1439 2314 1640 2359 designant:
1658 2312 1752 2358 quod

269 2362 505 2398 constitutivis
524 2366 560 2397 et
579 2362 861 2398 substantialibus
872 2363 1078 2398 differentiis
1090 2362 1265 2409 proprium
1282 2361 1369 2398 est.”
1407 2361 1455 2396 Et
1470 2372 1612 2395 rursus:
1631 2359 1753 2402 „Sub-

270 2409 399 2445 stantia
422 2408 549 2451 omnis,
574 2421 652 2444 cum
677 2409 850 2456 propriam
874 2421 987 2444 secum
1012 2410 1175 2455 importet
1197 2408 1453 2450 definitionem,
1478 2418 1522 2441 ex
1545 2410 1671 2441 natura
1689 2417 1752 2441 sua

271 2456 476 2502 principium
500 2459 554 2491 est
577 2455 671 2490 illius
694 2460 825 2498 motus,
859 2455 917 2502 qui
942 2456 975 2490 ei
1009 2454 1223 2490 substantiae
1246 2454 1365 2489 saltem
1390 2454 1435 2489 de
1457 2453 1614 2500 potentia
1636 2452 1752 2487 inesse

271 2502 489 2548 intelligitur.
550 2502 671 2538 Omnis
703 2506 818 2537 autem
853 2502 1087 2537 substantialis
1110 2505 1221 2537 motus
1245 2500 1291 2535 ad
1314 2499 1571 2546 operationem,
1603 2498 1751 2533 medium

270 2549 386 2585 locum
408 2551 506 2584 tenet
527 2548 619 2584 inter
643 2549 887 2591 substantiam,
913 2561 983 2595 qua
1006 2547 1176 2596 posterior
1201 2546 1417 2593 concipitur,
1441 2551 1478 2582 et
1500 2545 1749 2591 operationem,

273 2607 341 2641 qua
363 2595 460 2642 prior
482 2595 709 2640 intelligitur3
740 2600 777 2630 et
807 2595 913 2630 omnis
946 2594 1103 2642 operatio
1137 2594 1277 2641 propria
1310 2605 1374 2628 sua
1397 2596 1435 2628 et
1456 2591 1592 2627 formali
1614 2590 1752 2626 ratione

273 2641 534 2688 circumscripta
563 2641 643 2677 finis
674 2644 727 2677 est
759 2646 870 2676 motus
896 2640 1156 2683 substantialis,
1180 2639 1239 2686 qui
1262 2639 1384 2674 saltem
1406 2650 1471 2685 per
1493 2642 1638 2674 mentem
1654 2637 1750 2682 prius

275 2687 353 2733 ipsa
386 2687 588 2734 operatione
619 2688 864 2724 consideratur.
918 2688 1024 2735 Atqui
1045 2688 1142 2723 Deus
1165 2697 1276 2732 neque
1299 2685 1505 2732 principium
1534 2688 1611 2727 est,
1636 2694 1752 2729 neque

274 2733 440 2780 medium,
465 2746 574 2781 neque
596 2734 685 2770 finis.
733 2735 811 2770 Hae
834 2735 866 2769 si
888 2735 1026 2790 quidem
1049 2738 1153 2769 notae
1175 2737 1256 2770 sunt
1279 2744 1394 2768 eorum
1413 2743 1503 2778 quae
1521 2734 1676 2776 tempore
1692 2729 1748 2762 di-

274 2780 427 2816 visibiHa
449 2785 550 2824 sunt,
581 2780 648 2816 imo
681 2780 740 2827 (si
770 2780 848 2828 quis
872 2780 989 2816 dicere
1010 2779 1189 2826 voluerit)
1212 2778 1316 2814 etiam
1339 2790 1458 2814 eorum
1489 2788 1579 2825 quae
1601 2777 1636 2811 in
1660 2786 1748 2811 aevo

273 2827 444 2863 exsistere
469 2827 740 2865 considerantur.
785 2828 877 2864 Nam
899 2831 1054 2875 tempus,
1078 2827 1175 2862 cuius
1191 2830 1303 2862 motus
1319 2826 1547 2868 mensuratur,
1568 2826 1665 2860 certo
1682 2832 1747 2857 nu-
