1794 3172
265 102 399 189 1032
668 143 986 191 NmEPHom
1016 144 1342 191 GREGORAE

41 269 80 303 A.
99 269 145 305 M.
165 255 349 307 6859ὗπό
380 252 583 315 μάρτυσι,
620 253 680 311 μὴ
712 253 775 298 ὅτι
796 260 884 305 τοῖς
913 251 1177 299 θωπεύουσιν
1207 252 1442 308 ἐπισκόποις
1476 256 1640 309 ἐκείνοις
1676 258 1745 302 καὶ

99 315 207 353 Ifld·4
221 328 613 400 Βπροθεσπίζουσιν
637 324 665 367 ἃ
685 324 832 382 τέρψιν
855 324 1101 383 αὐθημερὸν
1122 332 1213 376 ταῖς
1243 324 1386 377 ἀκοαῖς
1409 325 1636 383 ἐβλάστησε
1663 325 1745 383 μό-

264 415 367 453 νην,
404 395 563 453 καρπὸν
583 393 626 437 δ’
651 393 802 438 οὐδένα
819 394 868 438 τὸ
888 392 1086 452 παράπαν
1113 393 1377 451 οὐδαμόθεν,
1415 393 1479 440 ὅτι
1505 396 1565 453 μὴ
1588 395 1642 440 τὰ
1661 401 1744 440 τῶν

262 467 531 510 ἐπισκοπικῶν
557 464 992 521 ἐπαγγελιῶνὶἐκείνων
1020 466 1089 508 καὶ
1116 469 1448 523 προφοιβασμῶν
1479 463 1744 510 παντάπασιν

263 531 565 578 ἐναντιώτατα·
603 533 710 577 ἀλλὰ
742 535 810 576 καὶ
841 538 943 577 πᾶσι
976 541 1063 585 τοῖς
1096 534 1211 592 πέριξ
1241 534 1427 578 ἔθνεσιν·
1465 532 1522 586 ὥς
1542 542 1774 592 μυκτηρι-5

262 603 368 660 σμὸν
388 605 454 647 καὶ
470 603 708 659 χλευασμὸν
728 601 857 647 ἅπασι
879 608 1126 661 προκεῖσθαι
1150 604 1202 647 τὰ
1226 604 1331 648 καθ’
1357 602 1481 660 ἡμᾶς,
1510 606 1578 648 καὶ
1607 602 1746 662 παρά-

262 689 407 717 στασιν
426 672 616 724 ἅπαντας
645 671 744 716 εἶναι
764 675 938 729 νομίζειν
963 671 1335 732 ἀναμφισβήτητον
1363 673 1410 717 τὸ
1435 678 1512 730 τῆς
1541 672 1747 729 ἐκβάσεως

225 743 416 800 Οπέρας,
455 741 518 786 ὅτι
536 744 798 800 παρανομίας
819 745 885 785 καὶ
908 743 1098 796 ἀσεβείας
1126 742 1146 787 ὅ
1170 742 1298 799 τόμος
1328 741 1492 798 μεστός.
1539 743 1644 802 πρὸς
1665 744 1745 802 γὰρ

262 812 312 856 τὸ
334 816 567 856 τελευταῖον
585 812 709 868 ἐκβὰν
728 813 901 856 ἕκαστον
923 818 1007 857 τῶν
1028 815 1123 872 πρὶν
1141 811 1418 871 ὑπαρξάντων
1430 813 1620 871 κρίνεται.
1657 819 1746 863 τοῖς

263 883 339 938 μὲν
357 882 436 940 γὰρ
458 879 714 936 ἐπισκόποις,
752 883 953 938 οἰομένοις
975 881 1076 927 εἶναι
1103 883 1151 926 τὸ
1171 887 1246 939 τῆς
1265 887 1538 941 προσαγωγῆς
1567 884 1634 926 καὶ
1668 886 1744 926 τοῦ
1759 889 1794 926 1(

266 953 496 1007 δυσσεβοῦς
527 952 677 995 ἐκείνου
711 950 987 1008 ἀναθήματος
998 987 1011 1006 ,
1049 957 1124 996 τοῦ
1156 951 1288 1008 τόμου
1320 953 1509 1008 δηλαδὴ,
1548 957 1622 1009 τῆς
1648 956 1747 1008 βελ-

230 1027 231 1030 ’
258 1022 401 1072 τίονος
419 1022 569 1079 μοίρας
577 1054 591 1075 ,
630 1024 917 1079 προθεσπίζειν
935 1024 1004 1066 καὶ
1031 1028 1347 1081 προαναφωνεῖν
1369 1019 1479 1080 ἐπῄει
1505 1024 1573 1064 καὶ
1594 1020 1748 1079 κηρύτ-

264 1107 348 1134 τειν
378 1090 455 1142 τὰς
484 1091 673 1146 βελτίους
709 1089 898 1146 ἐκβάσεις
925 1094 1016 1150 περὶ
1045 1097 1120 1148 τῆς
1146 1096 1221 1136 τοῦ
1254 1090 1562 1150 αὐτοκράτορος
1600 1091 1747 1149 ἀρχῆς,

114 1165 160 1203 V.
176 1163 247 1203 524
271 1159 334 1204 ὅτι
361 1160 503 1218 μέχρις
536 1158 761 1218 Εὐφράτου
790 1163 858 1204 καὶ
893 1163 1097 1219 Τίγρητος
1119 1163 1271 1205 ἐκτενεΐ
1285 1161 1384 1211 τούς
1405 1160 1540 1218 ὅρους.
1588 1161 1672 1204 ἐπεὶ
1700 1159 1744 1204 δ’

227 1229 421 1274 Βᾶνεκτά
443 1234 502 1290 τῷ
531 1234 620 1289 θεῷ
640 1230 688 1273 τὸ
708 1228 907 1288 παράπαν
928 1231 1002 1274 οὐκ
1031 1227 1083 1287 ἦν
1108 1231 1162 1274 τὰ
1182 1235 1258 1287 τῆς
1290 1231 1562 1287 προσενέξεως
1575 1263 1588 1283 ,
1627 1230 1794 1275 &vd-15

267 1316 474 1358 στραπται
502 1299 557 1342 τὰ
588 1303 672 1343 τῶν
701 1301 902 1344 ἐλπίδων·
948 1302 1016 1344 καὶ
1049 1300 1143 1344 ἀντ’
1168 1298 1395 1358 Εὐφράτου
1427 1301 1496 1343 καὶ
1526 1301 1747 1357 Τίγρητος,

265 1374 350 1414 τῶν
376 1371 577 1426 μεγίστων
605 1370 765 1413 ἐκείνων
788 1375 1009 1426 ποταμῶν,
1047 1368 1236 1428 τάφρους
1260 1367 1426 1413 ὑδάτων
1449 1369 1626 1424 μεστοὺς
1657 1373 1748 1413 θα-

266 1439 446 1482 λαττίων
483 1436 504 1482 ὃ
534 1439 729 1494 βασιλεὺς
767 1440 1113 1496 Καντακουζηνὸς
1146 1440 1200 1483 τὰ
1237 1443 1320 1483 τῶν
1359 1440 1599 1492 Βυζαντίων
1635 1440 1747 1495 τείχη

264 1505 530 1566 προσκλύζειν
556 1506 740 1566 ἀνώρυξέ
759 1526 802 1552 τε
822 1511 889 1552 καὶ
910 1507 1211 1567 ἐτεχνούργησε,
1243 1515 1331 1558 τοῖς
1351 1509 1559 1563 πολεμίοις
1578 1509 1621 1560 ἐξ
1642 1508 1749 1552 ἀπο-

268 1579 361 1636 ρίας
386 1577 532 1635 μικρὸν
564 1579 841 1634 ἐπιτείχισμα·
881 1577 936 1630 ὥς
962 1577 1062 1622 εἶναι
1092 1587 1180 1629 τοῖς
1206 1579 1520 1635 συλλογίζεσθαι
1541 1577 1747 1633 βουλομέ-
1757 1585 1794 1621 2(

225 1661 356 1698 Ενοις
386 1645 528 1708 ῥᾴδιον
551 1649 618 1691 καὶ
644 1649 774 1706 σαφὲς
799 1648 846 1692 τὸ
866 1649 1143 1706 συμπέρασμα
1158 1663 1168 1673 ·
1207 1647 1271 1692 ὅτι
1292 1647 1417 1691 κακὸν
1442 1647 1526 1705 ἄρα
1555 1649 1623 1690 καὶ
1644 1649 1748 1691 δυσ-

267 1718 385 1771 σεβὲς
416 1716 464 1760 τὸ
496 1721 570 1773 τῆς
601 1719 887 1776 τομογραφίας
917 1719 1075 1762 ἐκείνων
1109 1717 1310 1775 ἀνάθημα
1339 1715 1385 1760 ὃν
1407 1715 1749 1772 ,κακοδαιμονού-

267 1803 346 1843 σης
369 1786 484 1842 ἔτυχε
504 1788 572 1829 καὶ
592 1792 668 1844 τῆς
685 1786 905 1843 ἐκβάσεως,
938 1790 1005 1831 καὶ
1025 1786 1133 1831 πάνυ
1158 1806 1223 1832 τοι
1248 1785 1414 1845 σφόδρα
1431 1784 1744 1843 ἐναντιωτάτης,

269 1856 347 1900 κᾶκ
359 1856 580 1915 διαμέτρου
600 1864 692 1908 ταῖς
709 1862 827 1916 σφῶν
847 1856 1097 1917 προρρήσεσι
1118 1857 1193 1914 τὴν
1212 1861 1294 1901 τῶν
1304 1854 1516 1912 Ῥωμαίων
1532 1856 1747 1913 ἐνεγκαμέ-

269 1968 378 2009 riam,
405 1967 594 2003 mercedem
614 1967 788 2004 retribuit.
836 1968 951 2014 Atque
966 1968 1040 2003 eius
1056 1967 1109 2003 rei
1125 1970 1236 2004 testes
1256 1968 1399 2003 fuerunt
1421 1978 1489 2002 non
1515 1965 1672 2012 episcopi
1691 1977 1748 2001 so-

269 2014 339 2049 lum
360 2013 411 2048 illi
435 2019 690 2057 assentatores,
714 2015 775 2061 qui
797 2027 839 2050 ea
857 2015 1211 2061 praenunciaverant,
1235 2027 1326 2061 quae
1348 2014 1447 2049 unius
1470 2019 1602 2048 tantum
1627 2013 1748 2048 diecu-

272 2060 329 2095 lae
349 2061 560 2106 voluptatem
587 2062 729 2096 auribus
756 2067 987 2108 pepererunt,
1010 2062 1156 2096 fructum
1180 2066 1292 2097 autem
1313 2061 1447 2096 omnino
1465 2066 1501 2095 et
1519 2060 1747 2105 undecunque

273 2107 422 2148 nullum,
447 2108 544 2141 immo
567 2119 623 2142 res
653 2108 721 2142 illis
748 2107 927 2154 promissis,
946 2113 982 2142 et
1011 2108 1313 2143 vaticinationibus
1335 2108 1477 2143 maxime
1494 2112 1530 2141 et
1557 2118 1619 2152 per
1635 2107 1748 2140 omnia

274 2153 475 2199 oppositas3
499 2154 559 2188 sed
577 2159 613 2188 et
630 2153 749 2200 populi
766 2154 910 2200 quilibet
925 2154 1050 2189 circum
1072 2155 1288 2198 habitantes;
1310 2155 1362 2189 ita
1381 2159 1421 2190 ut
1442 2153 1589 2189 omnium
1607 2153 1695 2187 risui
1713 2156 1749 2187 et

275 2211 404 2234 sannae
420 2211 477 2234 res
498 2205 636 2236 nostrae
655 2200 835 2246 expositae
854 2206 1026 2247 paterent,
1050 2213 1091 2236 ac
1108 2202 1183 2247 ipse
1202 2202 1262 2236 ille
1281 2213 1395 2237 rerum
1416 2200 1529 2235 exitus
1549 2203 1749 2245 argumento

275 2245 467 2281 certissimo
495 2246 596 2281 fidem
631 2247 784 2281 omnibus
821 2247 973 2290 faceret,
1009 2249 1156 2283 Tomum
1183 2261 1261 2284 esse
1291 2247 1538 2294 iniquissimum
1568 2252 1604 2280 et
1626 2246 1750 2290 impie-

275 2291 362 2327 tatis
386 2293 539 2338 plenum:
581 2292 748 2338 siquidem
775 2305 818 2328 ex
845 2294 963 2329 ultimo
993 2300 1120 2330 eventu
1150 2299 1309 2330 anteacta
1334 2304 1492 2340 quaeque
1513 2292 1749 2326 aestimantur.

274 2338 416 2384 Nempe
433 2350 553 2374 munus
571 2338 654 2373 illud
679 2339 925 2386 profanumque
942 2341 1118 2376 donarium
1144 2341 1293 2376 melioris
1320 2345 1425 2375 notae
1447 2351 1523 2374 esse
1547 2338 1751 2373 arbitranti-

273 2385 340 2420 bus
361 2385 553 2432 episcopis,
576 2386 685 2421 visum
704 2390 781 2421 erat
799 2388 954 2422 meliores
979 2393 1123 2423 eventus
1141 2399 1285 2431 canere,
1308 2399 1349 2422 ac
1368 2385 1599 2433 praedicendo
1619 2385 1751 2419 denun-

276 2431 372 2466 ciare
398 2431 445 2466 im
470 2431 616 2474 eratori3
642 2444 716 2467 eum
743 2433 876 2469 scilicet
890 2435 935 2469 ad
954 2435 1166 2481 Euphratem
1194 2439 1229 2469 et
1252 2433 1390 2479 Tigrim
1414 2443 1523 2478 usque
1542 2431 1678 2477 imperii
1696 2429 1751 2465 sui

276 2478 366 2513 fines
387 2489 450 2524 pro
465 2483 607 2514 aturum.
637 2479 766 2514 Verum
787 2481 869 2526 quia
885 2481 1001 2516 oblata
1019 2481 1079 2516 illa
1100 2480 1263 2516 eiusmodi
1277 2486 1396 2522 erant,
1417 2483 1456 2514 ut
1471 2490 1513 2513 ea
1529 2477 1625 2512 Deus
1642 2477 1752 2512 omni-

277 2536 324 2559 no
345 2529 583 2567 aversaretur,
605 2524 685 2560 ideo
709 2532 830 2561 contra
857 2539 955 2573 quam
983 2533 1156 2574 speratum
1174 2533 1252 2562 erat
1270 2526 1416 2569 accidit;
1439 2537 1480 2560 ac
1508 2536 1571 2571 pro
1596 2523 1751 2559 maximis

276 2570 348 2605 illis
364 2571 501 2614 fluviis,
527 2571 707 2617 Euphrate
724 2577 760 2606 et
782 2574 947 2619 Tigride,
972 2575 1158 2620 imperator
1181 2574 1447 2608 Cantacuzenus
1474 2572 1586 2606 fossas
1608 2582 1752 2617 percus·-

279 2617 338 2659 sit‚
361 2629 452 2663 quae
467 2617 598 2653 marina
616 2629 705 2664 aqua
721 2619 842 2664 plenae
860 2621 1022 2666 Byzantii
1042 2632 1153 2656 muros
1172 2619 1364 2662 alluerent3
1385 2620 1491 2664 isque
1504 2617 1667 2662 exiguum
1686 2617 1752 2651 hoc

276 2663 445 2699 adversus
472 2665 593 2700 ,hostes
623 2665 850 2719 praesidium,
873 2672 1019 2712 cogente
1045 2666 1271 2708 necessitate,
1303 2677 1366 2711 per
1389 2670 1498 2700 artem
1524 2663 1689 2705 munivit3
1711 2666 1753 2697 ut

276 2711 531 2755 argumentanti
557 2709 700 2746 cuilibet
729 2711 843 2747 facilis
873 2717 908 2747 et
923 2714 1063 2748 evidens
1089 2717 1250 2748 occurrat
1273 2714 1359 2747 haec
1376 2710 1569 2747 conclusio=
1591 2709 1752 2755 quoniam

278 2756 433 2799 Tomus,
456 2759 500 2792 ab
523 2756 592 2792 iilis
620 2758 793 2804 scriptus,
817 2759 937 2794 malum
965 2760 1087 2795 fuisset
1115 2764 1152 2794 et
1175 2759 1314 2805 impium
1333 2769 1456 2793 munus
1476 2756 1624 2791 oblatum
1638 2779 1650 2799 ,
1670 2755 1751 2789 ideo

279 2801 453 2838 infelicem
469 2803 596 2839 exitum
612 2808 859 2850 consequutum
880 2817 977 2848 esse;
1001 2818 1076 2841 eum
1095 2805 1277 2847 videlicet,
1302 2803 1528 2851 qui'maxime
1546 2798 1751 2842 contrarius,

279 2852 319 2883 et
342 2860 461 2887 eorum
487 2850 778 2899 praedictionibus
806 2863 910 2899 quam
936 2852 1132 2900 longissima
1154 2851 1322 2889 distantia
1351 2849 1536 2888 interiecta
1557 2848 1750 2896 oppositus,
