1794 3172
267 137 398 185 1098
665 141 985 188 NICEPHORI
1016 140 1345 189 GREGORAE

43 265 79 299 Α.
98 260 147 299 Μ.’
161 263 253 301 6859
266 253 461 311 συνείρειν
492 249 717 307 δυνάμενος
744 249 868 306 ὅμοια
899 248 1043 307 μόνοις
1073 251 1295 310 ἀρκεῖσθαι
1327 249 1491 313 κέκρικα
1524 261 1612 306 τοῖς
1641 256 1747 301 Διο-

97 309 203 348 lnd·4
263 325 406 368 νυσίου
435 326 511 365 τοῦ
535 322 865 378 Ἀρειοπαγίτου,
903 320 1040 379 πλήρη
1064 323 1396 379 πεπαιδευμένοις
1424 323 1526 368 ὅντα
1556 324 1744 382 ἀνδράσι.

259 395 352 446 περὶ
379 390 457 449 γάρ
479 409 543 435 τοι
563 395 646 434 τῶν
674 387 932 435 ἀπαιδεύτων
953 390 1074 448 λόγος
1100 390 1199 448 ἡμῖν
1220 393 1397 437 οὐδένων
1424 394 1570 445 οὐδείς.
1619 398 1748 452 λῆρος

260 462 339 520 γάρ
372 478 489 519 σφισι
527 458 648 518 λόγος
687 459 799 511 ἅπας
843 463 911 504 καὶ
948 467 1089 517 μοῦσα
1122 463 1363 519 παιδευτικὴ
1395 465 1463 506 καὶ
1495 461 1633 520 ἤθους
1671 465 1748 522 ῥυ-

223 531 378 587 Βθμὸς
407 533 474 575 καὶ
511 530 624 590 (οὐδ’
652 531 868 585 ἐλαχίστου
892 531 970 574 δέω
992 530 1134 589 λέγειν)
1171 531 1355 588 εὐσέβεια
1380 538 1495 576 πᾶσα
1523 536 1592 576 καὶ
1620 532 1775 578 nami-5

261 618 328 652 νες
353 602 570 657 ἐκκλησίας
590 600 904 657 εὐνομουμένης.
952 599 1065 656 ὅμως
1085 619 1129 645 τε
1150 604 1241 659 περὶ
1268 600 1508 659 βουλήσεως
1528 605 1596 646 καὶ
1619 596 1755 647 δυνάζ

259 688 370 728 μεως
401 673 468 714 καὶ
502 673 608 726 ζωῆς
631 672 698 713 καὶ
731 671 883 728 σοφίας
912 672 979 713 καὶ
1013 675 1097 714 τῶν
1134 670 1332 715 τοιούτων
1371 672 1439 715 ἐπ’
1483 673 1646 724 ἐκείνοις
1672 674 1748 729 μὲν

261 742 518 798 παμπληθὲς
539 743 784 796 διεξῆλθον·
820 738 919 794 ὖμῖν
950 739 993 783 δ’
1022 742 1227 784 ἐνταυθοῖ
1251 742 1517 800 προτιθέναι,
1551 743 1748 801 φορτικὸν

220 655 231 672 Ι

260 811 356 868 ἐμοί
378 828 420 868 γε
451 811 640 869 φαίνεται
680 811 748 853 καὶ
778 809 872 853 οὐδ’
908 809 1045 861 ἄλλως
1070 811 1302 868 ἀναγκαῖον.
1360 811 1435 868 τὴν
1463 811 1543 871 γὰρ
1577 814 1620 856 ἐν
1649 811 1749 856 τού-

258 898 348 932 τοις
371 874 552 938 ἀνάγκην
581 881 647 923 καὶ
671 884 827 937 καιρῶν
850 881 1016 923 δεῖσθαι
1044 882 1249 936 πολεμίων
1271 879 1450 938 ἀνάγκη,
1490 881 1556 925 ὅτε
1580 882 1631 938 δὴ
1659 900 1746 938 μα-
1759 893 1794 927 1(

256 953 383 1007 χίμου
422 948 594 1010 (φάναι)
631 947 781 999 κόνεως
811 949 1173 1007 ἇναρῥιπιζομένης
1203 952 1245 993 ἓν
1270 951 1384 1010 μέσῳ
1411 949 1526 1006 μάλα
1551 954 1749 1009 σφοδρῶς

225 1018 599 1078 Οάναφλεγόμενον
617 1019 664 1062 τὸ
686 1019 845 1079 θερμὸν
872 1023 948 1075 τῆς
967 1024 1108 1077 ψυχῆς
1127 1018 1360 1064 ἀκάθεκτον
1380 1020 1457 1076 ἕχει
1477 1020 1553 1077 τὴν
1582 1022 1749 1065 οἴκοθεν

262 1088 424 1146 ὁρμὴν,
464 1090 528 1132 ἐπὶ
563 1092 688 1145 ξυροῦ
723 1093 806 1132 τῶν
839 1087 1037 1133 κινδύνων
1069 1090 1386 1148 αἰωρουμένων·
1435 1095 1511 1147 τῆς
1539 1091 1581 1133 δ’
1613 1090 1749 1147 ἀκμῆς

263 1160 419 1215 ἐκείνης
439 1155 757 1216 παρελθούσης,
793 1159 860 1201 καὶ
886 1163 961 1201 τοῦ
980 1162 1164 1215 μαχίμου
1184 1158 1383 1217 θώρακος
1401 1162 1468 1202 καὶ
1496 1164 1580 1203 τῶν
1609 1159 1747 1204 ὅπλων

261 1230 423 1273 ἐκείνων
443 1228 666 1287 ῥιφέντων,
699 1228 741 1278 ἐς
760 1227 1000 1272 τούναντίον
1017 1236 1150 1287 χωρεῖ
1163 1231 1230 1272 καὶ
1251 1229 1304 1272 τὰ
1324 1234 1396 1285 τῆς
1417 1232 1627 1285 σπουδῆς,
1659 1248 1746 1285 μα-
1760 1242 1794 1279 15

262 1298 506 1356 ’ραινομένου
543 1301 618 1341 τοῦ
647 1295 963 1352 ὑπεκκαύματος
996 1300 1065 1342 καὶ
1105 1303 1180 1355 τῆς
1213 1299 1408 1357 ἀφορμῆς
1448 1303 1524 1342 τοῦ
1563 1299 1746 1354 πολέμου

261 1362 368 1411 κατὰ
397 1367 545 1425 μικρὸν
570 1365 772 1423 ἀπιούσης
793 1368 835 1417 ἒς
865 1366 1027 1425 λήθην,
1065 1367 1170 1423 μετά
1187 1386 1230 1426 γε
1252 1373 1327 1425 τῆς
1347 1373 1429 1412 τῶν
1453 1367 1590 1412 ὅπλων
1610 1369 1747 1412 ἀπαλ-

221 1441 407 1494 Βλαγῆς.
447 1438 511 1481 διὸ
533 1438 601 1480 καὶ
622 1435 722 1492 ἡμῖν
741 1437 1096 1497 ἓῤῥιιιθυμημὲνως
1116 1455 1203 1489 πως
1224 1436 1305 1494 ἤδη
1325 1442 1377 1497 τῇ
1401 1437 1504 1496 πρὸς
1523 1437 1633 1494 ὑμᾶς
1654 1440 1748 1495 διη-

259 1505 376 1565 γήσει
399 1506 505 1562 μετὰ
524 1507 598 1563 τὴν
626 1505 749 1562 ζάλην
773 1508 926 1563 ἐκείνην
956 1508 1185 1566 χριομένοις
1217 1509 1364 1551 ἐνεῖναι
1397 1507 1640 1565 συγγνώμην
1672 1508 1746 1552 οὐ-

260 1576 330 1621 δὲν
362 1574 549 1627 ἀπεικός·
593 1577 737 1628 ἐξεῖναι
768 1576 873 1635 γὰρ,
916 1578 994 1621 κάκ
1021 1582 1104 1622 τῶν
1137 1578 1360 1635 εἰρημένων
1370 1610 1382 1630 ,
1429 1586 1607 1622 συνεῖναι
1635 1576 1746 1634 ὑμᾶς
1758 1590 1794 1625 Ξ(

258 1646 337 1703 τὴν
357 1651 440 1690 τῶν
462 1650 607 1704 σοφῶν
631 1644 833 1704 ἑκατέρων
864 1649 1131 1705 συμφωνίαν,
1162 1653 1246 1691 τῶν
1271 1665 1315 1691 τε
1345 1645 1554 1706 ἡμετέρων
1585 1648 1746 1704 δηλαδὴ

262 1718 331 1759 καὶ
354 1721 437 1760 τῶν
457 1714 667 1773 θύραθεν,
692 1715 803 1767 ὅπως
825 1717 959 1761 ταῦτα
979 1720 1047 1761 καὶ
1071 1722 1272 1776 φρονοῦσι
1291 1719 1358 1761 καὶ
1382 1719 1634 1775 φθέγγονται
1655 1719 1746 1775 περὶ

258 1791 335 1843 τῆς
356 1787 476 1837 θείας
497 1783 732 1842 ἁπλότητος
742 1819 756 1840 ,
795 1784 896 1830 εἶναι
917 1786 1175 1845 παγχάλεπον
1197 1789 1265 1830 καὶ
1293 1786 1461 1846 σφόδρα
1481 1792 1565 1831 τῶν
1588 1785 1745 1830 ἀδυνά-

261 1876 357 1909 ctere
375 1885 510 1919 possem
537 1874 752 1918 testimonia,
785 1875 887 1910 unius
910 1875 1069 1921 Dionysii
1091 1873 1322 1921 Areopagitae
1342 1875 1450 1910 verba
1472 1874 1555 1909 mihi
1583 1874 1746 1910 sufficere

263 1920 403 1963 censui,
428 1933 469 1955 eo
486 1921 578 1966 quod
595 1922 739 1956 eruditis
755 1921 840 1956 viris
857 1922 992 1957 abunde
1008 1924 1166 1957 facerent
1181 1923 1279 1957 satis.
1326 1923 1415 1956 Nam
1430 1922 1666 1967 imperitorum
1683 1923 1747 1955 ho-

262 1966 390 2001 minum
418 1967 545 2002 nullam
572 1979 713 2013 prorsus
739 1968 906 2004 rationem
935 1969 1056 2004 habeo.
1103 1968 1168 2005 lsti
1193 1970 1282 2003 enim
1300 1969 1497 2003 deliriorum
1521 1968 1595 2002 loco
1616 1968 1747 2003 habent

260 2024 392 2047 omnem
412 2013 601 2055 rationem,
625 2026 756 2050 omnem
773 2023 844 2061 qua
860 2014 1069 2050 instituimur
1095 2016 1282 2050 doctrinam
1312 2020 1348 2051 et
1376 2015 1507 2061 ingenii
1531 2015 1746 2050 concinnita-

257 2063 350 2100 tem,
376 2071 489 2104 neque
507 2061 677 2096 tantillum
705 2063 804 2096 abest
826 2062 909 2108 quin
937 2062 1078 2104 addam,
1102 2074 1232 2097 omnem
1261 2063 1425 2109 pietatem
1447 2068 1552 2107 atque
1578 2061 1746 2096 ecclesiae

259 2106 348 2139 bene
373 2106 552 2141 ordinatae
580 2119 739 2143 canones.
787 2108 920 2143 Tamen
947 2109 990 2144 de
1010 2110 1212 2151 voluntate,
1239 2111 1414 2155 potentia,
1440 2110 1534 2151 vita,
1559 2108 1745 2154 sapientia,

260 2156 298 2186 et
316 2151 394 2186 aliis
419 2152 634 2197 huiusmodi,
647 2158 800 2201 *propter
817 2155 895 2189 illos
916 2156 1113 2201 plenissime
1132 2156 1293 2191 disserui.
1342 2157 1444 2198 Quae
1463 2155 1563 2191 vobis
1583 2156 1639 2189 hic
1662 2166 1745 2200 pro-

285 2209 408 2240 onere,
433 2203 473 2233 ut
496 2210 606 2244 grave
626 2213 667 2235 ac
690 2202 866 2237 molestum
889 2202 1028 2238 videtur
1050 2202 1155 2246 mihi,
1179 2204 1230 2238 ita
1254 2215 1318 2238 nec
1339 2202 1477 2237 aliunde
1499 2201 1743 2236 necessarium,

297 2256 351 2279 am
369 2249 460 2290 'quae
482 2244 518 2279 in
547 2246 600 2281 his
620 2248 770 2283 occurrit
794 2249 1004 2292 necessitas,
1028 2250 1171 2285 hostiles
1193 2256 1229 2285 et
1245 2249 1387 2293 bellicas
1404 2248 1603 2284 occasiones
1622 2260 1741 2283 neces-

258 2290 351 2326 sario
377 2291 548 2337 postulat3
572 2305 645 2328 cum
672 2294 806 2330 scilicet
830 2295 977 2331 bellicus
1006 2297 1120 2343 pulvis
1142 2298 1199 2340 (ut
1216 2298 1268 2332 ita
1294 2296 1424 2340 dicam)
1442 2297 1478 2330 in
1496 2294 1608 2329 medio
1631 2295 1744 2340 palam

259 2337 454 2380 excitatur,
477 2343 513 2373 et
538 2339 809 2383 ferventissimus
831 2348 947 2377 aestus
966 2345 1099 2379 animae
1116 2343 1317 2378 indomitum
1334 2343 1540 2377 intrinsecus
1557 2342 1661 2376 habet
1678 2342 1743 2376 im-

257 2387 397 2430 petum3
420 2396 462 2420 eo
479 2386 571 2431 quod
590 2397 646 2421 res
667 2387 713 2423 sit
730 2388 765 2422 in
785 2400 947 2424 summum
966 2397 1071 2436 atque
1087 2390 1263 2425 imminens
1283 2389 1467 2424 discrimen
1482 2389 1645 2423 adducta.
1671 2387 1744 2422 Ubi

256 2442 343 2465 vero
364 2431 477 2466 acrior
494 2431 554 2466 ille
572 2434 801 2469 contentionis
819 2441 936 2471 aestus
957 2437 1156 2479 deferbuit,
1180 2441 1216 2471 et
1240 2436 1399 2471 militaris
1419 2437 1529 2470 lorica
1549 2435 1646 2469 simul
1667 2446 1753 2476 cum¹

257 2477 361 2512 armis
381 2478 448 2512 illis
470 2477 625 2524 proiecta
643 2485 710 2523 est,
733 2486 816 2516 tunc
835 2483 937 2517 etiam
956 2485 1138 2518 vehemens
1156 2495 1291 2530 pugnae
1310 2483 1459 2517 studium
1478 2483 1515 2517 in
1531 2482 1741 2517 contrarium

257 2525 397 2569 vergit3
419 2537 460 2559 eo
479 2525 571 2570 quod
590 2526 698 2572 ipsius
720 2530 927 2564 exstinctum
949 2531 996 2565 sit
1014 2530 1273 2572 suscitabulum,
1290 2534 1327 2564 et.
1345 2529 1486 2564 bellicus
1503 2529 1652 2575 impetus
1669 2534 1743 2563 sta-

257 2569 321 2606 tim
339 2575 446 2616 atque
469 2583 561 2606 arma
586 2573 742 2618 proiecta
763 2582 855 2617 sunt,
880 2577 1047 2622 paulatim
1066 2577 1102 2611 in
1121 2577 1326 2612 oblivionem
1344 2576 1480 2611 abierit.
1528 2576 1652 2620 Itaque
1671 2587 1740 2609 non

258 2615 428 2652 immerito
457 2617 585 2654 dabitis
615 2620 700 2655 hanc
728 2622 882 2664 veniam,
907 2624 937 2657 si
966 2624 1059 2658 forte
1082 2628 1161 2669 post
1189 2623 1282 2658 illam
1303 2626 1542 2669 tempestatem
1565 2627 1740 2667 utcunque

257 2662 447 2698 remissiori
467 2665 579 2700 animo
605 2666 641 2701 in
662 2667 748 2701 haec
769 2669 868 2702 vobis
894 2671 1086 2705 enarranda
1104 2671 1305 2705 incumbam.
1362 2672 1522 2715 Namque
1551 2668 1740 2703 unanimem

258 2709 462 2763 sapientium
482 2715 553 2746 tum
575 2712 846 2749 Christianorum
865 2721 937 2750 tum
956 2717 1132 2762 gentilium
1152 2717 1357 2752 sententiam
1377 2716 1434 2752 vel
1451 2716 1552 2751 etiam
1573 2727 1615 2750 ex
1634 2715 1739 2749 dictis

256 2757 421 2809 poteritis
443 2758 660 2803 intelligere3
684 2772 753 2806 qua
772 2773 893 2807 nempe
911 2764 1047 2799 ratione
1073 2763 1117 2798 de
1145 2763 1263 2798 divina
1287 2762 1508 2810 simplicitate
1532 2762 1651 2797 eadem
1680 2773 1738 2796 sa-

255 2806 357 2856 piant
375 2807 410 2837 et
428 2805 673 2849 pronuncient,
697 2819 774 2842 esse
798 2819 961 2854 perquam
977 2809 1138 2852 difficile,
1162 2810 1260 2845 immo
1278 2811 1422 2846 maxime
1440 2809 1674 2855 impossibile,
1698 2811 1738 2843 ut

257 2858 336 2892 quls
356 2851 635 2897 compositionem
648 2858 711 2907 aut
731 2853 983 2899 differentiam,
1008 2862 1251 2903 praeterquam
1275 2858 1446 2893 nominum
1463 2856 1655 2898 duntaxat,
1679 2855 1735 2890 in-
