1794 3172
344 166 664 213 HISTORIAE
693 169 1069 213 BYZANTINAE
1098 170 1197 215 XV.
1230 177 1297 218 12.
1454 167 1556 214 793

67 275 232 322 ὀδόντα.
281 276 374 339 (Β)
393 273 533 321 Ἦσαν
552 277 597 320 δ’
622 277 669 321 οἳ
685 280 752 322 καὶ
772 279 1130 335 ε’κκεκαλυμμένως
1153 280 1195 331 ἒς
1215 275 1428 338 προῦπτον
1447 282 1555 327 ἓλοι-
1566 299 1605 332 A.
1628 301 1666 333 c,
1687 296 1777 336 1347

67 350 268 405 ὁοροῦντο
288 348 435 405 τάνδρὶ
449 381 462 401 ,
493 347 623 404 μηδὲν
644 346 752 405 ὖγιὲς
768 347 872 405 μήτε
894 351 1060 407 δρῶντι,
1088 347 1193 406 μήτε
1213 354 1421 405 λαλοῦντι,
1448 346 1631 424 μήτ’ῙΠᾜ·
1648 348 1694 425 Ῑοι·
1708 349 1776 426 ‘¹3³²'

67 419 110 460 ἓν
129 422 187 476 τῷ
209 415 302 460 τότε
322 415 495 475 παρόντι
517 421 594 473 τῆς
612 415 738 476 ὥρας,
771 417 876 474 μήτ’
901 419 943 470 ἐς
960 418 1128 462 τούπιὸν
1150 423 1226 462 τοῦ
1239 418 1409 478 χρόνου.
1447 423 1596 476 μετὰΕ
1612 403 1673 426 aeo
1688 417 1698 426 ’

65 487 144 544 γὰρ
172 485 335 542 βραχύν
368 504 460 530 τινα
483 485 658 542 χρόνον,
702 486 778 530 διὰ
802 488 851 531 τὸ
885 492 960 544 τῆς
988 487 1117 531 αὐτοῦ
1146 488 1321 546 ῥαγῆναι
1338 494 1553 544 κοινωνίας

39 557 167 607 ὄτοῦς
186 558 350 607 πλειόυς
373 561 455 599 τῶν
472 554 704 600 ἐπισκόπων
728 559 796 600 καὶ
817 557 1105 614 πρεσβυτέρων
1118 592 1131 610 ,
1164 563 1330 614 πλῆθος
1355 560 1551 619 ἀγοραῖον

66 625 202 684 ἑαυτῷ
238 623 457 676 θιασώτας
498 625 706 682 ἀθροίσας
743 626 943 671 τοιούτων
977 627 1054 683 τὴν
1094 628 1312 684 ἐκκλησίαν
1344 629 1436 673 ἀντὶ
1469 636 1553 675 τῶν
1563 642 1603 677 Ρ.
1613 642 1683 680 499

65 695 271 752 ῥαγέντων
286 695 515 751 ἐνέπλησεν,
548 695 793 747 ἐπισκόπους
814 694 1034 752 σχεδιάσας
1053 698 1119 740 καὶ
1146 699 1449 757 πρεσβυτέρους
1466 699 1554 745 ἔτι-’-

66 782 189 822 ρους,
225 763 363 822 ὥσπερ
393 765 432 808 οἶ
463 769 597 819 μῦθοι
624 764 752 809 πάλαι
783 767 883 817 τοὺς
915 766 1127 823 σπαρτοὺς
1150 769 1219 809 καὶ
1249 768 1554 827 αὐθημερινοῦς

63 836 280 891 γίγαντας,
317 836 383 877 καὶ
405 833 515 878 οὓτω
544 836 651 879 κατὰ
673 841 748 891 τῆς
769 836 977 891 εὐσεβείας
998 836 1180 891 ἀμαθῶν
1211 838 1358 894 λογίων
1379 836 1554 891 ὃπλίσας

9 914 55 950 10
66 908 236 948 πλεῖστα
258 905 464 962 συνέδρια.
503 903 593 964 (Γ.)
610 905 777 949 ’Έπειτα
800 903 1044 962 θεραπεύειν
1062 906 1180 962 ἠξίου
1199 904 1456 962 λυπούμενον
1477 914 1553 965 τῆς

63 979 148 1017 τῶν
173 969 480 1032 πατριαρχικῶν
503 974 731 1030 ἀποτυχίας
751 974 919 1032 θρόνων
938 976 1011 1019 τὸν
1029 979 1245 1030 Παλαμᾶν
1256 1010 1270 1030 ,
1301 973 1552 1022 διδάσκαλόν

64 1062 108 1087 τε
130 1043 230 1087 ὄντα
251 1048 324 1086 τοῦ
358 1041 514 1087 θιάσου
542 1046 610 1087 καὶ
641 1049 714 1100 τῆς
744 1047 928 1102 φατρίας
958 1047 1032 1088 καί
1051 1045 1092 1088 οἶ
1114 1049 1195 1089 τῶν
1219 1044 1464 1101 ἀξιωμάτων
1486 1049 1554 1091 αἶ’-

62 1127 173 1156 τιον·
211 1115 278 1156 καὶ
320 1118 470 1157 τοῦτον
507 1115 727 1158 ἐπίσκοπον
752 1121 983 1171 χειροτονεῖ
1010 1116 1366 1159 Θεσσαλονικέων·
1414 1115 1463 1161 οἷ
1483 1119 1589 1161 καὶΒ

64 1181 240 1226 ἀπιόντα
280 1181 384 1239 μήτε
423 1183 534 1234 τινὸς
571 1184 830 1240 τετυχηκέναι
864 1185 996 1236 ξενίας
1027 1184 1132 1244 πρὸς
1171 1189 1254 1228 τῶν
1289 1186 1375 1229 ἐκεῖ
1396 1188 1551 1241 ξυμπέ-

7 1259 52 1296 15
65 1271 197 1296 πτωκε
231 1257 433 1307 πολιτῶν,
473 1255 541 1296 καὶ
576 1252 768 1309 ἅμα,τὴν
792 1253 872 1298 ἀπὸ
906 1259 1089 1298 Σκυθῶν
1111 1252 1332 1312 πόῤῥωθεν
1353 1255 1552 1314 εἰληφότα

62 1322 207 1381 ῥῆσιν,
245 1324 390 1376 εἷπεῖν,
424 1321 618 1381 καθάπερ
639 1340 679 1366 τι
698 1322 934 1367 Κυλώνειον
954 1323 1054 1381 ἄγος
1078 1325 1121 1376 ἐξ
1143 1324 1281 1367 αὐτῶν
1299 1324 1428 1376 εὐθὺς
1447 1327 1551 1370 ε’πα-

61 1393 187 1435 νιέναι
208 1393 458 1448 ἐληλαμένον
476 1397 559 1436 τῶν
576 1397 652 1448 τῆς
670 1391 827 1444 πόλεως
843 1393 980 1451 ἀγρῶν
997 1395 1065 1436 καὶ
1085 1395 1354 1451 προαστείων,
1378 1397 1473 1452 πρὶν
1484 1397 1551 1439 ε’ν-

60 1462 132 1512 τὸς
150 1462 343 1518 γενέσθαι
370 1466 511 1506 πυλῶν
534 1464 601 1505 καὶ
622 1465 717 1520 πρὶν
735 1463 852 1520 ἔγγὺς
870 1463 1115 1519 ἐληλυθέναι
1127 1464 1295 1518 τείχους.
1322 1462 1551 1523 (Δ.)Ἀλλὰ

54 1533 181 1575 ’ταυτὶ
206 1532 282 1586 μὲν
307 1530 461 1589 ἑτέροις
485 1531 834 1582 καταλελοιπότας
856 1530 990 1588 ἡμᾶς,
1026 1532 1071 1575 οἳ
1084 1533 1367 1589 πραγματείαν
1392 1535 1450 1584 εἷς
1463 1539 1550 1590 μῆ-

4 1606 135 1651 Ξθκος
167 1603 276 1643 ἰδίαν
301 1603 540 1657 πεποίηνται
569 1599 702 1644 πάνθ’
742 1599 876 1645 ὁπόσα
909 1607 995 1651 τοῖς
1026 1601 1372 1657 ἕκκλησιαστικοῖς
1390 1603 1587 1658 συμβὲ-Ο

55 1675 163 1726 ’βηκε
188 1668 283 1713 τότε
308 1669 530 1727 δόγμασιν,
560 1670 695 1727 χρεῶν
707 1703 720 1723 ,
757 1669 784 1712 ἃ
814 1674 866 1728 τῇ
888 1671 1049 1731 ἱστορία
1067 1668 1362 1728 κεφαλαιιόδως
1383 1690 1471 1723 πως
1491 1675 1550 1716 εἶ-

62 1745 222 1797 ρῆσθαι
242 1744 475 1798 προσῆκον,
505 1739 586 1796 ἤδη
612 1739 798 1791 διεξιέναι
824 1739 932 1784 κατὰ
958 1739 1031 1784 τὸν
1058 1738 1145 1784 ι’ίνω
1174 1757 1254 1783 που
1274 1744 1550 1799 παραλελειμ-

58 1810 184 1865 μένον
209 1807 362 1867 εἶρμόν.

154 1899 212 1934 13.
238 1895 282 1933 οἷ
300 1909 366 1933 em.
389 1897 492 1932 Boiv.
515 1908 580 1944 pro
605 1896 649 1933 εἰ.

59 1967 270 2002 mussitando
289 1967 449 2002 convitiis
468 1967 692 2002 insectantes.
739 1965 824 2010 (Π.)
845 1965 958 2000 Erant
978 1964 1080 2001 etiam
1098 1964 1157 2012 qui
1177 1969 1300 2013 aperte
1317 1969 1354 2002 et
1369 1967 1546 2014 propalam

59 2012 188 2048 homini
208 2014 360 2049 convitia
382 2016 558 2056 facerent,
584 2014 668 2048 nibil
693 2018 753 2048 aut
773 2013 918 2047 facienti
939 2018 999 2048 aut
1016 2012 1166 2055 dicenti,
1190 2014 1282 2059 quod
1307 2014 1383 2049 sani
1403 2014 1546 2050 hominis

60 2066 166 2102 esset,
191 2061 267 2095 sive
284 2066 365 2095 tunc
386 2062 461 2096 sive
479 2066 610 2107 postea.
641 2060 777 2104 Nempe
796 2060 828 2093 is
847 2059 949 2106 paulo
967 2064 1057 2105 post,
1084 2059 1167 2105 quia
1185 2060 1342 2106 plerique
1362 2060 1548 2107 episcopo-

59 2118 133 2142 rum
152 2108 196 2142 ab
215 2119 256 2141 eo
281 2107 408 2142 divulsi
433 2108 654 2148 defecerant,
678 2105 845 2153 plebeiam
862 2106 1041 2141 colluviem
1060 2106 1174 2141 thiaso
1199 2118 1261 2142 suo
1285 2107 1545 2142 adscribendam

59 2153 197 2199 coegit3
220 2159 257 2188 et.
271 2154 464 2189 istiusmodi
480 2154 629 2188 immines
644 2154 680 2188 in
700 2164 826 2196 eorum,
847 2152 908 2199 qui
926 2153 1138 2196 defecerant,
1163 2152 1273 2188 locum
1292 2154 1443 2188 suffecit.
1490 2154 1547 2189 Ita

60 2200 239 2235 ecclesiam
257 2201 360 2235 factis
378 2212 421 2236 ex
438 2206 593 2247 tempore
608 2199 780 2246 episcopis
797 2203 834 2234 et
852 2199 1092 2234 sacerdotibus
1109 2199 1208 2234 novis
1228 2200 1402 2246 implevit3
1426 2200 1547 2247 quales

59 2247 260 2281 fabulantur
278 2248 385 2282 fuisse
401 2253 496 2282 satos
514 2248 589 2282 illos
607 2254 643 2281 et
659 2246 760 2280 unius
777 2246 846 2280 diei
857 2245 1113 2292 Gigantas3‘et
1127 2246 1314 2282 Doctorum
1333 2246 1548 2281 indoctorum

60 2301 182 2328 coetus
200 2294 463 2339 quamplurimos
486 2295 521 2328 in
540 2294 742 2338 religionem
761 2292 919 2327 armavit.
966 2293 1072 2337 (111.)
1095 2292 1209 2326 Solari
1227 2293 1354 2327 deinde
1374 2293 1548 2328 Palamam

60 2340 196 2381 statuit,
219 2347 382 2375 moestum
404 2346 439 2376 et
458 2339 679 2386 patriarchali
698 2339 781 2373 sede
798 2339 971 2374 exclusum
990 2351 1028 2374 se
1044 2339 1238 2382 dolentem3
1263 2339 1381 2381 solari,
1397 2339 1548 2385 inquam,

59 2386 171 2429 yoluit
198 2387 316 2432 gregis
345 2394 382 2422 et
410 2388 561 2422 sodalitii
588 2386 787 2431 magistrum
819 2397 971 2431 suaeque
1008 2384 1190 2431 dignitatis
1214 2391 1400 2421 auctorem.
1458 2385 1548 2419 Eum

59 2432 178 2478 itaque
197 2433 535 2469 Thessalonicensem
557 2432 753 2478 episcopum
774 2431 882 2477 eligit.
932 2433 978 2466 At
995 2432 1052 2466 hic
1079 2433 1258 2477 profectus
1285 2433 1366 2467 illuc
1390 2443 1453 2466 nec
1483 2432 1549 2466 ho-

60 2478 165 2524 spitio
184 2480 320 2526 quidem
349 2481 392 2514 ab
415 2481 487 2515 eius
514 2481 610 2514 urbis
630 2479 762 2514 civibus
785 2478 976 2524 excipitur:
1002 2477 1064 2513 sed
1088 2490 1108 2512 e
1127 2477 1311 2524 longinquo
1334 2477 1546 2523 Scythicum,

60 2531 100 2559 ut
114 2525 222 2567 aiunt,
238 2538 438 2571 responsum
459 2527 597 2572 accipit,
611 2531 646 2561 et
664 2531 826 2570 tanquam
835 2525 1024 2570 Cyloneum
1043 2524 1184 2571 aliquod
1205 2524 1375 2570 piaculum
1388 2524 1442 2564 ,ab
1459 2523 1546 2569 ipsis

61 2571 178 2606 statim
202 2572 352 2607 eiusdem
373 2573 470 2608 urbis
488 2573 582 2618 agris
599 2572 852 2616 suburbiisque,
874 2571 1022 2606 nondum
1043 2575 1163 2617 portas
1180 2571 1370 2616 ingressum
1393 2575 1430 2604 et
1447 2576 1546 2604 ante-

60 2629 160 2663 quam
179 2619 224 2653 ad
240 2619 335 2664 ipsos
354 2632 465 2654 muros
482 2619 625 2665 propius
645 2618 871 2659 accessisset,
900 2617 1030 2652 eiectus
1047 2618 1152 2653 redit.
1201 2618 1299 2662 (lv.)
1316 2617 1440 2651 Verum
1459 2616 1546 2650 haec

57 2667 124 2698 'nos
144 2664 222 2698 aliis
242 2666 438 2710 relinquere
459 2672 618 2712 oportet3
643 2665 687 2699 iis
707 2664 892 2706 videlicet,
915 2663 976 2710 qui
996 2676 1039 2699 ea
1058 2664 1189 2706 omnia,
1214 2675 1303 2709 quae
1322 2669 1393 2697 tum
1417 2662 1460 2696 ad
1481 2662 1546 2696 do-

62 2712 206 2745 ctrinam
223 2712 490 2747 ecclesiasticam
508 2711 718 2759 pertinentia
733 2711 946 2753 acciderunt,
962 2710 1124 2756 delegere
1140 2710 1207 2744 sibi
1224 2710 1332 2744 fusius
1350 2709 1545 2743 tractanda.

61 2757 164 2798 Quae
190 2762 303 2793 autem
329 2759 517 2794 summatim
541 2758 611 2793 dici
636 2757 802 2792 historiae
826 2757 1035 2792 conveniens
1055 2761 1129 2799 est,
1155 2768 1196 2791 ea
1223 2757 1291 2791 iam
1312 2754 1547 2802 percurrenda

56 2810 160 2846 suut,
184 2809 221 2839 et
240 2804 372 2849 series,
396 2818 496 2852 quam
516 2817 578 2840 nos
598 2815 706 2850 supra
728 2804 995 2850 interrupimus,
1019 2802 1260 2839 continuanda.

157 2928 375 2975 Nicephorus
402 2931 551 2978 Gregor.
589 2931 664 2968 1⁷01.
692 2932 739 2968 11.
1215 2918 1270 2961 51
