1794 3172
247 140 350 189 926
643 144 960 191 NICEPHORI
983 143 1310 189 GREGORAE

32 265 67 299 A.
83 262 128 296 M.
144 262 236 300 6859
248 255 563 313 ἀποσχοᾲιεθα,
605 253 770 310 τάχιστ’
803 253 855 298 ἂν
886 254 963 310 τὴν
995 258 1070 297 τοῦ
1103 254 1234 311 πυρὸς
1264 254 1336 312 ἐφ’
1371 253 1544 306 ἑαυτοὺς
1571 253 1730 306 ἑκόντες

89 311 159 345 Iud·
172 309 197 347 4
248 323 490 381 *domim
507 326 682 383 γεένναν.
720 316 769 367 οῦ
787 324 831 366 τί
846 327 929 367 τῶν
948 321 1141 367 ἁπάντων
1159 325 1391 380 χείριστον,·
1414 327 1482 367 καὶ
1502 329 1585 369 τῶν
1603 323 1729 382 ἀργύ-

250 414 325 450 ρου
351 397 395 439 δὲ
417 397 484 438 καὶ
511 398 585 438 τοῦ
611 397 772 450 χρυσοῦ
792 397 1079 449 μεταλλευτῶν
1110 393 1186 448 οὐχ
1220 391 1426 449 ὃμιλητῶν
1451 392 1619 451 ἡγεμόσι
1651 412 1728 436 κα-

246 465 511 520 &lotape-1020
520 497 533 517 ,
573 463 642 506 διὰ
663 462 711 506 τὸ
732 461 840 506 πάνυ
860 480 924 506 τοι
942 462 1270 519 ἀγροικίζεσθαι,
1304 458 1480 521 τοῦργον
1502 465 1592 521 περὶ
1616 465 1730 506 πλεί-

208 540 351 579 Εστου
383 532 547 584 τούτοις
573 533 840 578 καθίσταται.
887 534 955 575 καὶ
986 530 1226 589 ἁλουργίδες
1249 532 1291 575 δ’
1325 531 1383 576 ἔτι
1412 534 1480 577 καὶ
1513 530 1757 591 πορφύραιό

242 602 439 661 χρήσιμοι
463 610 550 653 τοῖς
578 604 818 656 βασιλεῦσίν
844 603 966 645 εἰσιν·
1005 602 1101 644 ἀλλ’
1126 602 1223 645 οὐδὲ
1247 607 1397 660 μικρᾶς
1422 607 1521 660 γοῦν
1550 620 1662 653 τινος
1688 602 1729 645 οἱ

249 676 430 732 δρῶντες
455 673 560 723 θέας
589 673 750 715 ἐκείνων
774 672 874 721 ἴσως
901 669 1172 728 τυγχάνουσιν
1198 665 1335 726 οὗτοι,
1374 672 1473 715 ἀλλ’
1505 673 1637 716 ἐνίοτε
1661 673 1730 715 καὶ

247 747 466 799 μισοῦνται
501 741 571 785 διὰ
599 741 647 784 τὸ
674 745 751 798 τῆς
780 742 936 784 ἐκεῖθεν
955 741 1103 797 ἀηδίας
1125 740 1298 794 ἀπόζειν.
1337 740 1487 785 οὔκουν
1507 741 1600 785 οὔτ’
1628 743 1730 785 ἐκεῖ-

248 830 320 857 νον
336 812 419 870 ἄρα
443 815 519 868 τῆς
541 811 730 867 ἀληθοῦς
753 809 896 867 ἀπάγει
917 812 1163 868 κατηγορίας
1183 810 1236 854 τὰ
1252 815 1327 867 τῆς
1351 813 1577 868 θρησκείας
1586 845 1600 865 ,
1634 810 1730 854 οὔτε

248 886 309 941 τῷ
340 885 531 941 Παλαμᾷ
562 885 720 936 βοηθεῖ
731 913 745 934 ,
782 880 858 936 οὔχ
893 880 968 931 ἕως
999 879 1050 923 ἂν
1075 878 1283 924 ἁλίσκοιτο
1311 879 1474 931 τούτοις
1504 885 1729 938 προφανῶς
1743 891 1786 926 10

249 959 337 1001 τοῖς
360 949 619 1008 ἐγκλήμασιν.
651 948 801 993 Ἐκεῖνό
825 967 868 1007 γε
890 950 974 1006 μὴν
1005 947 1246 1008 ἒροίμηνίὶν
1266 948 1397 1006 ἡδέως
1426 967 1490 1004 σε,
1529 955 1618 1001 πῶς
1645 954 1730 993 τῶν

209 1019 419 1078 ΕἸωάννῃ
441 1024 499 1079 τῷ
520 1018 755 1077 πατριάρχῃ
775 1020 1039 1076 γραφέντων,
1077 1021 1173 1077 περί
1194 1037 1236 1063 τε
1256 1024 1338 1063 τῶν
1359 1024 1432 1063 τοῦ
1451 1023 1642 1075 Παλαμᾶ
1663 1021 1730 1062 καὶ

250 1090 462 1148 Βαρλαὰμ
491 1091 558 1132 καὶ
590 1093 667 1144 τῆς
696 1091 910 1145 ἐκκλησίας
938 1087 1159 1146 θορύβων,
1196 1089 1248 1133 τὰ
1269 1090 1344 1145 μὲν
1365 1088 1519 1147 ἀρεστά
1541 1107 1605 1132 σοι
1625 1091 1731 1146 γίνε-

250 1178 342 1213 ται,
380 1159 432 1202 τὰ
463 1158 505 1201 δ’
541 1157 616 1212 οῦ,
654 1156 759 1215 πρός
777 1175 820 1216 γε
842 1158 889 1201 τὸ
919 1163 978 1217 τῷ
1000 1162 1190 1218 Παλαμᾷ
1215 1157 1468 1214 βουλόμενον
1488 1159 1736 1202 ἀνθέλκοντί

249 1246 294 1273 τε
317 1231 384 1272 καὶ
400 1228 643 1284 μεθέλκοντι
662 1228 766 1283 μετὰ
785 1231 941 1283 πολλῆς
961 1232 1034 1283 τῆς
1053 1228 1223 1284 ἀρχικῆς
1241 1230 1428 1280 ἔξουσίας
1447 1229 1524 1279 τὰς
1541 1227 1724 1287 ψήφους.
1743 1239 1785 1274 15

250 1298 278 1355 ἢ
302 1299 381 1357 γὰρ
405 1297 535 1341 ἅπασι
566 1297 745 1354 στέργειν
767 1297 901 1353 χρεών
925 1304 1012 1347 τοῖς
1035 1299 1169 1356 ἐκείνῳ
1200 1296 1540 1356 πατριαρχεύοντι
1569 1316 1730 1355 πεπρα-

250 1369 413 1427 γμένοις
431 1364 538 1410 κατά
563 1384 607 1424 γε
628 1366 727 1417 τούς
746 1372 817 1423 τῆς
837 1367 1053 1422 ἐκκλησίας
1070 1367 1272 1422 θεσμοὺς,
1299 1366 1325 1423 ἢ
1346 1369 1478 1423 μηδὲν
1496 1372 1580 1412 τῶν
1596 1365 1730 1412 ‹indv-

250 1456 347 1482 των.
386 1437 492 1480 ἀλλὰ
515 1440 590 1480 τοῦ
610 1434 777 1493 πρώτου
799 1441 1074 1493 κρατοῦντος,
1098 1435 1242 1493 χώραν
1264 1437 1339 1480 οὐκ
1359 1437 1436 1492 ἔχει
1456 1437 1503 1480 τὸ
1526 1436 1728 1493 δεύτερον.

100 1512 142 1549 Ρ.
163 1513 232 1550 583
258 1509 312 1550 Εἲ
346 1507 392 1550 δὲ
421 1509 486 1550 δεῖ
498 1507 747 1564 μερίσαντας
775 1503 886 1561 ἡμᾶς
908 1507 965 1556 εἷς
990 1503 1064 1548 δύο
1087 1505 1258 1565 τάκείνῳ
1291 1508 1534 1563 πραχθέντα
1565 1509 1659 1563 περί
1686 1524 1728 1561 γε

250 1584 338 1621 τοΐν
358 1579 474 1619 δυοῖν
494 1574 657 1619 τούτοιν
687 1574 855 1632 ἀνδροῖν
882 1572 1060 1634 ἑκατέρῳ
1089 1572 1262 1632 ἑκάτερα
1294 1577 1462 1629 δοῦναι,
1498 1580 1558 1635 τῷ
1577 1578 1652 1631 μὲν
1676 1576 1728 1619 τὰ
1740 1588 1787 1623 20

251 1651 423 1703 πρῶτα,
461 1649 522 1704 τῷ
552 1645 596 1688 δὲ
625 1644 677 1688 τὰ
710 1642 906 1702 δεύτερα,
940 1644 1135 1687 σκεπτέον
1165 1645 1353 1702 ποτέροις
1379 1649 1456 1701 τῆς
1484 1646 1655 1702 κρίσεως
1685 1645 1730 1688 αἱ

251 1717 441 1770 βελτίους
465 1715 638 1770 ἕψονται
667 1718 818 1772 ψῆφοι.
869 1714 931 1757 ἀεὶ
958 1713 1036 1771 γὰρ
1059 1709 1110 1769 ’ἦν
1137 1713 1394 1772 πατριάρχης
1424 1715 1595 1768 ἐκεῖνος,
1634 1714 1729 1772 ἄχρι

251 1779 303 1840 ἧς
322 1782 478 1841 ἡμέρας
501 1784 545 1827 αἱ
565 1783 688 1840 μέσαι
714 1784 895 1842 φυλακαὶ
918 1787 994 1839 τῆς
1021 1782 1168 1834 νυκτὸς
1194 1785 1371 1841 ἐγκρατῆ
1393 1785 1624 1837 Βυζαντίου
1653 1803 1730 1836 κα-.-

252 1852 454 1910 τέστησάν
475 1870 540 1907 σε,
577 1853 707 1912 ἱερέας
734 1870 777 1897 τε
793 1856 1040 1911 χειροτονῶν
1066 1854 1133 1895 καὶ
1164 1851 1409 1904 ἐπισκόπους
1433 1855 1501 1896 καὶ
1530 1853 1607 1903 τὰς
1645 1858 1729 1897 τῶν

254 1974 386 2005 remus,
410 1974 521 1997 rerum
541 1963 686 1998 omnium
714 1967 887 1998 auctorem
910 1962 1020 1998 Deum
1051 1973 1152 1997 unum
1180 1962 1444 2007 confitentibus,
1468 1963 1585 1998 statim
1606 1963 1643 1997 in
1668 1975 1730 1998 nos

254 2010 444 2055 gehennam
462 2010 554 2054 ignis
577 2010 666 2044 ultro
685 2009 751 2056 ipsi
767 2011 1004 2043 traheremus:
1034 2021 1102 2055 quo
1127 2009 1210 2055 quid
1232 2010 1332 2054 peius
1349 2021 1495 2055 unquam
1512 2010 1645 2045 fuerit?
1668 2010 1730 2044 Sic

255 2066 446 2102 quanquam
465 2056 541 2090 auri
566 2061 600 2090 et
624 2056 759 2101 argenti
776 2057 925 2090 fossores
938 2079 949 2098 ,
969 2068 1010 2090 eo
1037 2055 1127 2101 quod
1148 2056 1281 2090 omnino
1302 2062 1458 2101 agrestes
1475 2061 1574 2099 sunt,
1599 2056 1730 2102 princi-

254 2102 356 2148 pibus
372 2101 557 2136 familiares
574 2114 640 2137 non
658 2103 763 2144 fiant,
787 2107 900 2137 tamen
918 2103 961 2136 ab
981 2102 1035 2136 his
1058 2102 1190 2136 illorum
1213 2102 1384 2148 opificium
1411 2103 1546 2148 plurimi
1568 2103 1731 2137 aestima-

253 2153 323 2182 tur.
371 2148 431 2182 Sic
449 2148 553 2182 etiam
571 2149 808 2195 conchyliatae
824 2154 941 2183 vestes
964 2153 1000 2183 et
1020 2160 1195 2195 purpurae
1212 2149 1316 2183 utiles
1331 2148 1472 2194 regibus
1488 2154 1588 2184 sunt:
1613 2160 1730 2184 earum

253 2205 338 2229 vero
356 2194 508 2229 artifices
526 2194 539 2228 i
565 2195 596 2228 si
612 2195 744 2229 illorum
757 2194 920 2241 adspectu
939 2207 983 2230 ne
1004 2195 1140 2230 minimo
1160 2195 1296 2241 quidem
1313 2196 1383 2230 frui
1400 2195 1525 2237 solent,
1543 2195 1643 2230 immo
1661 2195 1730 2229 illis

254 2251 492 2285 nonuunquam
513 2251 533 2274 o
558 2241 591 2275 io
608 2245 712 2284 sunt,
746 2253 788 2276 eo
807 2241 900 2286 quod
920 2241 1095 2287 ingratum
1115 2242 1252 2276 odorem
1282 2241 1364 2276 inde
1395 2242 1558 2276 referant.
1606 2243 1730 2287 Itaque

254 2286 426 2321 Barlaami
447 2291 544 2321 secta
569 2298 633 2321 nec
658 2298 679 2321 a
701 2299 786 2322 vero
805 2287 951 2322 dicendo
981 2288 1090 2334 ipsum
1111 2288 1284 2330 excludit3
1309 2299 1373 2322 nec
1392 2287 1585 2328 Palamam,
1609 2299 1730 2333 quam-

255 2333 314 2368 diu
342 2334 459 2368 horum
488 2332 663 2367 criminum
686 2333 864 2369 manifeste
893 2334 1137 2376 convincetur,
1169 2339 1324 2369 excusat.
1371 2333 1553 2368 Caeterum
1578 2333 1664 2368 illud
1685 2345 1729 2368 ex

255 2384 292 2414 te
307 2380 427 2414 lubens
443 2379 669 2425 quaesierim,
693 2381 859 2425 quomodo
877 2392 938 2423 ea,
963 2392 1052 2426 quae
1070 2382 1114 2415 ab
1130 2381 1259 2415 Ioanne
1291 2380 1491 2426 patriarcha
1517 2380 1563 2414 de
1587 2380 1731 2415 Palama

257 2429 293 2460 et
320 2426 500 2460 Barlaamo
526 2425 641 2471 deque
665 2426 910 2461 ecclesiasticis
935 2427 1135 2461 tumultibus
1165 2426 1297 2472 scripta
1322 2433 1419 2471 sunt,
1445 2427 1570 2472 partim
1590 2427 1729 2472 probes,

256 2472 380 2518 partim
400 2473 594 2518 improbes,
619 2472 785 2518 suffragia
811 2473 945 2507 scilicet
973 2475 1016 2508 ad
1042 2474 1202 2508 Palamae
1229 2472 1406 2507 arbitrium
1434 2484 1562 2507 summa
1589 2484 1729 2518 prorsus

255 2519 468 2554 auctoritate
491 2519 560 2553 huc
581 2518 663 2552 illuc
679 2524 853 2564 torquens.
901 2520 1135 2565 Quaecunque
1156 2519 1244 2554 enim
1261 2519 1305 2554 ab
1329 2519 1409 2562 illo,
1434 2519 1511 2554 dum
1526 2519 1730 2565 patriarcha

256 2571 371 2606 esset,
394 2570 474 2599 acta
492 2568 573 2599 sunt
595 2565 781 2600 secundum
805 2565 967 2600 instituta
996 2566 1185 2607 ecclesiae,
1215 2565 1271 2599 vel
1299 2565 1413 2600 omnia
1436 2577 1497 2607 ea,
1531 2565 1589 2600 vel
1613 2576 1730 2600 eorum

256 2610 340 2646 nihil
356 2611 625 2658 approbandum.
674 2611 779 2657 Atqui
794 2612 906 2657 (apud
924 2613 979 2657 te)
1000 2613 1109 2659 prima
1133 2611 1183 2646 sic
1200 2613 1336 2653 valent,
1362 2616 1401 2646 ut
1423 2616 1596 2658 postrema
1617 2611 1728 2646 locum

257 2668 323 2691 non
353 2658 512 2699 habeant.
569 2657 672 2700 Quod
701 2657 731 2691 si
757 2670 819 2692 nos
847 2669 908 2699 ea,
934 2670 1022 2704 quae
1040 2659 1128 2692 idem
1152 2658 1353 2704 patriarcha
1373 2658 1408 2692 in
1427 2658 1569 2692 duorum
1586 2658 1728 2692 istorum

259 2703 425 2738 hominum
451 2716 555 2740 causa
579 2703 777 2747 constituit,
811 2704 968 2739 bifariam
995 2705 1153 2740 dividere
1182 2709 1343 2750 oportet,
1367 2709 1405 2739 et
1425 2709 1574 2750 utraque
1589 2704 1728 2749 utrique

258 2750 470 2793 attribuere,
495 2751 574 2785 huic
593 2751 707 2797 priora
720 2775 731 2792 ,
754 2750 804 2785 illi
821 2751 1032 2795 posteriora,
1056 2750 1238 2785 videndum
1261 2750 1328 2784 iam
1348 2754 1427 2784 utra
1447 2750 1535 2784 utris
1560 2750 1728 2795 praeferri

259 2794 420 2833 debeant.
477 2797 618 2843 Quippe
640 2797 683 2832 ad
707 2808 784 2831 eum
804 2796 917 2839 diem,
941 2810 1008 2842 quo
1036 2798 1238 2842 Byzantium
1264 2797 1300 2832 in
1319 2802 1411 2831 tuam
1434 2800 1639 2842 potestatem
1658 2807 1728 2830 me-

259 2840 336 2876 diae
363 2843 474 2878 noctis
501 2843 640 2891 vigiliae
665 2843 893 2890 redegerunt,
918 2845 1118 2890 patriarcha
1142 2855 1254 2890 usque
1277 2843 1338 2879 ille
1362 2854 1440 2879 esse
1467 2842 1644 2891 perstitit,
1671 2842 1728 2888 qui
