1794 3172
307 522 919 587 NIKHOEOPOY
973 521 1164 582 TOY
1216 482 1706 583 ΓΡΗΓΟΡᾸ

458 666 1005 716 ΡΩΜΛΙΚΗΣ
1070 661 1566 712 ΙΣΤΟΡΙΑΣ

804 784 846 822 Λ
878 781 1111 822 orez
1166 779 1228 820 Ις.

267 925 964 990 NICEPHORI
1070 920 1748 984 GREGORAE

480 1062 1015 1116 BYZANTINAE
1086 1060 1534 1111 HISTORIAE

611 1196 800 1236 LIBER
835 1193 1121 1235 DECIMUS
1154 1191 1413 1232 SEXTUS.

745 1410 1269 1449 ARGUMENTUM.

358 1484 619 1518 Cantacuzenus
641 1488 752 1518 totam
775 1484 975 1526 Thraciam,
1002 1483 1128 1517 Medea
1149 1485 1303 1526 excepta,
1329 1481 1506 1516 Triballus
1524 1492 1657 1515 omnem
1668 1483 1750 1525 sere

269 1531 514 1566 Macedoniam
543 1533 616 1565 iam
646 1537 721 1565 tum
750 1532 972 1576 possidebat.-
1013 1531 1127 1575 ipsam
1157 1529 1372 1562 Berrhoeam
1401 1530 1509 1574 paulo
1538 1534 1617 1573 post
1648 1530 1749 1572 cepit.

267 1579 511 1612 Thessalonica
535 1579 650 1612 neutri
677 1579 836 1622 parebat.
883 1578 999 1611 Huius
1020 1577 1115 1611 urbis
1137 1580 1250 1609 status
1269 1576 1598 1620 perturbatissimu&
1647 1577 1750 1610 Zelo-

256 1631 380 1668 tarum
405 1626 556 1659 licentia.
607 1626 754 1660 Medeae
775 1625 869 1659 urbis
891 1626 989 1660 situs.
1045 1625 1089 1658 Ut
1106 1635 1129 1657 a
1148 1623 1390 1657 Cantacuzeno
1413 1623 1550 1657 obsessa
1569 1627 1602 1656 et
1622 1623 1671 1656 ad
1690 1622 1752 1655 de-

264 1673 428 1706 ditionem
453 1673 628 1716 compulsa
650 1673 706 1706 sit.
756 1673 904 1706 Ioannes
929 1675 963 1706 et
994 1671 1137 1704 Manuel
1154 1671 1290 1703 Asanes
1313 1675 1476 1704 creantur
1497 1671 1750 1704 sebastocrato-

255 1730 328 1754 res.
377 1719 477 1752 Prior
507 1730 647 1753 uxorem
680 1719 776 1753 ducit
798 1719 916 1753 Alexin·
940 1718 1117 1763 Apocauci
1136 1718 1278 1762 filiam,
1318 1717 1513 1751 Andronico
1541 1717 1750 1761 Palaeologo

259 1767 411 1809 primum
433 1771 590 1810 nuptam.
642 1766 766 1799 Socrui
787 1769 965 1810 suspectus
997 1765 1135 1798 domum
1168 1775 1245 1798 eum
1275 1775 1381 1797 uxore
1405 1764 1605 1797 dimittitur.
1658 1764 1750 1796 Gra-

262 1813 315 1845 vis
335 1813 548 1856 pestilentia.
595 1813 835 1853 Andronicus,
863 1812 1098 1845 Cantaeuzeni
1121 1811 1303 1845 liberorum
1325 1816 1414 1845 natu
1437 1811 1620 1851 minimus,
1644 1810 1750 1843 mori-

264 1863 321 1892 tur
345 1858 451 1903 (Cap.
475 1859 525 1902 1).
576 1859 792 1901 Matthaeus,
819 1859 1054 1892 Cantacuzeni
1067 1858 1167 1901 filius
1185 1863 1273 1891 natu
1291 1859 1473 1899 maximus,
1498 1858 1672 1890 'I'hraciae
1691 1868 1751 1890 ur-

264 1905 360 1938 bibus
383 1916 406 1938 a
426 1910 529 1949 patre
551 1908 772 1949 prae-sectus,
806 1906 849 1939 ab
874 1906 993 1938 Asane
1017 1905 1187 1938 avunculo
1207 1904 1377 1948 privatim
1399 1905 1610 1938 convenitur.
1660 1905 1750 1937 Asa-

263 1962 324 1984 nes
347 1962 412 1984 sua
436 1956 470 1985 et
485 1954 615 1995 fratris
635 1953 761 1986 merita
785 1963 873 1997 erga
899 1952 1178 1985 Cantacuzenum
1201 1951 1333 1984 iactat.-
1356 1962 1456 1996 quem
1479 1961 1619 1985 suorum
1642 1949 1751 1984 saluti

262 2008 331 2030 non
353 1999 527 2031 consulere
550 2000 715 2042 queritur.
763 1998 985 2032 Matthaeum
1010 1998 1058 2031 ad
1079 1997 1304 2040 defectionem
1324 1998 1494 2032 hortatur.
1544 1998 1750 2031 Matthaeus

263 2045 456 2087 respondet,
480 2045 645 2089 idipsum
671 2056 792 2089 cupere
814 2056 862 2079 se.
911 2045 1168 2079 Imminentium
1188 2045 1419 2089 periculorum
1442 2049 1556 2086 metu,
1581 2049 1614 2078 et
1634 2045 1750 2089 patris

264 2090 437 2134 eoecmplo,
463 2093 625 2133 futuram
650 2092 877 2135 dejectionem
902 2097 1052 2126 excusat.
1100 2092 1277 2125 Avunculo
1301 2092 1461 2126 adiutore
1482 2103 1555 2126 rem
1574 2091 1749 2136 aggredi-

261 2140 331 2170 tur.
372 2137 562 2170 Orestiadis
579 2150 694 2172 arcem
718 2143 873 2183 occupat.
920 2139 1063 2173 Animos
1086 2138 1152 2172 sibi
1174 2139 1335 2173 conciliat
1359 2138 1432 2183 (2).
1487 2140 1750 2173 Cantacuzenus

261 2183 388 2217 arixius
412 2187 446 2217 et
469 2184 602 2218 consilii
631 2186 738 2229 inops.
801 2185 948 2219 Uxorem
981 2186 1105 2219 Irenen
1139 2185 1187 2218 ad
1207 2186 1327 2229 filium
1359 2186 1469 2231 legat.
1518 2186 1586 2219 Hic
1609 2185 1748 2218 obviam

261 2229 369 2263 matri
386 2230 555 2274 procedit.
605 2231 704 2265 Irene
728 2243 806 2265 eum
839 2234 1010 2273 frustrata
1036 2233 1252 2266 Orestiadem
1276 2233 1364 2266 clam
1387 2233 1602 2278 ingreditur.
1649 2231 1748 2266 Mat-

261 2275 386 2310 thaeus
413 2288 452 2310 ου
474 2287 631 2311 reversus
657 2283 805 2312 matrem
827 2280 972 2315 salutat.
1023 2279 1229 2324 Obsequium
1251 2280 1444 2324 pollicetur.
1495 2279 1630 2325 Rogat,
1649 2284 1689 2313 ut
1710 2289 1749 2312 se

260 2327 357 2357 metu
380 2323 513 2358 liberet.
566 2324 692 2358 Matris
714 2326 836 2359 oratio.
888 2326 1062 2369 Quantam
1088 2327 1183 2371 apud
1197 2327 1315 2370 fllium
1338 2326 1409 2359 vim
1433 2326 1603 2360 habuerit.
1646 2326 1748 2359 Irene

261 2368 473 2413 Byzantium
490 2370 592 2405 redit.
629 2371 712 2404 Filii
727 2372 916 2406 Andronici
938 2379 1081 2407 mortem
1105 2374 1204 2418 luget
1229 2373 1303 2417 (3).
1353 2373 1615 2407 Cantacuzenus
1637 2372 1747 2416 Didy-

259 2416 446 2450 motichum
466 2417 704 2461 proficiscitur,
728 2423 767 2452 ut
789 2423 901 2452 motus
923 2425 1102 2464 componat
1127 2420 1171 2453 ab
1191 2431 1296 2453 uxore
1319 2420 1391 2454 iam
1409 2420 1551 2464 sopitos.
1599 2420 1748 2453 Ioannes

257 2463 482 2507 patriarcha,
504 2475 549 2498 ne
572 2464 673 2498 rebus
695 2466 792 2499 novis
808 2468 958 2509 faveat,
990 2467 1198 2510 Byzantium
1221 2467 1302 2500 inde
1324 2469 1546 2510 transfertur.
1597 2466 1750 2500 Moritur

259 2520 329 2542 non
359 2510 464 2556 longo
492 2515 582 2555 post.
628 2510 717 2545 Eius
749 2512 911 2557 elogium.
965 2513 1148 2547 Provincia
1181 2514 1364 2547 Matthaeo
1389 2514 1631 2548 Cantacuzeno
1658 2512 1748 2546 assi—-

260 2560 376 2600 gnata
397 2568 420 2590 a
433 2562 549 2602 patre.
590 2556 827 2594 Cantacuzeni
848 2560 1067 2604 imperatoris
1090 2561 1204 2595 oratio
1227 2560 1275 2594 ad
1288 2561 1417 2604 filium.
1466 2559 1615 2594 Reditus
1631 2559 1670 2594 in
1686 2570 1748 2593 ur-

261 2601 336 2635 bem
359 2600 430 2647 (4).
480 2605 671 2650 Gregoras‚
695 2605 739 2640 de
761 2617 797 2640 se
816 2607 889 2651 ipso
910 2606 1077 2648 dicturus,
1100 2607 1198 2641 docet
1216 2607 1437 2652 quamobrem
1461 2607 1498 2641 id
1514 2618 1605 2641 nunc
1615 2606 1747 2650 saciat.

258 2647 316 2682 Ea
335 2649 461 2691 dicere,
485 2662 574 2696 quae
596 2652 809 2697 principibus
830 2653 928 2687 haud
951 2654 1137 2698 placeant,
1159 2654 1389 2698 periculosum
1409 2658 1470 2688 est.
1521 2653 1747 2696 Quorundam

258 2705 362 2729 aures
385 2698 536 2732 veritate
558 2699 799 2743 offenduntun
842 2700 973 2734 Idcirco
998 2701 1050 2735 ait
1073 2712 1110 2734 se
1133 2701 1246 2735 multa
1268 2701 1485 2735 omissurum.
1532 2701 1587 2734 De
1614 2701 1747 2734 Canta-

257 2752 405 2785 euzeno,
428 2749 618 2790 antequam
642 2746 673 2780 is
695 2758 812 2780 rerum
832 2747 1023 2791 potiretur,
1052 2748 1260 2792 praeclaras
1282 2758 1358 2792 spes
1382 2751 1598 2793 conceperat.
1645 2747 1746 2780 Eun-

257 2787 346 2832 dem,
370 2801 434 2824 sua
457 2803 517 2836 spe
538 2791 717 2837 deceptus,
742 2804 856 2827 errore
880 2793 1027 2828 liberare
1051 2794 1188 2829 statuit.
1239 2794 1388 2828 Dicendi
1409 2795 1554 2829 libertas
1576 2798 1747 2839 quantum

257 2839 292 2869 et
313 2836 436 2881 quibus
457 2838 494 2873 in
518 2839 620 2874 rebus
641 2840 778 2876 silentio
797 2845 965 2886 praestet.
1014 2841 1070 2876 Ea
1093 2841 1240 2877 multum
1262 2841 1380 2887 valet,
1403 2841 1434 2876 si
1450 2846 1484 2878 et
1506 2841 1747 2888 opportunitas
