<?xml version="1.0" encoding="UTF-8"?>
<!DOCTYPE html PUBLIC "-//W3C//DTD XHTML 1.0 Transitional//EN"
    "http://www.w3.org/TR/xhtml1/DTD/xhtml1-transitional.dtd">
<html xmlns="http://www.w3.org/1999/xhtml" xml:lang="en" lang="en">
 <head>
  <title>
</title>
<meta http-equiv="Content-Type" content="text/html;charset=utf-8" />
  <meta name='ocr-system' content='tesseract 3.04.00' />
  <meta name='ocr-capabilities' content='ocr_page ocr_carea ocr_par ocr_line ocrx_word'/>
</head>
<body>
  <div class='ocr_page' id='page_1' title='image "./corpusscriptorum39niebuoft_0595.png"; bbox 0 0 1794 3172; ppageno 0'>
   <div class='ocr_carea' id='block_1_1' title="bbox 545 124 1522 199">
    <p class='ocr_par' dir='ltr' id='par_1_1' title="bbox 545 124 1522 199">
     <span class='ocr_line' id='line_1_1' title="bbox 545 124 1522 199; baseline -0.004 -1"><span class='ocrx_word' id='word_1_1' title='bbox 545 150 1023 199; x_wconf 72' lang='lat' dir='ltr'><strong>ANNOTATIONES.</strong></span> <span class='ocrx_word' id='word_1_2' title='bbox 1390 124 1522 194; x_wconf 71' lang='lat'><strong>&#39;1153</strong></span> 
     </span>
    </p>
   </div>
   <div class='ocr_carea' id='block_1_2' title="bbox 0 256 1522 645">
    <p class='ocr_par' dir='ltr' id='par_1_2' title="bbox 0 256 1522 645">
     <span class='ocr_line' id='line_1_2' title="bbox 0 256 1521 312; baseline 0.001 -15"><span class='ocrx_word' id='word_1_3' title='bbox 0 269 18 297; x_wconf 75' lang='grc'><strong>1</strong></span> <span class='ocrx_word' id='word_1_4' title='bbox 37 256 155 299; x_wconf 62' lang='lat' dir='ltr'><strong>Pleu:</strong></span> <span class='ocrx_word' id='word_1_5' title='bbox 177 257 314 301; x_wconf 75' lang='lat' dir='ltr'><strong>Comes</strong></span> <span class='ocrx_word' id='word_1_6' title='bbox 332 257 540 311; x_wconf 75' lang='lat' dir='ltr'><strong>Dolo&#39;z‘cus,</strong></span> <span class='ocrx_word' id='word_1_7' title='bbox 569 273 689 312; x_wconf 89' lang='lat' dir='ltr'><strong>quem</strong></span> <span class='ocrx_word' id='word_1_8' title='bbox 710 271 887 299; x_wconf 88' lang='lat' dir='ltr'><strong>errorem</strong></span> <span class='ocrx_word' id='word_1_9' title='bbox 909 259 1060 299; x_wconf 87' lang='lat' dir='ltr'><strong>erravit</strong></span> <span class='ocrx_word' id='word_1_10' title='bbox 1077 257 1196 299; x_wconf 84' lang='lat' dir='ltr'><strong>etiam</strong></span> <span class='ocrx_word' id='word_1_11' title='bbox 1214 257 1322 312; x_wconf 76' lang='lat' dir='ltr'><strong>apud</strong></span> <span class='ocrx_word' id='word_1_12' title='bbox 1341 257 1521 299; x_wconf 80' lang='lat' dir='ltr'><strong>Nicetam</strong></span> 
     </span>
     <span class='ocr_line' id='line_1_3' title="bbox 0 314 1522 370; baseline 0.001 -16"><span class='ocrx_word' id='word_1_13' title='bbox 0 315 202 356; x_wconf 71' lang='lat' dir='ltr'><strong>:honiaten</strong></span> <span class='ocrx_word' id='word_1_14' title='bbox 214 347 228 365; x_wconf 90' lang='lat'><strong>,</strong></span> <span class='ocrx_word' id='word_1_15' title='bbox 258 319 300 356; x_wconf 89' lang='lat' dir='ltr'><strong>in</strong></span> <span class='ocrx_word' id='word_1_16' title='bbox 321 317 546 367; x_wconf 83' lang='lat' dir='ltr'><strong>Balduino,</strong></span> <span class='ocrx_word' id='word_1_17' title='bbox 573 317 621 356; x_wconf 88' lang='lat' dir='ltr'><strong>N.</strong></span> <span class='ocrx_word' id='word_1_18' title='bbox 650 316 739 368; x_wconf 87' lang='lat' dir='ltr'><strong>1V.‚</strong></span> <span class='ocrx_word' id='word_1_19' title='bbox 768 316 838 355; x_wconf 91' lang='lat' dir='ltr'><strong>ubi</strong></span> <span class='ocrx_word' id='word_1_20' title='bbox 858 317 1015 370; x_wconf 84' lang='lat' dir='ltr'><strong>pariter</strong></span> <span class='ocrx_word' id='word_1_21' title='bbox 1032 317 1271 368; x_wconf 83' lang='lat' dir='ltr'><strong>indigitatur</strong></span> <span class='ocrx_word' id='word_1_22' title='bbox 1288 314 1522 356; x_wconf 70' lang='lat' dir='ltr'><strong>Ludovicus</strong></span> 
     </span>
     <span class='ocr_line' id='line_1_4' title="bbox 0 371 1519 428; baseline 0 -14"><span class='ocrx_word' id='word_1_23' title='bbox 0 371 121 414; x_wconf 69' lang='lat' dir='ltr'><strong>Jomes</strong></span> <span class='ocrx_word' id='word_1_24' title='bbox 141 373 359 424; x_wconf 77' lang='lat' dir='ltr'><strong>Blesensis‚</strong></span> <span class='ocrx_word' id='word_1_25' title='bbox 389 382 565 428; x_wconf 74' lang='lat' dir='ltr'><strong>utroque</strong></span> <span class='ocrx_word' id='word_1_26' title='bbox 587 375 786 427; x_wconf 83' lang='lat' dir='ltr'><strong>scriptore</strong></span> <span class='ocrx_word' id='word_1_27' title='bbox 812 388 956 414; x_wconf 83' lang='lat' dir='ltr'><strong>vocem</strong></span> <span class='ocrx_word' id='word_1_28' title='bbox 978 373 1120 419; x_wconf 72' lang='lat' dir='ltr'><strong>Blois.</strong></span> <span class='ocrx_word' id='word_1_29' title='bbox 1152 387 1224 413; x_wconf 88' lang='lat' dir='ltr'><strong>seu</strong></span> <span class='ocrx_word' id='word_1_30' title='bbox 1248 374 1385 427; x_wconf 79' lang='lat' dir='ltr'><strong>potius</strong></span> <span class='ocrx_word' id='word_1_31' title='bbox 1403 372 1519 424; x_wconf 58' lang='lat' dir='ltr'><strong>Blas,</strong></span> 
     </span>
     <span class='ocr_line' id='line_1_5' title="bbox 0 430 1521 486; baseline 0.001 -17"><span class='ocrx_word' id='word_1_32' title='bbox 0 432 186 482; x_wconf 59' lang='lat' dir='ltr'><strong>&#39;uomodo</strong></span> <span class='ocrx_word' id='word_1_33' title='bbox 210 446 254 471; x_wconf 84' lang='lat' dir='ltr'><strong>ea</strong></span> <span class='ocrx_word' id='word_1_34' title='bbox 280 440 519 486; x_wconf 68' lang='lat' dir='ltr'><strong>tempestate</strong></span> <span class='ocrx_word' id='word_1_35' title='bbox 549 432 663 472; x_wconf 85' lang='lat' dir='ltr'><strong>urbis</strong></span> <span class='ocrx_word' id='word_1_36' title='bbox 688 432 886 471; x_wconf 88' lang='lat' dir='ltr'><strong>Blesensis</strong></span> <span class='ocrx_word' id='word_1_37' title='bbox 910 446 1058 471; x_wconf 89' lang='lat' dir='ltr'><strong>nomen</strong></span> <span class='ocrx_word' id='word_1_38' title='bbox 1086 430 1352 482; x_wconf 81' lang='lat' dir='ltr'><strong>efferebatur,</strong></span> <span class='ocrx_word' id='word_1_39' title='bbox 1379 432 1437 471; x_wconf 79' lang='lat' dir='ltr'><strong>ita</strong></span> <span class='ocrx_word' id='word_1_40' title='bbox 1456 432 1521 471; x_wconf 76' lang='lat' dir='ltr'><strong>ef-</strong></span> 
     </span>
     <span class='ocr_line' id='line_1_6' title="bbox 0 489 1520 543; baseline 0.002 -17"><span class='ocrx_word' id='word_1_41' title='bbox 0 489 165 539; x_wconf 78' lang='lat' dir='ltr'><strong>ingente.</strong></span> <span class='ocrx_word' id='word_1_42' title='bbox 226 491 284 528; x_wconf 89' lang='lat' dir='ltr'><strong>De</strong></span> <span class='ocrx_word' id='word_1_43' title='bbox 312 490 525 529; x_wconf 89' lang='lat' dir='ltr'><strong>Ludovico</strong></span> <span class='ocrx_word' id='word_1_44' title='bbox 564 503 711 543; x_wconf 84' lang='lat' dir='ltr'><strong>porro,</strong></span> <span class='ocrx_word' id='word_1_45' title='bbox 750 497 796 528; x_wconf 90' lang='lat' dir='ltr'><strong>ut</strong></span> <span class='ocrx_word' id='word_1_46' title='bbox 827 496 868 528; x_wconf 89' lang='lat' dir='ltr'><strong>et</strong></span> <span class='ocrx_word' id='word_1_47' title='bbox 897 489 947 528; x_wconf 86' lang='lat' dir='ltr'><strong>de</strong></span> <span class='ocrx_word' id='word_1_48' title='bbox 980 489 1179 528; x_wconf 85' lang='lat' dir='ltr'><strong>Balduino</strong></span> <span class='ocrx_word' id='word_1_49' title='bbox 1214 489 1365 528; x_wconf 87' lang='lat' dir='ltr'><strong>Comite</strong></span> <span class='ocrx_word' id='word_1_50' title='bbox 1394 489 1520 529; x_wconf 83' lang='lat' dir='ltr'><strong>Flan-</strong></span> 
     </span>
     <span class='ocr_line' id='line_1_7' title="bbox 0 545 1521 599; baseline 0.003 -16"><span class='ocrx_word' id='word_1_51' title='bbox 0 545 141 597; x_wconf 82' lang='lat' dir='ltr'><strong>irensi,</strong></span> <span class='ocrx_word' id='word_1_52' title='bbox 172 553 213 586; x_wconf 90' lang='lat' dir='ltr'><strong>et</strong></span> <span class='ocrx_word' id='word_1_53' title='bbox 238 547 446 587; x_wconf 82' lang='lat' dir='ltr'><strong>Bonifacio</strong></span> <span class='ocrx_word' id='word_1_54' title='bbox 463 546 785 587; x_wconf 78' lang='lat' dir='ltr'><strong>montferratensi</strong></span> <span class='ocrx_word' id='word_1_55' title='bbox 803 546 1057 598; x_wconf 87' lang='lat' dir='ltr'>marchione,</span> <span class='ocrx_word' id='word_1_56' title='bbox 1087 547 1237 599; x_wconf 79' lang='lat' dir='ltr'><strong>egimus</strong></span> <span class='ocrx_word' id='word_1_57' title='bbox 1263 547 1307 585; x_wconf 90' lang='lat' dir='ltr'><strong>in</strong></span> <span class='ocrx_word' id='word_1_58' title='bbox 1335 548 1445 587; x_wconf 81' lang='lat' dir='ltr'><strong>notis</strong></span> <span class='ocrx_word' id='word_1_59' title='bbox 1468 547 1521 588; x_wconf 83' lang='lat' dir='ltr'><strong>ad</strong></span> 
     </span>
     <span class='ocr_line' id='line_1_8' title="bbox 0 603 1105 645; baseline 0.002 -4"><span class='ocrx_word' id='word_1_60' title='bbox 0 603 199 643; x_wconf 73' lang='lat' dir='ltr'><strong>{istoriam</strong></span> <span class='ocrx_word' id='word_1_61' title='bbox 221 604 416 644; x_wconf 78' lang='lat' dir='ltr'><strong>Gaufredi</strong></span> <span class='ocrx_word' id='word_1_62' title='bbox 438 605 489 645; x_wconf 87' lang='lat' dir='ltr'><strong>de</strong></span> <span class='ocrx_word' id='word_1_63' title='bbox 505 605 645 644; x_wconf 84' lang='lat' dir='ltr'><strong>Villa-</strong></span> <span class='ocrx_word' id='word_1_64' title='bbox 654 604 867 645; x_wconf 83' lang='lat' dir='ltr'><strong>Harduini.</strong></span> <span class='ocrx_word' id='word_1_65' title='bbox 926 619 1105 645; x_wconf 65' lang='lat' dir='ltr'><strong>nnuma.</strong></span> 
     </span>
    </p>
   </div>
   <div class='ocr_carea' id='block_1_3' title="bbox 0 669 1522 1600">
    <p class='ocr_par' dir='ltr' id='par_1_3' title="bbox 0 669 1522 1071">
     <span class='ocr_line' id='line_1_9' title="bbox 94 669 1522 748; baseline -0.001 -31"><span class='ocrx_word' id='word_1_66' title='bbox 94 671 408 742; x_wconf 73' lang='lat' dir='ltr'><strong>P03015,15·</strong></span> <span class='ocrx_word' id='word_1_67' title='bbox 455 677 654 748; x_wconf 51' lang='grc' dir='ltr'><strong><em>ἩΒαρεῖαν</em></strong></span> <span class='ocrx_word' id='word_1_68' title='bbox 675 670 862 726; x_wconf 71' lang='grc' dir='ltr'><strong><em>ὅπλισιν]</em></strong></span> <span class='ocrx_word' id='word_1_69' title='bbox 906 674 1139 727; x_wconf 75' lang='lat' dir='ltr'><strong>Acropolita</strong></span> <span class='ocrx_word' id='word_1_70' title='bbox 1162 674 1210 713; x_wconf 88' lang='lat' dir='ltr'><strong>N.</strong></span> <span class='ocrx_word' id='word_1_71' title='bbox 1229 673 1321 713; x_wconf 82' lang='lat' dir='ltr'><strong>XII.</strong></span> <span class='ocrx_word' id='word_1_72' title='bbox 1360 669 1522 723; x_wconf 79' lang='grc' dir='ltr'><strong><em>Ἰταλοῖς</em></strong></span> 
     </span>
     <span class='ocr_line' id='line_1_10' title="bbox 0 727 1521 802; baseline 0.001 -31"><span class='ocrx_word' id='word_1_73' title='bbox 0 728 55 771; x_wconf 78' lang='grc' dir='ltr'><strong>ιὲν</strong></span> <span class='ocrx_word' id='word_1_74' title='bbox 73 746 152 772; x_wconf 84' lang='grc' dir='ltr'><strong>ουν</strong></span> <span class='ocrx_word' id='word_1_75' title='bbox 174 727 218 770; x_wconf 78' lang='grc' dir='ltr'><strong>τὸ</strong></span> <span class='ocrx_word' id='word_1_76' title='bbox 236 730 335 780; x_wconf 79' lang='grc' dir='ltr'><em>ἔθος</em></span> <span class='ocrx_word' id='word_1_77' title='bbox 363 728 435 784; x_wconf 78' lang='grc' dir='ltr'><strong>ἐφ’</strong></span> <span class='ocrx_word' id='word_1_78' title='bbox 455 732 598 781; x_wconf 78' lang='grc' dir='ltr'><em>ἵπποις</em></span> <span class='ocrx_word' id='word_1_79' title='bbox 623 727 857 784; x_wconf 73' lang='grc' dir='ltr'><strong><em>’ὗψαύχεσιν</em></strong></span> <span class='ocrx_word' id='word_1_80' title='bbox 878 731 1133 802; x_wconf 79' lang='grc' dir='ltr'><em>ἐποχεῖσθαι,</em></span> <span class='ocrx_word' id='word_1_81' title='bbox 1160 727 1458 784; x_wconf 75' lang='grc' dir='ltr'><strong><em>καταφράκτοις</em></strong></span> <span class='ocrx_word' id='word_1_82' title='bbox 1477 746 1521 773; x_wconf 88' lang='grc' dir='ltr'><strong>τε</strong></span> 
     </span>
     <span class='ocr_line' id='line_1_11' title="bbox 0 784 1520 857; baseline 0.001 -28"><span class='ocrx_word' id='word_1_83' title='bbox 0 784 40 829; x_wconf 75' lang='grc' dir='ltr'><strong>ῖι’</strong></span> <span class='ocrx_word' id='word_1_84' title='bbox 68 785 168 830; x_wconf 76' lang='grc' dir='ltr'>ὅλου</span> <span class='ocrx_word' id='word_1_85' title='bbox 188 785 293 830; x_wconf 79' lang='grc' dir='ltr'><strong><em>εἶναι</em></strong></span> <span class='ocrx_word' id='word_1_86' title='bbox 301 792 396 857; x_wconf 43' lang='grc' dir='ltr'><strong>4,τοῖς</strong></span> <span class='ocrx_word' id='word_1_87' title='bbox 414 785 554 838; x_wconf 80' lang='grc' dir='ltr'><em>οπλοις</em></span> <span class='ocrx_word' id='word_1_88' title='bbox 572 792 649 831; x_wconf 81' lang='grc' dir='ltr'><strong>τοῦ</strong></span> <span class='ocrx_word' id='word_1_89' title='bbox 666 785 869 839; x_wconf 80' lang='grc' dir='ltr'><em>σώματος,</em></span> <span class='ocrx_word' id='word_1_90' title='bbox 900 785 1129 830; x_wconf 70' lang='grc' dir='ltr'><strong><em>κάντεῦθεν</em></strong></span> <span class='ocrx_word' id='word_1_91' title='bbox 1148 785 1400 841; x_wconf 81' lang='grc' dir='ltr'><strong><em>δυσκινήτως</em></strong></span> <span class='ocrx_word' id='word_1_92' title='bbox 1416 786 1520 830; x_wconf 64' lang='lat' dir='ltr'><strong>noeto}</strong></span> 
     </span>
     <span class='ocr_line' id='line_1_12' title="bbox 0 844 1518 900; baseline -0.001 -13.995"><span class='ocrx_word' id='word_1_93' title='bbox 0 849 62 886; x_wconf 82' lang='grc' dir='ltr'><strong>ὤν</strong></span> <span class='ocrx_word' id='word_1_94' title='bbox 82 844 315 887; x_wconf 75' lang='grc' dir='ltr'><strong><em>ἐναντίων</em></strong></span> <span class='ocrx_word' id='word_1_95' title='bbox 293 849 458 899; x_wconf 80' lang='grc' dir='ltr'><em>οομῶσι.</em></span> <span class='ocrx_word' id='word_1_96' title='bbox 514 847 563 886; x_wconf 90' lang='lat' dir='ltr'><strong>Id</strong></span> <span class='ocrx_word' id='word_1_97' title='bbox 585 847 743 885; x_wconf 71' lang='lat' dir='ltr'><strong>notant</strong></span> <span class='ocrx_word' id='word_1_98' title='bbox 759 846 863 885; x_wconf 78' lang='lat' dir='ltr'><strong>idem</strong></span> <span class='ocrx_word' id='word_1_99' title='bbox 885 848 1108 898; x_wconf 75' lang='lat' dir='ltr'><strong>Greooras,</strong></span> <span class='ocrx_word' id='word_1_100' title='bbox 1139 846 1210 885; x_wconf 92' lang='lat' dir='ltr'><strong>lib.</strong></span> <span class='ocrx_word' id='word_1_101' title='bbox 1230 847 1299 886; x_wconf 92' lang='lat' dir='ltr'><strong>IV.</strong></span> <span class='ocrx_word' id='word_1_102' title='bbox 1318 860 1405 900; x_wconf 89' lang='lat' dir='ltr'><strong>cap.</strong></span> <span class='ocrx_word' id='word_1_103' title='bbox 1429 846 1518 887; x_wconf 86' lang='lat' dir='ltr'><strong>VII.</strong></span> 
     </span>
     <span class='ocr_line' id='line_1_13' title="bbox 0 877 1520 956; baseline 0.001 -15"><span class='ocrx_word' id='word_1_104' title='bbox 0 909 22 942; x_wconf 83' lang='lat' dir='ltr'><strong>:t</strong></span> <span class='ocrx_word' id='word_1_105' title='bbox 40 903 120 952; x_wconf 81' lang='lat' dir='ltr'><strong>alii,</strong></span> <span class='ocrx_word' id='word_1_106' title='bbox 142 916 244 955; x_wconf 90' lang='lat' dir='ltr'><strong>quos</strong></span> <span class='ocrx_word' id='word_1_107' title='bbox 268 904 511 943; x_wconf 81' lang='lat' dir='ltr'><strong>laudamus</strong></span> <span class='ocrx_word' id='word_1_108' title='bbox 499 919 540 943; x_wconf 88' lang='grc' dir='ltr'><strong>1η</strong></span> <span class='ocrx_word' id='word_1_109' title='bbox 560 905 666 944; x_wconf 85' lang='lat' dir='ltr'><strong>notis</strong></span> <span class='ocrx_word' id='word_1_110' title='bbox 689 905 739 943; x_wconf 88' lang='lat' dir='ltr'><strong>ad</strong></span> <span class='ocrx_word' id='word_1_111' title='bbox 752 877 1108 955; x_wconf 82' lang='lat' dir='ltr'><strong>Villharduinum‚</strong></span> <span class='ocrx_word' id='word_1_112' title='bbox 1119 904 1167 943; x_wconf 88' lang='lat' dir='ltr'><strong>N.</strong></span> <span class='ocrx_word' id='word_1_113' title='bbox 1186 904 1353 955; x_wconf 67' lang='lat' dir='ltr'><strong>CCXII„</strong></span> <span class='ocrx_word' id='word_1_114' title='bbox 1372 904 1520 956; x_wconf 82' lang='lat' dir='ltr'><strong>quibus</strong></span> 
     </span>
     <span class='ocr_line' id='line_1_14' title="bbox 0 960 1519 1016; baseline 0.003 -18"><span class='ocrx_word' id='word_1_115' title='bbox 0 960 155 999; x_wconf 47' lang='lat' dir='ltr'><strong>edendi</strong></span> <span class='ocrx_word' id='word_1_116' title='bbox 181 961 363 1011; x_wconf 72' lang='lat' dir='ltr'>ingulfus</span> <span class='ocrx_word' id='word_1_117' title='bbox 395 976 436 1015; x_wconf 88' lang='lat' dir='ltr'><strong>p.</strong></span> <span class='ocrx_word' id='word_1_118' title='bbox 457 965 553 1007; x_wconf 87' lang='lat'><strong>899.</strong></span> <span class='ocrx_word' id='word_1_119' title='bbox 574 963 721 1016; x_wconf 82' lang='lat' dir='ltr'><strong>prioris</strong></span> <span class='ocrx_word' id='word_1_120' title='bbox 742 961 849 1003; x_wconf 83' lang='lat' dir='ltr'><strong>Edit.</strong></span> <span class='ocrx_word' id='word_1_121' title='bbox 870 969 911 1002; x_wconf 87' lang='lat' dir='ltr'><strong>et</strong></span> <span class='ocrx_word' id='word_1_122' title='bbox 923 960 1241 1014; x_wconf 83' lang='lat' dir='ltr'><strong>Walsinghamus</strong></span> <span class='ocrx_word' id='word_1_123' title='bbox 1261 975 1327 1002; x_wconf 88' lang='lat' dir='ltr'><strong>an.</strong></span> <span class='ocrx_word' id='word_1_124' title='bbox 1347 961 1519 1002; x_wconf 84' lang='lat' dir='ltr'><strong>MCCCL</strong></span> 
     </span>
     <span class='ocr_line' id='line_1_15' title="bbox 0 1020 390 1071; baseline 0.008 -15"><span class='ocrx_word' id='word_1_125' title='bbox 0 1032 69 1071; x_wconf 75' lang='lat' dir='ltr'><strong>mg.</strong></span> <span class='ocrx_word' id='word_1_126' title='bbox 91 1020 179 1062; x_wconf 84' lang='lat'><strong>78.¹</strong></span> <span class='ocrx_word' id='word_1_127' title='bbox 217 1033 390 1060; x_wconf 59' lang='lat' dir='ltr'><strong>nocuo.</strong></span> 
     </span>
    </p>

    <p class='ocr_par' dir='ltr' id='par_1_4' title="bbox 0 1083 1519 1256">
     <span class='ocr_line' id='line_1_16' title="bbox 1 1083 1519 1143; baseline 0 -17"><span class='ocrx_word' id='word_1_128' title='bbox 1 1131 4 1135; x_wconf 88' lang='lat'><strong>.</strong></span> <span class='ocrx_word' id='word_1_129' title='bbox 93 1089 199 1141; x_wconf 81' lang='lat' dir='ltr'><strong>Pog.</strong></span> <span class='ocrx_word' id='word_1_130' title='bbox 233 1089 311 1138; x_wconf 87' lang='lat'><strong>15,</strong></span> <span class='ocrx_word' id='word_1_131' title='bbox 343 1091 410 1133; x_wconf 89' lang='grc'><strong>18.</strong></span> <span class='ocrx_word' id='word_1_132' title='bbox 465 1083 715 1130; x_wconf 80' lang='grc' dir='ltr'><strong><em>Ἀνίστανται</em></strong></span> <span class='ocrx_word' id='word_1_133' title='bbox 735 1091 817 1130; x_wconf 78' lang='grc' dir='ltr'><strong>τῶν</strong></span> <span class='ocrx_word' id='word_1_134' title='bbox 845 1085 1000 1143; x_wconf 77' lang='grc' dir='ltr'><strong><em>λόχων]</em></strong></span> <span class='ocrx_word' id='word_1_135' title='bbox 1030 1086 1239 1126; x_wconf 80' lang='lat' dir='ltr'><strong>Eiusmodi</strong></span> <span class='ocrx_word' id='word_1_136' title='bbox 1257 1086 1415 1127; x_wconf 78' lang='lat' dir='ltr'><strong>insidiis</strong></span> <span class='ocrx_word' id='word_1_137' title='bbox 1440 1088 1519 1127; x_wconf 90' lang='lat' dir='ltr'><strong>cir-</strong></span> 
     </span>
     <span class='ocr_line' id='line_1_17' title="bbox 0 1145 1519 1199; baseline 0.001 -16"><span class='ocrx_word' id='word_1_138' title='bbox 0 1154 217 1184; x_wconf 66' lang='lat' dir='ltr'><strong>·umvenios</strong></span> <span class='ocrx_word' id='word_1_139' title='bbox 239 1145 403 1185; x_wconf 78' lang='lat' dir='ltr'><strong>Latinos</strong></span> <span class='ocrx_word' id='word_1_140' title='bbox 422 1146 605 1185; x_wconf 88' lang='lat' dir='ltr'><strong>scribunt</strong></span> <span class='ocrx_word' id='word_1_141' title='bbox 625 1147 778 1199; x_wconf 83' lang='lat' dir='ltr'><strong>pariter</strong></span> <span class='ocrx_word' id='word_1_142' title='bbox 799 1147 956 1186; x_wconf 68' lang='lat' dir='ltr'><strong>Nicetas</strong></span> <span class='ocrx_word' id='word_1_143' title='bbox 983 1152 1024 1184; x_wconf 83' lang='lat' dir='ltr'><strong>et</strong></span> <span class='ocrx_word' id='word_1_144' title='bbox 1043 1146 1257 1196; x_wconf 78' lang='lat' dir='ltr'><strong>GregoraS.</strong></span> <span class='ocrx_word' id='word_1_145' title='bbox 1317 1145 1364 1184; x_wconf 89' lang='lat' dir='ltr'><strong>Id</strong></span> <span class='ocrx_word' id='word_1_146' title='bbox 1384 1146 1519 1198; x_wconf 84' lang='lat' dir='ltr'><strong>ipsum</strong></span> 
     </span>
     <span class='ocr_line' id='line_1_18' title="bbox 0 1202 1517 1256; baseline 0.001 -16"><span class='ocrx_word' id='word_1_147' title='bbox 0 1202 34 1241; x_wconf 81' lang='lat' dir='ltr'><strong>ie</strong></span> <span class='ocrx_word' id='word_1_148' title='bbox 55 1204 87 1240; x_wconf 89' lang='lat' dir='ltr'>T</span> <span class='ocrx_word' id='word_1_149' title='bbox 90 1204 234 1242; x_wconf 78' lang='lat' dir='ltr'><strong>attaris</strong></span> <span class='ocrx_word' id='word_1_150' title='bbox 256 1210 396 1243; x_wconf 79' lang='lat' dir='ltr'><strong>narrat</strong></span> <span class='ocrx_word' id='word_1_151' title='bbox 415 1203 650 1243; x_wconf 84' lang='lat' dir='ltr'><strong>Vincentius</strong></span> <span class='ocrx_word' id='word_1_152' title='bbox 675 1204 924 1243; x_wconf 86' lang='lat' dir='ltr'><strong>Beluacensis</strong></span> <span class='ocrx_word' id='word_1_153' title='bbox 961 1203 1030 1244; x_wconf 86' lang='lat' dir='ltr'><strong>lib.</strong></span> <span class='ocrx_word' id='word_1_154' title='bbox 1049 1204 1181 1242; x_wconf 86' lang='lat' dir='ltr'><strong>XXX.</strong></span> <span class='ocrx_word' id='word_1_155' title='bbox 1214 1217 1302 1256; x_wconf 82' lang='lat' dir='ltr'><strong>cap.</strong></span> <span class='ocrx_word' id='word_1_156' title='bbox 1325 1203 1517 1242; x_wconf 85' lang='lat' dir='ltr'><strong>LXXXI.</strong></span> 
     </span>
    </p>

    <p class='ocr_par' dir='ltr' id='par_1_5' title="bbox 0 1257 1518 1600">
     <span class='ocr_line' id='line_1_19' title="bbox 0 1257 1518 1317; baseline 0.001 -19.011"><span class='ocrx_word' id='word_1_157' title='bbox 0 1257 79 1300; x_wconf 69' lang='lat' dir='ltr'><strong>Jum</strong></span> <span class='ocrx_word' id='word_1_158' title='bbox 99 1258 177 1299; x_wconf 70' lang='grc' dir='ltr'><strong>αᾶι·</strong></span> <span class='ocrx_word' id='word_1_159' title='bbox 171 1261 416 1300; x_wconf 76' lang='lat' dir='ltr'><strong>&#39;er-sariorum</strong></span> <span class='ocrx_word' id='word_1_160' title='bbox 429 1259 666 1317; x_wconf 72' lang='lat' dir='ltr'><strong>fortitudini</strong></span> <span class='ocrx_word' id='word_1_161' title='bbox 682 1278 722 1300; x_wconf 83' lang='lat' dir='ltr'><strong>se</strong></span> <span class='ocrx_word' id='word_1_162' title='bbox 734 1260 961 1314; x_wconf 83' lang='lat' dir='ltr'><strong>praevalere</strong></span> <span class='ocrx_word' id='word_1_163' title='bbox 990 1275 1105 1314; x_wconf 84' lang='lat' dir='ltr'><strong>posse</strong></span> <span class='ocrx_word' id='word_1_164' title='bbox 1124 1275 1203 1299; x_wconf 85' lang='lat' dir='ltr'><strong>non</strong></span> <span class='ocrx_word' id='word_1_165' title='bbox 1226 1258 1405 1304; x_wconf 80' lang='lat' dir='ltr'><strong>credunt.</strong></span> <span class='ocrx_word' id='word_1_166' title='bbox 1427 1270 1518 1299; x_wconf 76' lang='lat' dir='ltr'><strong>anie</strong></span> 
     </span>
     <span class='ocr_line' id='line_1_20' title="bbox 0 1315 1517 1386; baseline 0 -30"><span class='ocrx_word' id='word_1_167' title='bbox 0 1315 280 1384; x_wconf 76' lang='lat' dir='ltr'><strong>llosfugiunt,</strong></span> <span class='ocrx_word' id='word_1_168' title='bbox 308 1329 344 1357; x_wconf 81' lang='lat' dir='ltr'><strong>et</strong></span> <span class='ocrx_word' id='word_1_169' title='bbox 362 1319 478 1373; x_wconf 80' lang='lat' dir='ltr'><strong>quasi</strong></span> <span class='ocrx_word' id='word_1_170' title='bbox 501 1335 542 1357; x_wconf 87' lang='lat' dir='ltr'><strong>se</strong></span> <span class='ocrx_word' id='word_1_171' title='bbox 561 1317 614 1357; x_wconf 75' lang='lat' dir='ltr'><strong>ab</strong></span> <span class='ocrx_word' id='word_1_172' title='bbox 635 1317 719 1358; x_wconf 80' lang='lat' dir='ltr'><strong>illis</strong></span> <span class='ocrx_word' id='word_1_173' title='bbox 745 1318 889 1386; x_wconf 76' lang='lat' dir='ltr'><strong>fugari</strong></span> <span class='ocrx_word' id='word_1_174' title='bbox 906 1317 1090 1375; x_wconf 76' lang='lat' dir='ltr'><strong>faciunt.</strong></span> <span class='ocrx_word' id='word_1_175' title='bbox 1154 1315 1327 1372; x_wconf 85' lang='lat' dir='ltr'><strong>Cumque</strong></span> <span class='ocrx_word' id='word_1_176' title='bbox 1358 1315 1424 1357; x_wconf 84' lang='lat' dir='ltr'><strong>illi</strong></span> <span class='ocrx_word' id='word_1_177' title='bbox 1450 1333 1517 1356; x_wconf 88' lang='lat' dir='ltr'><strong>ar·</strong></span> 
     </span>
     <span class='ocr_line' id='line_1_21' title="bbox 0 1374 1517 1432; baseline 0.001 -20"><span class='ocrx_word' id='word_1_178' title='bbox 0 1375 80 1413; x_wconf 73' lang='lat' dir='ltr'><strong>nati</strong></span> <span class='ocrx_word' id='word_1_179' title='bbox 106 1375 296 1415; x_wconf 75' lang='lat' dir='ltr'><strong>Tar-turos</strong></span> <span class='ocrx_word' id='word_1_180' title='bbox 318 1377 482 1415; x_wconf 83' lang='lat' dir='ltr'><strong>inermes</strong></span> <span class='ocrx_word' id='word_1_181' title='bbox 499 1374 569 1414; x_wconf 83' lang='lat' dir='ltr'><strong>diu</strong></span> <span class='ocrx_word' id='word_1_182' title='bbox 587 1377 753 1416; x_wconf 77' lang='lat' dir='ltr'><strong>insecuti</strong></span> <span class='ocrx_word' id='word_1_183' title='bbox 770 1376 946 1432; x_wconf 80' lang='lat' dir='ltr'><strong>fuerint,</strong></span> <span class='ocrx_word' id='word_1_184' title='bbox 976 1390 1027 1414; x_wconf 84' lang='lat' dir='ltr'><strong>ac</strong></span> <span class='ocrx_word' id='word_1_185' title='bbox 1045 1390 1144 1428; x_wconf 84' lang='lat' dir='ltr'><strong>prae</strong></span> <span class='ocrx_word' id='word_1_186' title='bbox 1157 1377 1355 1428; x_wconf 75' lang='lat' dir='ltr'><strong>gravitate</strong></span> <span class='ocrx_word' id='word_1_187' title='bbox 1380 1389 1517 1413; x_wconf 80' lang='lat' dir='ltr'><strong>armo-</strong></span> 
     </span>
     <span class='ocr_line' id='line_1_22' title="bbox 0 1430 1516 1487; baseline 0.001 -17.003"><span class='ocrx_word' id='word_1_188' title='bbox 0 1447 64 1470; x_wconf 87' lang='lat' dir='ltr'><strong>um</strong></span> <span class='ocrx_word' id='word_1_189' title='bbox 86 1441 121 1471; x_wconf 77' lang='lat' dir='ltr'><strong>et</strong></span> <span class='ocrx_word' id='word_1_190' title='bbox 138 1433 226 1471; x_wconf 80' lang='lat' dir='ltr'><strong>viae</strong></span> <span class='ocrx_word' id='word_1_191' title='bbox 244 1430 492 1486; x_wconf 74' lang='lat' dir='ltr'><strong>longitudine</strong></span> <span class='ocrx_word' id='word_1_192' title='bbox 511 1431 687 1472; x_wconf 79' lang='lat' dir='ltr'><strong>lassati‘</strong></span> <span class='ocrx_word' id='word_1_193' title='bbox 670 1449 750 1472; x_wconf 78' lang='lat' dir='ltr'><strong>zum</strong></span> <span class='ocrx_word' id='word_1_194' title='bbox 770 1449 849 1473; x_wconf 82' lang='lat' dir='ltr'><strong>non</strong></span> <span class='ocrx_word' id='word_1_195' title='bbox 869 1430 1041 1487; x_wconf 78' lang='lat' dir='ltr'><strong>amplius</strong></span> <span class='ocrx_word' id='word_1_196' title='bbox 1059 1433 1170 1486; x_wconf 78' lang='lat' dir='ltr'><strong>sequi</strong></span> <span class='ocrx_word' id='word_1_197' title='bbox 1185 1433 1397 1484; x_wconf 78' lang='lat' dir='ltr'><strong>potuerint,</strong></span> <span class='ocrx_word' id='word_1_198' title='bbox 1420 1442 1516 1472; x_wconf 72' lang='lat' dir='ltr'><strong>tunc</strong></span> 
     </span>
     <span class='ocr_line' id='line_1_23' title="bbox 0 1487 1512 1544; baseline 0.001 -17"><span class='ocrx_word' id='word_1_199' title='bbox 0 1489 150 1528; x_wconf 76' lang='lat' dir='ltr'><strong>Par-tari</strong></span> <span class='ocrx_word' id='word_1_200' title='bbox 169 1505 285 1542; x_wconf 82' lang='lat' dir='ltr'><strong>super</strong></span> <span class='ocrx_word' id='word_1_201' title='bbox 306 1504 425 1544; x_wconf 80' lang='lat' dir='ltr'><strong>equos</strong></span> <span class='ocrx_word' id='word_1_202' title='bbox 449 1500 616 1530; x_wconf 80' lang='lat' dir='ltr'><strong>recentes</strong></span> <span class='ocrx_word' id='word_1_203' title='bbox 638 1488 911 1542; x_wconf 68' lang='lat' dir='ltr'><strong>ascendentes,</strong></span> <span class='ocrx_word' id='word_1_204' title='bbox 953 1505 994 1529; x_wconf 84' lang='lat' dir='ltr'><strong>se</strong></span> <span class='ocrx_word' id='word_1_205' title='bbox 1019 1504 1134 1543; x_wconf 82' lang='lat' dir='ltr'><strong>super</strong></span> <span class='ocrx_word' id='word_1_206' title='bbox 1153 1487 1248 1529; x_wconf 83' lang='lat' dir='ltr'><strong>illos</strong></span> <span class='ocrx_word' id='word_1_207' title='bbox 1270 1498 1512 1535; x_wconf 75' lang='lat' dir='ltr'><strong>convertunt,</strong></span> 
     </span>
     <span class='ocr_line' id='line_1_24' title="bbox 0 1545 1124 1600; baseline 0.002 -16"><span class='ocrx_word' id='word_1_208' title='bbox 0 1555 15 1584; x_wconf 93' lang='grc'><strong>1</strong></span> <span class='ocrx_word' id='word_1_209' title='bbox 38 1547 79 1585; x_wconf 86' lang='lat' dir='ltr'><strong>in</strong></span> <span class='ocrx_word' id='word_1_210' title='bbox 103 1561 167 1586; x_wconf 84' lang='lat' dir='ltr'><strong>eos</strong></span> <span class='ocrx_word' id='word_1_211' title='bbox 184 1546 378 1600; x_wconf 82' lang='lat' dir='ltr'><strong>capiendo</strong></span> <span class='ocrx_word' id='word_1_212' title='bbox 400 1556 437 1586; x_wconf 80' lang='lat' dir='ltr'><strong>ei</strong></span> <span class='ocrx_word' id='word_1_213' title='bbox 459 1545 677 1587; x_wconf 80' lang='lat' dir='ltr'><strong>occidendo</strong></span> <span class='ocrx_word' id='word_1_214' title='bbox 699 1545 892 1594; x_wconf 80' lang='lat' dir='ltr'><strong>insiliunt.</strong></span> <span class='ocrx_word' id='word_1_215' title='bbox 948 1560 1124 1586; x_wconf 64' lang='lat' dir='ltr'><strong>nummo.</strong></span> 
     </span>
    </p>
   </div>
   <div class='ocr_carea' id='block_1_4' title="bbox 0 1612 1525 2471">
    <p class='ocr_par' dir='ltr' id='par_1_6' title="bbox 0 1612 1512 1712">
     <span class='ocr_line' id='line_1_25' title="bbox 95 1612 1512 1670; baseline 0.001 -15"><span class='ocrx_word' id='word_1_216' title='bbox 95 1616 206 1670; x_wconf 79' lang='lat' dir='ltr'><strong>Pag.</strong></span> <span class='ocrx_word' id='word_1_217' title='bbox 237 1616 315 1666; x_wconf 89' lang='lat'><strong>15,</strong></span> <span class='ocrx_word' id='word_1_218' title='bbox 345 1617 413 1660; x_wconf 82' lang='lat'><strong>25.</strong></span> <span class='ocrx_word' id='word_1_219' title='bbox 483 1615 527 1657; x_wconf 89' lang='lat' dir='ltr'><strong>‘O</strong></span> <span class='ocrx_word' id='word_1_220' title='bbox 557 1613 603 1657; x_wconf 81' lang='grc' dir='ltr'><strong>δὲ</strong></span> <span class='ocrx_word' id='word_1_221' title='bbox 636 1614 772 1669; x_wconf 72' lang='grc' dir='ltr'><em>Πλέης</em></span> <span class='ocrx_word' id='word_1_222' title='bbox 810 1612 958 1670; x_wconf 80' lang='grc' dir='ltr'><strong><em>κόμης]</em></strong></span> <span class='ocrx_word' id='word_1_223' title='bbox 1008 1614 1281 1656; x_wconf 85' lang='lat' dir='ltr'><strong>Villharduin.</strong></span> <span class='ocrx_word' id='word_1_224' title='bbox 1323 1629 1364 1656; x_wconf 90' lang='lat' dir='ltr'><strong>n.</strong></span> <span class='ocrx_word' id='word_1_225' title='bbox 1396 1614 1512 1657; x_wconf 90' lang='lat' dir='ltr'><strong>CXC.</strong></span> 
     </span>
     <span class='ocr_line' id='line_1_26' title="bbox 0 1686 154 1712; baseline 0.026 -4"><span class='ocrx_word' id='word_1_226' title='bbox 0 1686 154 1712; x_wconf 59' lang='lat' dir='ltr'><strong>›ncnc-1.</strong></span> 
     </span>
    </p>

    <p class='ocr_par' dir='ltr' id='par_1_7' title="bbox 0 1725 1525 2471">
     <span class='ocr_line' id='line_1_27' title="bbox 96 1725 1513 1784; baseline -0.001 -14"><span class='ocrx_word' id='word_1_227' title='bbox 96 1733 193 1783; x_wconf 80' lang='lat' dir='ltr'><strong>Pag.</strong></span> <span class='ocrx_word' id='word_1_228' title='bbox 226 1733 300 1780; x_wconf 83' lang='lat'><strong>16,</strong></span> <span class='ocrx_word' id='word_1_229' title='bbox 336 1733 373 1773; x_wconf 89' lang='lat'><strong>1.</strong></span> <span class='ocrx_word' id='word_1_230' title='bbox 428 1725 587 1782; x_wconf 78' lang='grc' dir='ltr'><strong><em>Ἐρίκος</em></strong></span> <span class='ocrx_word' id='word_1_231' title='bbox 619 1727 878 1782; x_wconf 63' lang='grc' dir='ltr'><strong><em>Δένδουλος]</em></strong></span> <span class='ocrx_word' id='word_1_232' title='bbox 924 1730 1049 1784; x_wconf 81' lang='lat' dir='ltr'><strong>Atqui</strong></span> <span class='ocrx_word' id='word_1_233' title='bbox 1079 1730 1277 1770; x_wconf 85' lang='lat' dir='ltr'><strong>Henricus</strong></span> <span class='ocrx_word' id='word_1_234' title='bbox 1306 1729 1513 1768; x_wconf 76' lang='lat' dir='ltr'><strong>vandalus</strong></span> 
     </span>
     <span class='ocr_line' id='line_1_28' title="bbox 0 1786 1511 1841; baseline 0.001 -16"><span class='ocrx_word' id='word_1_235' title='bbox 0 1786 191 1826; x_wconf 69' lang='lat' dir='ltr'><strong>commisso</strong></span> <span class='ocrx_word' id='word_1_236' title='bbox 214 1801 304 1826; x_wconf 84' lang='lat' dir='ltr'><strong>cum</strong></span> <span class='ocrx_word' id='word_1_237' title='bbox 326 1787 509 1838; x_wconf 78' lang='lat' dir='ltr'><strong>Bulgaris</strong></span> <span class='ocrx_word' id='word_1_238' title='bbox 534 1789 687 1841; x_wconf 85' lang='lat' dir='ltr'><strong>proelio</strong></span> <span class='ocrx_word' id='word_1_239' title='bbox 712 1802 792 1827; x_wconf 87' lang='lat' dir='ltr'><strong>non</strong></span> <span class='ocrx_word' id='word_1_240' title='bbox 813 1789 1019 1837; x_wconf 86' lang='lat' dir='ltr'><strong>interfuit,</strong></span> <span class='ocrx_word' id='word_1_241' title='bbox 1051 1788 1160 1840; x_wconf 90' lang='lat' dir='ltr'><strong>quod</strong></span> <span class='ocrx_word' id='word_1_242' title='bbox 1178 1787 1319 1827; x_wconf 86' lang='lat' dir='ltr'><strong>scribit</strong></span> <span class='ocrx_word' id='word_1_243' title='bbox 1338 1788 1511 1837; x_wconf 83' lang='lat' dir='ltr'><strong>Nicetas,</strong></span> 
     </span>
     <span class='ocr_line' id='line_1_29' title="bbox 0 1845 1511 1898; baseline 0 -15"><span class='ocrx_word' id='word_1_244' title='bbox 0 1859 108 1898; x_wconf 57' lang='lat' dir='ltr'><strong>[eque</strong></span> <span class='ocrx_word' id='word_1_245' title='bbox 127 1846 299 1898; x_wconf 80' lang='lat' dir='ltr'><strong>proinde</strong></span> <span class='ocrx_word' id='word_1_246' title='bbox 318 1858 371 1884; x_wconf 81' lang='lat' dir='ltr'><strong>ex</strong></span> <span class='ocrx_word' id='word_1_247' title='bbox 394 1846 571 1898; x_wconf 70' lang='lat' dir='ltr'><strong>acceptis</strong></span> <span class='ocrx_word' id='word_1_248' title='bbox 593 1846 635 1884; x_wconf 87' lang='lat' dir='ltr'><strong>in</strong></span> <span class='ocrx_word' id='word_1_249' title='bbox 658 1861 705 1885; x_wconf 87' lang='lat' dir='ltr'><strong>eo</strong></span> <span class='ocrx_word' id='word_1_250' title='bbox 730 1847 967 1886; x_wconf 82' lang='lat' dir='ltr'><strong>vulneribus</strong></span> <span class='ocrx_word' id='word_1_251' title='bbox 985 1846 1151 1896; x_wconf 82' lang='lat' dir='ltr'><strong>interiit,</strong></span> <span class='ocrx_word' id='word_1_252' title='bbox 1182 1845 1290 1898; x_wconf 88' lang='lat' dir='ltr'><strong>quod</strong></span> <span class='ocrx_word' id='word_1_253' title='bbox 1312 1845 1511 1896; x_wconf 82' lang='lat' dir='ltr'><strong>Gregoras</strong></span> 
     </span>
     <span class='ocr_line' id='line_1_30' title="bbox 0 1900 1513 1956; baseline 0.001 -15"><span class='ocrx_word' id='word_1_254' title='bbox 0 1903 116 1943; x_wconf 83' lang='lat' dir='ltr'><strong>radit.</strong></span> <span class='ocrx_word' id='word_1_255' title='bbox 174 1902 337 1942; x_wconf 79' lang='lat' dir='ltr'><strong>Rectius</strong></span> <span class='ocrx_word' id='word_1_256' title='bbox 360 1903 592 1956; x_wconf 82' lang='lat' dir='ltr'><strong>Acropolita</strong></span> <span class='ocrx_word' id='word_1_257' title='bbox 609 1918 649 1943; x_wconf 86' lang='lat' dir='ltr'><strong>n.</strong></span> <span class='ocrx_word' id='word_1_258' title='bbox 670 1904 779 1944; x_wconf 85' lang='lat' dir='ltr'><strong>XIII.</strong></span> <span class='ocrx_word' id='word_1_259' title='bbox 771 1935 801 1955; x_wconf 91' lang='lat'><strong>.,</strong></span> <span class='ocrx_word' id='word_1_260' title='bbox 821 1905 891 1956; x_wconf 90' lang='lat' dir='ltr'><strong>qui</strong></span> <span class='ocrx_word' id='word_1_261' title='bbox 910 1900 982 1946; x_wconf 78' lang='grc' dir='ltr'><strong>τὸν</strong></span> <span class='ocrx_word' id='word_1_262' title='bbox 998 1901 1126 1944; x_wconf 86' lang='grc' dir='ltr'><strong><em>τόπον</em></strong></span> <span class='ocrx_word' id='word_1_263' title='bbox 1149 1906 1224 1944; x_wconf 79' lang='grc' dir='ltr'><strong>τοῦ</strong></span> <span class='ocrx_word' id='word_1_264' title='bbox 1239 1900 1402 1951; x_wconf 80' lang='grc' dir='ltr'><em>Δουκός</em></span> <span class='ocrx_word' id='word_1_265' title='bbox 1419 1902 1513 1944; x_wconf 77' lang='grc' dir='ltr'><em>ἕπε’-</em></span> 
     </span>
     <span class='ocr_line' id='line_1_31' title="bbox 0 1959 1511 2017; baseline -0.001 -16.996"><span class='ocrx_word' id='word_1_266' title='bbox 0 1976 101 2007; x_wconf 82' lang='grc' dir='ltr'><strong><em>οντα</em></strong></span> <span class='ocrx_word' id='word_1_267' title='bbox 120 1961 310 2008; x_wconf 84' lang='grc' dir='ltr'><strong><em>Βενετίας</em></strong></span> <span class='ocrx_word' id='word_1_268' title='bbox 330 1959 375 2001; x_wconf 75' lang='grc' dir='ltr'><strong>ἔν</strong></span> <span class='ocrx_word' id='word_1_269' title='bbox 393 1963 447 2017; x_wconf 80' lang='grc' dir='ltr'><strong>τῇ</strong></span> <span class='ocrx_word' id='word_1_270' title='bbox 467 1959 892 2003; x_wconf 73' lang='grc' dir='ltr'><strong><em>Κωνσταντινουπόλει</em></strong></span> <span class='ocrx_word' id='word_1_271' title='bbox 912 1962 1139 2001; x_wconf 80' lang='lat' dir='ltr'><strong>interfuisse</strong></span> <span class='ocrx_word' id='word_1_272' title='bbox 1159 1961 1355 2000; x_wconf 84' lang='lat' dir='ltr'><strong>duntaxat</strong></span> <span class='ocrx_word' id='word_1_273' title='bbox 1377 1959 1511 1999; x_wconf 86' lang='lat' dir='ltr'><strong>obser</strong></span> 
     </span>
     <span class='ocr_line' id='line_1_32' title="bbox 0 2007 1510 2072; baseline 0 -16"><span class='ocrx_word' id='word_1_274' title='bbox 0 2023 62 2056; x_wconf 84' lang='lat' dir='ltr'><strong>at.</strong></span> <span class='ocrx_word' id='word_1_275' title='bbox 121 2018 221 2056; x_wconf 83' lang='lat' dir='ltr'><strong>Vide</strong></span> <span class='ocrx_word' id='word_1_276' title='bbox 245 2007 508 2060; x_wconf 84' lang='lat' dir='ltr'><strong>Villharduin.</strong></span> <span class='ocrx_word' id='word_1_277' title='bbox 530 2033 568 2058; x_wconf 90' lang='lat' dir='ltr'><strong>n.</strong></span> <span class='ocrx_word' id='word_1_278' title='bbox 586 2019 757 2057; x_wconf 83' lang='lat' dir='ltr'><strong>CXCIII.</strong></span> <span class='ocrx_word' id='word_1_279' title='bbox 815 2020 938 2059; x_wconf 80' lang='lat' dir='ltr'><strong>Recte</strong></span> <span class='ocrx_word' id='word_1_280' title='bbox 955 2033 1078 2072; x_wconf 85' lang='lat' dir='ltr'><strong>porro</strong></span> <span class='ocrx_word' id='word_1_281' title='bbox 1100 2019 1297 2070; x_wconf 84' lang='lat' dir='ltr'><strong>Gregoras</strong></span> <span class='ocrx_word' id='word_1_282' title='bbox 1321 2017 1510 2057; x_wconf 84' lang='lat' dir='ltr'><strong>hocloco</strong></span> 
     </span>
     <span class='ocr_line' id='line_1_33' title="bbox 0 2075 1512 2129; baseline 0 -15"><span class='ocrx_word' id='word_1_283' title='bbox 0 2088 118 2114; x_wconf 90' lang='lat' dir='ltr'><strong>ocem</strong></span> <span class='ocrx_word' id='word_1_284' title='bbox 148 2075 344 2114; x_wconf 86' lang='lat' dir='ltr'><strong>Henricus</strong></span> <span class='ocrx_word' id='word_1_285' title='bbox 371 2076 541 2125; x_wconf 81' lang='lat' dir='ltr'><strong>extulit,</strong></span> <span class='ocrx_word' id='word_1_286' title='bbox 573 2090 689 2128; x_wconf 81' lang='lat' dir='ltr'><strong>quam</strong></span> <span class='ocrx_word' id='word_1_287' title='bbox 722 2077 790 2117; x_wconf 85' lang='lat' dir='ltr'><strong>lib.</strong></span> <span class='ocrx_word' id='word_1_288' title='bbox 809 2077 862 2116; x_wconf 92' lang='lat' dir='ltr'><strong>II.</strong></span> <span class='ocrx_word' id='word_1_289' title='bbox 885 2091 971 2129; x_wconf 89' lang='lat' dir='ltr'><strong>cap.</strong></span> <span class='ocrx_word' id='word_1_290' title='bbox 999 2078 1031 2118; x_wconf 92' lang='lat' dir='ltr'><strong>I.</strong></span> <span class='ocrx_word' id='word_1_291' title='bbox 1075 2077 1237 2115; x_wconf 82' lang='lat' dir='ltr'><strong>Nicetas</strong></span> <span class='ocrx_word' id='word_1_292' title='bbox 1266 2076 1310 2114; x_wconf 90' lang='lat' dir='ltr'><strong>in</strong></span> <span class='ocrx_word' id='word_1_293' title='bbox 1335 2075 1449 2115; x_wconf 81' lang='lat' dir='ltr'><strong>Bald.</strong></span> <span class='ocrx_word' id='word_1_294' title='bbox 1470 2082 1512 2115; x_wconf 87' lang='lat' dir='ltr'><strong>et</strong></span> 
     </span>
     <span class='ocr_line' id='line_1_34' title="bbox 0 2131 1509 2187; baseline 0 -16"><span class='ocrx_word' id='word_1_295' title='bbox 0 2132 179 2182; x_wconf 74' lang='lat' dir='ltr'><strong>lem-ico,</strong></span> <span class='ocrx_word' id='word_1_296' title='bbox 212 2138 252 2171; x_wconf 87' lang='lat' dir='ltr'><strong>et</strong></span> <span class='ocrx_word' id='word_1_297' title='bbox 271 2131 407 2184; x_wconf 65' lang='lat' dir='ltr'><strong>Pach)</strong></span> <span class='ocrx_word' id='word_1_298' title='bbox 409 2147 534 2171; x_wconf 88' lang='lat' dir='ltr'><strong>meres</strong></span> <span class='ocrx_word' id='word_1_299' title='bbox 557 2133 628 2175; x_wconf 86' lang='lat' dir='ltr'><strong>lib.</strong></span> <span class='ocrx_word' id='word_1_300' title='bbox 650 2134 736 2172; x_wconf 86' lang='lat' dir='ltr'><strong>VII.</strong></span> <span class='ocrx_word' id='word_1_301' title='bbox 759 2148 846 2187; x_wconf 85' lang='lat' dir='ltr'><strong>cap.</strong></span> <span class='ocrx_word' id='word_1_302' title='bbox 868 2135 1034 2174; x_wconf 91' lang='lat' dir='ltr'><strong>XXVII.</strong></span> <span class='ocrx_word' id='word_1_303' title='bbox 1066 2148 1140 2186; x_wconf 84' lang='lat' dir='ltr'><strong>per</strong></span> <span class='ocrx_word' id='word_1_304' title='bbox 1147 2132 1302 2187; x_wconf 70' lang='grc' dir='ltr'><strong><em>Ἐῥρης</em></strong></span> <span class='ocrx_word' id='word_1_305' title='bbox 1324 2133 1509 2179; x_wconf 77' lang='lat' dir='ltr'><strong>efferunt,</strong></span> 
     </span>
     <span class='ocr_line' id='line_1_35' title="bbox 0 2188 1509 2244; baseline 0.001 -16"><span class='ocrx_word' id='word_1_306' title='bbox 0 2191 183 2238; x_wconf 60' lang='lat' dir='ltr'><strong>&#39;uomodo</strong></span> <span class='ocrx_word' id='word_1_307' title='bbox 211 2189 342 2228; x_wconf 79' lang='lat' dir='ltr'><strong>nostri</strong></span> <span class='ocrx_word' id='word_1_308' title='bbox 374 2188 498 2228; x_wconf 81' lang='lat' dir='ltr'><strong>Hert-i</strong></span> <span class='ocrx_word' id='word_1_309' title='bbox 523 2191 617 2229; x_wconf 85' lang='lat' dir='ltr'><strong>olim</strong></span> <span class='ocrx_word' id='word_1_310' title='bbox 650 2191 859 2242; x_wconf 83' lang='lat' dir='ltr'><strong>dicebaut,</strong></span> <span class='ocrx_word' id='word_1_311' title='bbox 898 2199 943 2232; x_wconf 88' lang='lat' dir='ltr'><strong>ut</strong></span> <span class='ocrx_word' id='word_1_312' title='bbox 970 2206 1020 2231; x_wconf 84' lang='lat' dir='ltr'><strong>ex</strong></span> <span class='ocrx_word' id='word_1_313' title='bbox 1051 2190 1333 2230; x_wconf 84' lang='lat' dir='ltr'><strong>Villharduino</strong></span> <span class='ocrx_word' id='word_1_314' title='bbox 1367 2191 1509 2244; x_wconf 82' lang='lat' dir='ltr'><strong>liquet.</strong></span> 
     </span>
     <span class='ocr_line' id='line_1_36' title="bbox 0 2245 1525 2303; baseline 0.002 -17.022"><span class='ocrx_word' id='word_1_315' title='bbox 0 2247 192 2299; x_wconf 78' lang='lat' dir='ltr'><strong>&#39;ex-peram</strong></span> <span class='ocrx_word' id='word_1_316' title='bbox 224 2260 322 2285; x_wconf 83' lang='lat' dir='ltr'><strong>vero</strong></span> <span class='ocrx_word' id='word_1_317' title='bbox 358 2247 502 2286; x_wconf 81' lang='lat' dir='ltr'><strong>doctus</strong></span> <span class='ocrx_word' id='word_1_318' title='bbox 535 2248 790 2301; x_wconf 74' lang='lat' dir='ltr'><strong>Pachymeris</strong></span> <span class='ocrx_word' id='word_1_319' title='bbox 822 2249 1020 2303; x_wconf 83' lang='lat' dir='ltr'><strong>interpres</strong></span> <span class='ocrx_word' id='word_1_320' title='bbox 1035 2246 1168 2303; x_wconf 76' lang='grc' dir='ltr'><strong><em>’Έῤῥη</em></strong></span> <span class='ocrx_word' id='word_1_321' title='bbox 1199 2249 1240 2298; x_wconf 79' lang='grc' dir='ltr'><strong>ἐξ</strong></span> <span class='ocrx_word' id='word_1_322' title='bbox 1261 2245 1508 2303; x_wconf 80' lang='grc' dir='ltr'><strong><em>Ἐγγελίνων,</em></strong></span> <span class='ocrx_word' id='word_1_323' title='bbox 1523 2291 1525 2295; x_wconf 19' lang='grc' dir='ltr'><em>Α</em></span> 
     </span>
     <span class='ocr_line' id='line_1_37' title="bbox 0 2302 1509 2357; baseline 0.001 -16.019"><span class='ocrx_word' id='word_1_324' title='bbox 0 2302 113 2342; x_wconf 74' lang='grc' dir='ltr'><strong>ῖννεηι</strong></span> <span class='ocrx_word' id='word_1_325' title='bbox 141 2318 196 2343; x_wconf 80' lang='lat' dir='ltr'><strong>ex</strong></span> <span class='ocrx_word' id='word_1_326' title='bbox 224 2302 405 2357; x_wconf 75' lang='lat' dir='ltr'><strong>Englinis</strong></span> <span class='ocrx_word' id='word_1_327' title='bbox 434 2305 577 2354; x_wconf 80' lang='lat' dir='ltr'><strong>vertit,</strong></span> <span class='ocrx_word' id='word_1_328' title='bbox 619 2320 711 2345; x_wconf 90' lang='lat' dir='ltr'><strong>cum</strong></span> <span class='ocrx_word' id='word_1_329' title='bbox 740 2306 917 2347; x_wconf 82' lang='lat' dir='ltr'><strong>scribere</strong></span> <span class='ocrx_word' id='word_1_330' title='bbox 946 2307 1172 2357; x_wconf 87' lang='lat' dir='ltr'><strong>debuisset,</strong></span> <span class='ocrx_word' id='word_1_331' title='bbox 1207 2304 1424 2345; x_wconf 83' lang='lat' dir='ltr'><strong>Henricum</strong></span> <span class='ocrx_word' id='word_1_332' title='bbox 1452 2318 1509 2343; x_wconf 75' lang='lat' dir='ltr'><strong>ex</strong></span> 
     </span>
     <span class='ocr_line' id='line_1_38' title="bbox 0 2339 1506 2460; baseline 0.001 -62"><span class='ocrx_word' id='word_1_333' title='bbox 0 2359 140 2460; x_wconf 55' lang='grc' dir='ltr'><strong>ἰηςῖἱις.</strong></span> <span class='ocrx_word' id='word_1_334' title='bbox 198 2361 366 2399; x_wconf 83' lang='lat' dir='ltr'><strong>Wolfius</strong></span> <span class='ocrx_word' id='word_1_335' title='bbox 396 2362 513 2402; x_wconf 81' lang='lat' dir='ltr'><strong>etiam</strong></span> <span class='ocrx_word' id='word_1_336' title='bbox 547 2362 742 2403; x_wconf 77' lang='lat' dir='ltr'><strong>Herricus</strong></span> <span class='ocrx_word' id='word_1_337' title='bbox 771 2378 849 2418; x_wconf 86' lang='lat' dir='ltr'><strong>pro</strong></span> <span class='ocrx_word' id='word_1_338' title='bbox 878 2363 1078 2405; x_wconf 81' lang='lat' dir='ltr'><strong>Henricus</strong></span> <span class='ocrx_word' id='word_1_339' title='bbox 1111 2339 1212 2404; x_wconf 70' lang='lat' dir='ltr'><strong>mzile</strong></span> <span class='ocrx_word' id='word_1_340' title='bbox 1241 2364 1366 2402; x_wconf 85' lang='lat' dir='ltr'><strong>vertit</strong></span> <span class='ocrx_word' id='word_1_341' title='bbox 1396 2362 1506 2401; x_wconf 88' lang='lat' dir='ltr'><strong>dicto</strong></span> 
     </span>
     <span class='ocr_line' id='line_1_39' title="bbox 3 2423 369 2471; baseline 0.003 -15"><span class='ocrx_word' id='word_1_342' title='bbox 3 2423 140 2471; x_wconf 79' lang='lat' dir='ltr'><strong>ap.1.</strong></span> <span class='ocrx_word' id='word_1_343' title='bbox 197 2432 369 2458; x_wconf 46' lang='grc' dir='ltr'><em>θυεμ-(1.</em></span> 
     </span>
    </p>
   </div>
   <div class='ocr_carea' id='block_1_5' title="bbox 0 2486 1507 2597">
    <p class='ocr_par' dir='ltr' id='par_1_8' title="bbox 0 2486 1507 2597">
     <span class='ocr_line' id='line_1_40' title="bbox 88 2486 1507 2544; baseline -0.005 -13"><span class='ocrx_word' id='word_1_344' title='bbox 88 2489 193 2541; x_wconf 72' lang='lat' dir='ltr'><strong>Pog.</strong></span> <span class='ocrx_word' id='word_1_345' title='bbox 226 2491 304 2538; x_wconf 89' lang='lat'><strong>16,</strong></span> <span class='ocrx_word' id='word_1_346' title='bbox 330 2490 371 2530; x_wconf 88' lang='lat'><strong>4.</strong></span> <span class='ocrx_word' id='word_1_347' title='bbox 429 2486 643 2531; x_wconf 78' lang='grc' dir='ltr'><strong><em>Σκυθικον</em></strong></span> <span class='ocrx_word' id='word_1_348' title='bbox 658 2487 841 2542; x_wconf 82' lang='grc' dir='ltr'><strong><em>πλῆθος]</em></strong></span> <span class='ocrx_word' id='word_1_349' title='bbox 873 2489 985 2538; x_wconf 86' lang='lat' dir='ltr'><strong>Quos</strong></span> <span class='ocrx_word' id='word_1_350' title='bbox 996 2490 1167 2544; x_wconf 73' lang='lat' dir='ltr'><strong>Scythas</strong></span> <span class='ocrx_word' id='word_1_351' title='bbox 1178 2490 1335 2529; x_wconf 81' lang='lat' dir='ltr'><strong>Nicetas</strong></span> <span class='ocrx_word' id='word_1_352' title='bbox 1357 2493 1395 2526; x_wconf 90' lang='lat' dir='ltr'><strong>et</strong></span> <span class='ocrx_word' id='word_1_353' title='bbox 1405 2487 1507 2526; x_wconf 74' lang='lat' dir='ltr'><strong>Gre-</strong></span> 
     </span>
     <span class='ocr_line' id='line_1_41' title="bbox 0 2544 1506 2597; baseline 0 -15"><span class='ocrx_word' id='word_1_354' title='bbox 0 2557 114 2592; x_wconf 67' lang='grc' dir='ltr'><strong>ρης,</strong></span> <span class='ocrx_word' id='word_1_355' title='bbox 142 2544 218 2583; x_wconf 87' lang='lat' dir='ltr'><strong>hos</strong></span> <span class='ocrx_word' id='word_1_356' title='bbox 244 2546 439 2585; x_wconf 77' lang='lat' dir='ltr'><strong>Cumanos</strong></span> <span class='ocrx_word' id='word_1_357' title='bbox 460 2554 581 2586; x_wconf 86' lang='lat' dir='ltr'><strong>vocat</strong></span> <span class='ocrx_word' id='word_1_358' title='bbox 600 2547 917 2586; x_wconf 82' lang='lat' dir='ltr'><strong>Villharduinus.</strong></span> <span class='ocrx_word' id='word_1_359' title='bbox 958 2549 1033 2587; x_wconf 88' lang='lat' dir='ltr'><strong>Ubi</strong></span> <span class='ocrx_word' id='word_1_360' title='bbox 1055 2563 1152 2588; x_wconf 87' lang='lat' dir='ltr'><strong>vero</strong></span> <span class='ocrx_word' id='word_1_361' title='bbox 1175 2546 1393 2585; x_wconf 81' lang='lat' dir='ltr'><strong>habitarint</strong></span> <span class='ocrx_word' id='word_1_362' title='bbox 1407 2546 1506 2597; x_wconf 81' lang='lat' dir='ltr'><strong>Scy-</strong></span> 
     </span>
    </p>
   </div>
   <div class='ocr_carea' id='block_1_6' title="bbox 0 2600 1447 2659">
    <p class='ocr_par' dir='ltr' id='par_1_9' title="bbox 0 2600 1447 2659">
     <span class='ocr_line' id='line_1_42' title="bbox 0 2600 1447 2659; baseline -0.001 -19"><span class='ocrx_word' id='word_1_363' title='bbox 0 2600 71 2641; x_wconf 86' lang='lat' dir='ltr'><strong>hae</strong></span> <span class='ocrx_word' id='word_1_364' title='bbox 90 2603 277 2652; x_wconf 85' lang='lat' dir='ltr'><strong>Comani,</strong></span> <span class='ocrx_word' id='word_1_365' title='bbox 308 2604 475 2656; x_wconf 80' lang='lat' dir='ltr'><strong>exponit</strong></span> <span class='ocrx_word' id='word_1_366' title='bbox 495 2605 599 2644; x_wconf 88' lang='lat' dir='ltr'><strong>idem</strong></span> <span class='ocrx_word' id='word_1_367' title='bbox 622 2605 821 2657; x_wconf 83' lang='lat' dir='ltr'><strong>Gregoras</strong></span> <span class='ocrx_word' id='word_1_368' title='bbox 839 2604 909 2643; x_wconf 79' lang='lat' dir='ltr'><strong>lib.</strong></span> <span class='ocrx_word' id='word_1_369' title='bbox 928 2605 978 2647; x_wconf 88' lang='lat' dir='ltr'><strong>II.</strong></span> <span class='ocrx_word' id='word_1_370' title='bbox 1004 2620 1092 2659; x_wconf 88' lang='lat' dir='ltr'><strong>cap.</strong></span> <span class='ocrx_word' id='word_1_371' title='bbox 1108 2605 1213 2644; x_wconf 76' lang='lat' dir='ltr'><strong>vm</strong></span> <span class='ocrx_word' id='word_1_372' title='bbox 1271 2615 1447 2642; x_wconf 67' lang='lat' dir='ltr'><strong>Dccho.</strong></span> 
     </span>
    </p>
   </div>
   <div class='ocr_carea' id='block_1_7' title="bbox 0 2669 1509 2838">
    <p class='ocr_par' dir='ltr' id='par_1_10' title="bbox 0 2669 1509 2838">
     <span class='ocr_line' id='line_1_43' title="bbox 89 2669 1509 2728; baseline -0.007 -12"><span class='ocrx_word' id='word_1_373' title='bbox 89 2673 643 2724; x_wconf 62' lang='grc' dir='ltr'><em>Ρσὸ.16,12.Σκυθων</em></span> <span class='ocrx_word' id='word_1_374' title='bbox 670 2673 853 2728; x_wconf 79' lang='grc' dir='ltr'><strong><em>ἐρημίαν]</em></strong></span> <span class='ocrx_word' id='word_1_375' title='bbox 881 2673 1163 2721; x_wconf 81' lang='lat' dir='ltr'><strong>Proverbium‚</strong></span> <span class='ocrx_word' id='word_1_376' title='bbox 1195 2671 1307 2709; x_wconf 85' lang='lat' dir='ltr'><strong>cuins</strong></span> <span class='ocrx_word' id='word_1_377' title='bbox 1330 2669 1509 2708; x_wconf 84' lang='lat' dir='ltr'><strong>meminit</strong></span> 
     </span>
     <span class='ocr_line' id='line_1_44' title="bbox 0 2726 1507 2785; baseline 0.001 -22"><span class='ocrx_word' id='word_1_378' title='bbox 0 2729 190 2779; x_wconf 69' lang='lat' dir='ltr'><strong>ippendix</strong></span> <span class='ocrx_word' id='word_1_379' title='bbox 210 2729 425 2780; x_wconf 77' lang='lat' dir='ltr'><strong>vaticana,</strong></span> <span class='ocrx_word' id='word_1_380' title='bbox 453 2731 675 2780; x_wconf 83' lang='lat' dir='ltr'><strong>Zenobius‚</strong></span> <span class='ocrx_word' id='word_1_381' title='bbox 711 2737 918 2784; x_wconf 81' lang='lat' dir='ltr'><strong>praeterea</strong></span> <span class='ocrx_word' id='word_1_382' title='bbox 941 2731 1177 2785; x_wconf 78' lang='lat' dir='ltr'><strong>Acropolita</strong></span> <span class='ocrx_word' id='word_1_383' title='bbox 1209 2742 1247 2767; x_wconf 88' lang='grc'><strong>11.</strong></span> <span class='ocrx_word' id='word_1_384' title='bbox 1267 2726 1438 2767; x_wconf 85' lang='lat' dir='ltr'><strong>XXXV.</strong></span> <span class='ocrx_word' id='word_1_385' title='bbox 1466 2733 1507 2766; x_wconf 91' lang='lat' dir='ltr'><strong>et</strong></span> 
     </span>
     <span class='ocr_line' id='line_1_45' title="bbox 0 2785 458 2838; baseline 0.009 -15"><span class='ocrx_word' id='word_1_386' title='bbox 0 2785 44 2823; x_wconf 83' lang='lat' dir='ltr'><strong>lii</strong></span> <span class='ocrx_word' id='word_1_387' title='bbox 64 2786 228 2838; x_wconf 82' lang='lat' dir='ltr'><strong>passim.</strong></span> <span class='ocrx_word' id='word_1_388' title='bbox 285 2800 458 2829; x_wconf 65' lang='lat' dir='ltr'><strong>boemo.</strong></span> 
     </span>
    </p>
   </div>
   <div class='ocr_carea' id='block_1_8' title="bbox 82 2841 1506 2906">
    <p class='ocr_par' dir='ltr' id='par_1_11' title="bbox 82 2841 1506 2906">
     <span class='ocr_line' id='line_1_46' title="bbox 82 2841 1506 2906; baseline -0.001 -19.996"><span class='ocrx_word' id='word_1_389' title='bbox 82 2844 191 2897; x_wconf 74' lang='lat' dir='ltr'><em>Pag-</em></span> <span class='ocrx_word' id='word_1_390' title='bbox 227 2847 303 2894; x_wconf 87' lang='lat'><strong>16,</strong></span> <span class='ocrx_word' id='word_1_391' title='bbox 336 2845 399 2888; x_wconf 84' lang='lat'><strong>14.</strong></span> <span class='ocrx_word' id='word_1_392' title='bbox 459 2844 543 2887; x_wconf 81' lang='grc' dir='ltr'><strong>Καὶ</strong></span> <span class='ocrx_word' id='word_1_393' title='bbox 560 2845 651 2900; x_wconf 82' lang='grc' dir='ltr'><em>περὶ</em></span> <span class='ocrx_word' id='word_1_394' title='bbox 671 2861 744 2899; x_wconf 65' lang='grc' dir='ltr'><strong>την</strong></span> <span class='ocrx_word' id='word_1_395' title='bbox 766 2842 931 2903; x_wconf 74' lang='grc' dir='ltr'><strong><em>Θρᾴκην</em></strong></span> <span class='ocrx_word' id='word_1_396' title='bbox 950 2843 1235 2906; x_wconf 75' lang='grc' dir='ltr'><strong><em>πλανώμενος]</em></strong></span> <span class='ocrx_word' id='word_1_397' title='bbox 1265 2842 1321 2882; x_wconf 72' lang='lat' dir='ltr'><strong>Ut</strong></span> <span class='ocrx_word' id='word_1_398' title='bbox 1340 2841 1506 2881; x_wconf 75' lang='lat' dir='ltr'><strong>Alexius</strong></span> 
     </span>
    </p>
   </div>
  </div>
 </body>
</html>
