1754 3164
179 98 310 144 1312
699 101 1179 147 ANNOTATIONES.

181 209 310 261 Vulgo
333 214 463 248 autem
483 207 541 247 sic
565 207 738 247 efferunt
757 203 1081 260 Βελλεροφόντης
1102 205 1152 249 to?
1174 205 1398 263 γράμματα.
1433 205 1711 262 Bellerophon-

180 276 236 306 tes
258 265 404 306 literas.
462 267 615 321 Supple
642 275 780 305 contra
802 281 842 304 se
863 266 990 319 ipsum
1020 265 1165 321 effi-t,
1197 280 1276 318 qua
1307 266 1357 305 de
1389 280 1433 306 re
1466 267 1713 305 Graecorum

178 325 355 364 fabulam
379 329 662 362 commemorat
684 329 724 362 et
750 323 867 362 docte
891 325 1061 376 exponit
1090 324 1299 374 Erasmus,
1339 322 1512 363 Chiliad.
1535 327 1575 366 2.
1609 324 1715 361 Cen-

183 388 262 421 tur.
284 386 322 425 6.
354 381 548 420 Proverb.
567 385 636 425 82.
678 393 920 420 CAPPERONN.

300 442 390 491 Pag.
425 441 558 490 1083,
588 442 655 480 12.
717 438 940 478 Διονυσίου
964 433 1243 491 μεμνήσομαι]
1275 437 1462 493 Dionysii
1487 437 1718 476 mentionem

169 494 348 553 faciam.
379 496 508 534 Locus
530 496 647 535 estin
671 495 841 548 epistola
856 495 926 535 lX.
947 495 1105 534 Pseudo
1119 495 1330 548 -Dionysii
1351 496 1403 534 ad
1420 495 1553 534 Titum
1572 500 1669 534 sect.
1688 494 1718 532 Ι.

185 566 303 604 quem
326 552 377 592 ad
403 553 540 592 locum
571 553 665 593 vide
688 553 814 591 sancti
837 552 1001 591 Maximi
1033 559 1072 592 et
1098 552 1369 606 Pachymerae
1401 551 1569 594 scholia.
1630 565 1721 590 CAP-

182 623 354 650 Pmoun.

298 669 404 720 Pag.
437 670 569 716 1083,
600 671 667 711 19.
711 665 760 708 ‘O
779 662 1050 721 Ἀθανᾶσιος]
1083 642 1131 708 Ι).
1152 646 1362 706 Athanasii
1385 667 1495 707 Orat.
1514 670 1553 710 2.
1580 672 1722 705 contra

185 723 320 764 Arian.
342 732 436 764 tom.
455 725 487 764 Ι.
514 738 602 777 pag.
631 727 728 767 306.
758 724 856 764 edit.
882 725 1004 778 antiq.
1067 739 1311 767 CAPPERONN.

304 785 411 836 Pog·.
435 785 568 833 1084,
609 785 675 825 19.
731 777 954 837 Μάξιμος]
1005 783 1049 821 D.
1092 782 1255 823 Maxim.
1300 781 1504 836 capitibus
1547 779 1723 833 theolog.

190 839 418 892 quingentis
443 840 629 879 Centuria
650 845 689 884 2.
712 839 837 879 Artic.
858 839 926 883 74.
984 853 1227 881 effrenem.

305 900 398 950 Pag.
433 898 565 947 1085,
598 901 634 940 1.
696 893 920 950 Γενῶμεθα
956 893 1116 950 δόκιμοι
1147 895 1397 952 τραπεζῖται]
1448 894 1569 936 Probi
1607 896 1726 935 simus

189 953 458 994 nummularii.
487 955 598 994 Haec
618 954 813 994 sententia
837 955 918 1008 ipsi
937 954 1096 995 Christo
1119 969 1141 993 a
1170 954 1375 995 veteribus
1400 953 1605 996 tribuitur.
1636 967 1727 993 cst-

190 1025 366 1052 panonn-

306 1071 400 1121 Pag.
432 1072 568 1121 1086,
595 1071 636 1113 9.
692 1065 835 1118 Οὐδεὶς
860 1066 959 1124 γοῖρ,
991 1069 1093 1122 φησὶ
1117 1085 1153 1111 κ.
1174 1085 1207 1110 τ.
1229 1067 1289 1122 λ.]
1322 1067 1451 1108 Exod.
1478 1067 1665 1108 XXXIII.
1687 1079 1727 1107 v.

193 1129 264 1170 20.
306 1139 548 1167 CAPPERONN.

311 1181 477 1224 Ibidem.
535 1179 679 1232 Οὐδεὶς
697 1180 774 1237 γάρ
796 1180 943 1234 ὄψεται
971 1179 1189 1236 πρόσωπόν
1211 1200 1290 1237 μου
1311 1182 1380 1224 καὶ
1403 1179 1577 1236 ζήσεται]
1608 1180 1729 1222 Nemo

196 1242 300 1290 enim
327 1238 474 1279 videbit
489 1238 646 1293 faciem
685 1255 810 1278 meam
841 1249 875 1278 et
904 1240 1016 1278 vivet.
1059 1241 1188 1280 Exod.
1215 1242 1404 1280 XXXIII.
1428 1255 1467 1279 v.
1491 1244 1559 1283 20.
1585 1239 1651 1279 ubi
1672 1239 1731 1277 sic

196 1297 373 1337 habetur
393 1297 503 1350 apud
522 1295 619 1346 τούς
640 1298 764 1339 LXX.
797 1293 848 1337 οὔ
872 1294 946 1350 γάρ
972 1295 1029 1350 μή
1052 1297 1119 1354 ἰ’δῃ
1133 1296 1354 1352 ἅνθρωπος
1369 1295 1415 1340 τό
1427 1293 1643 1350 πρόσωτόν
1653 1312 1731 1347 μου

198 1354 269 1396 καὶ
292 1352 461 1406 ζήσεται.
500 1354 595 1393 Νοη
618 1355 718 1393 enim
738 1352 884 1392 videbit
906 1353 1021 1393 homo
1041 1353 1190 1409 faciem
1215 1371 1340 1394 meam
1365 1366 1400 1394 et
1420 1356 1532 1395 vivet.
1577 1354 1619 1392 In
1645 1355 1732 1392 vul..

202 1419 292 1463 gata
323 1411 481 1451 Latina:
507 1410 601 1450 Non
620 1413 720 1450 enim
743 1409 890 1449 videbit
917 1426 978 1449 me
997 1410 1113 1450 homo
1137 1423 1172 1451 et
1196 1413 1310 1454 vivet.
1355 1413 1477 1462 Quod
1501 1412 1620 1462 magis
1648 1411 1734 1451 He-

201 1469 380 1509 braicam
408 1468 459 1507 ad
486 1468 697 1507 veritatem
720 1464 888 1508 accedit.
931 1481 1177 1508 cAPrssRoNN.

317 1525 414 1579 Pag.
448 1528 577 1575 1089,
608 1528 649 1567 6.
710 1524 847 1577 Χωρὶς
871 1522 1102 1579 δυνάμεως]
1132 1525 1301 1582 Absque
1321 1522 1618 1582 potenticlitaie.
1651 1525 1735 1563 No-

205 1583 278 1622 stri
303 1583 359 1621 sic
380 1583 420 1622 in
441 1582 589 1621 scholis
609 1582 853 1635 loquuntur3
884 1597 963 1622 non
978 1583 1084 1636 quod
1105 1584 1305 1637 impotens
1328 1585 1382 1624 sit
1402 1585 1512 1632 Deus,
1542 1583 1611 1621 sed
1626 1582 1735 1634 quod

204 1655 286 1680 non
307 1639 451 1680 habeat
468 1653 620 1682 meram
638 1640 859 1694 potentiam
890 1640 938 1679 ab
961 1647 1054 1680 actu
1078 1655 1152 1681 suo
1180 1641 1411 1682 distinctam
1436 1646 1469 1680 ct
1494 1647 1734 1693 separatam.

207 1711 446 1739 oAPPERoNN.

326 1759 420 1808 Pag.
455 1757 586 1804 1089,
620 1758 686 1800 18.
750 1752 802 1797 Τό
822 1750 1039 1797 Κυλῶνιον
1069 1753 1190 1810 ἄγος]
1225 1754 1407 1812 Cyloniaae
1431 1751 1565 1793 caedis
1595 1752 1737 1793 labem.

210 1813 310 1864 Cylo
340 1812 484 1851 nobilis
506 1812 778 1864 Atheniensis,
810 1819 849 1851 et
869 1813 911 1851 in
931 1813 1154 1866 Olympicis
1181 1815 1336 1864 victor,
1367 1826 1409 1852 ex
1430 1812 1527 1850 falsa
1551 1811 1739 1864 Delphici

213 1870 367 1908 oraculi
399 1870 730 1922 interpretatione
759 1869 1004 1909 Athenarum
1034 1886 1165 1910 arcem
1201 1869 1431 1924 occupavit,
1461 1876 1650 1920 tanquam
1676 1877 1740 1922 ty-

212 1941 382 1966 rannum
403 1933 577 1968 acturus.
609 1928 710 1968 Tum
731 1927 995 1967 Athenienses
1015 1928 1146 1981 ipsum
1175 1930 1339 1981 eiusque
1357 1926 1488 1965 socios
1518 1927 1575 1965 ibi
1606 1927 1741 1966 obses-

215 1998 281 2022 sos
306 1990 603 2036 oppugnarunt.
647 1986 747 2037 Cylo
769 1991 900 2024 autem
928 1992 967 2024 et
990 1986 1073 2024 eius
1097 1986 1222 2026 frater
1244 1988 1338 2025 elan
1360 1985 1620 2035 aufugerunt3
1652 1998 1741 2023 cae-

214 2041 294 2080 teri
325 2042 429 2080 fame
455 2043 702 2095 consumpti,
733 2043 936 2094 supplices
955 2042 1004 2081 ad
1028 2058 1137 2082 aram
1156 2058 1257 2096 quae
1279 2047 1355 2083 erat
1376 2041 1417 2080 in
1439 2055 1529 2080 arce
1547 2043 1742 2093 confuge-

216 2104 326 2138 runt.
357 2099 434 2137 Sed
456 2113 524 2137 eos
543 2099 639 2139 inde
665 2099 862 2138 abductos
881 2100 1172 2140 interemerunt
1193 2101 1235 2151 ii,
1267 2099 1403 2150 quibus
1424 2100 1633 2137 commissa
1656 2105 1743 2138 erat

218 2155 331 2193 urbis
355 2155 549 2195 custodia.
612 2156 815 2204 Quosdam
838 2157 956 2196 etiam
977 2157 1018 2196 in
1046 2158 1136 2212 ipso
1158 2157 1318 2198 transitu
1349 2162 1387 2195 et
1409 2170 1538 2209 prope
1566 2157 1743 2194 Deorum

222 2212 365 2251 altaria
383 2212 567 2251 sedentes
587 2214 885 2253 interfecerunt.
947 2216 1061 2254 Unde
1087 2216 1199 2269 impii
1221 2220 1251 2252 :t
1274 2213 1435 2266 profani
1458 2213 1506 2252 ab
1530 2212 1744 2252 Athenien-

222 2269 335 2307 sibus
367 2270 556 2321 appellati
589 2277 702 2320 sunt,
744 2278 782 2310 et
809 2273 848 2309 in
876 2272 1038 2311 exilium
1070 2275 1168 2313 aeti:
1198 2277 1231 2309 at
1256 2269 1336 2309 hoc
1363 2271 1513 2309 dictum
1538 2277 1597 2309 est
1630 2269 1744 2322 Cylo-

223 2327 331 2365 nium
353 2324 477 2365 scelus
501 2327 584 2365 sive
612 2326 737 2367 labem
763 2327 950 2381 Cyloniae
972 2328 1104 2369 caedis
1125 2329 1292 2381 expiare·
1324 2328 1496 2367 Narrant
1515 2327 1744 2381 Thucydid.

224 2382 294 2422 lib.
318 2383 349 2422 I.
371 2385 478 2422 circa
496 2383 627 2435 finem,
658 2391 698 2423 et
715 2385 954 2425 Plutarchus
979 2392 1017 2426 in
1038 2389 1188 2427 Solone.
1221 2399 1465 2424 CAPPERONN.

341 2438 440 2492 Pag.
472 2443 601 2490 1091,
631 2444 671 2483 7.
728 2441 772 2483 Ὁ
797 2442 892 2492 θεὸς
912 2442 1005 2485 οὔτε
1034 2448 1132 2486 voc&
1154 2441 1304 2495 λέγεται
1325 2444 1474 2495 κυρίως
1495 2459 1530 2483 κ.
1548 2441 1613 2494 λ.]
1642 2441 1746 2481 Vide

230 2497 363 2550 capita
390 2499 463 2536 CC.
490 2496 732 2549 Theologica
758 2501 892 2541 Sancti
917 2502 1081 2541 Maximi
1099 2513 1192 2537 tom.
1213 2499 1261 2537 ΙΙ.
1291 2513 1379 2552 pag.
1402 2504 1498 2543 479.
1533 2500 1604 2539 ubi
1630 2500 1747 2539 locus

230 2554 300 2594 hic
329 2555 448 2607 paulo
477 2556 590 2594 aliter
620 2569 662 2594 se
687 2555 816 2597 habet.
874 2559 953 2597 Sed
982 2559 1135 2598 videtur
1161 2557 1357 2607 Gregoras
1386 2571 1464 2596 non
1495 2557 1543 2596 ad
1579 2557 1747 2595 verbum

232 2611 355 2650 huius
379 2614 504 2651 sancti
533 2612 780 2652 Confessoris
816 2617 1075 2655 testimonium
1110 2614 1289 2654 laudare.
1346 2614 1398 2654 Et
1423 2629 1518 2654 sane
1546 2627 1668 2667 supra
1689 2614 1747 2653 in-

232 2668 320 2707 nuit
343 2683 384 2707 se
404 2671 471 2709 SS.
496 2670 655 2708 patrum
678 2671 918 2723 testimonia,
950 2680 1018 2712 aut
1032 2684 1165 2710 eorum
1185 2671 1324 2722 libros,
1355 2686 1450 2724 prae
1469 2671 1650 2710 manibus
1668 2685 1748 2711 non

233 2724 394 2764 habere.
432 2727 532 2766 Vide
557 2727 677 2766 huius
697 2729 976 2781 disputationis
998 2741 1075 2783 sag.
1098 2732 1194 2772 684.
1212 2729 1258 2768 B.
1319 2742 1565 2770 ouranos&

349 2781 514 2831 Ibidem.
572 2781 661 2827 Ἵνα
691 2784 748 2841 μή
781 2782 978 2839 σύνθετος
1006 2785 1205 2846 λογισθῇ]
1254 2786 1351 2826 Erat
1387 2787 1427 2827 in
1459 2786 1748 2840 Manuscripto,
