1754 3164
182 162 313 210 1226
726 160 1207 207 ANNOTATIONES.

291 269 862 327 Pag.304‚12.11av1109
884 267 1037 316 ἐκεῖνος
1058 265 1082 308 ὁ
1098 281 1180 307 των
1201 263 1424 320 ζωγράφων
1445 261 1630 318 ἄριστος]
1663 266 1719 305 De

177 333 337 386 pictole
358 330 428 368 illo
451 325 794 396 praestantissimo
814 339 931 364 nemo
953 325 1075 374 alius,
1109 337 1226 376 quem
1256 324 1390 361 sciam.
1448 335 1597 362 nowm.

293 391 395 440 Pog.
427 387 531 434 305,
559 386 601 425 9.
661 379 728 423 Ἐν
761 385 792 439 ῴ
824 380 941 436 λόγος
975 399 1017 423 το
1047 385 1120 422 τοῦ
1144 377 1368 432 Βύζαντος]
1401 378 1502 418 Vide
1524 380 1719 419 Conslan—

179 448 306 498 tinop.
326 443 471 483 Christ.
496 442 537 480 in
560 440 747 492 Byzantii
769 440 909 492 oxigin.
931 455 972 480 n.
996 441 1061 483 15.
1082 452 1171 492 pag.
1194 442 1259 481 17.
1293 450 1469 478 DUGANG.

292 509 533 565 Pag.3o5,
567 513 631 552 17
691 510 834 562 Βιβλία
858 506 949 549 τινα
979 504 1299 561 χρησμολογικοέ]
1334 506 1517 555 Quolum
1549 519 1631 543 non
1663 519 1722 545 se-

180 571 259 611 mel
280 570 522 608 mentionem
543 573 666 618 agunt
692 568 910 619 scriptores
929 565 1140 618 Byzantini
1170 571 1208 602 et
1234 565 1348 602 locos
1371 564 1531 613 collegit
1550 563 1721 602 Lambe-

183 631 288 679 cius,
318 640 388 665 seu
407 625 654 675 Holstenius,
675 637 721 662 ac
746 623 938 676 ΡιεοΠΧίῐ
958 622 1102 661 Leonis
1123 622 1320 660 Oraculis.
1378 634 1552 660 nummo.

296 685 539 737 Pag.306,
573 686 638 725 12.
691 676 767 721 ῗΗν
789 698 865 735 γαρ
901 678 1003 733 αὕτη
1033 676 1256 731 νεάζουσα]
1288 678 1457 717 Wolssus
1487 694 1530 719 νε
1535 675 1724 727 οἳζουσαν,

182 744 262 782 hoc
288 743 378 781 loco
409 747 450 779 et
477 740 599 792 paulo
625 739 750 788 infra,
786 739 1076 791 interpr'etatui
1106 734 1454 777 adolescentulam.
1513 736 1591 774 Sed
1621 733 1724 773 ado-

185 797 399 840 lescentula
427 811 509 836 non
543 796 803 844 e1at‚cuius
828 796 909 834 filia
939 794 1201 848 quadniennio
1234 800 1327 847 post
1348 793 1495 846 nuptui
1525 793 1724 831 collocata

186 865 258 897 est.
290 857 391 895 Vide
413 870 502 908 cap.
523 854 592 894 IV.
613 861 714 894 sect.
738 854 789 894 ll.
811 854 928 892 infla.
986 866 1139 891 1301V1N.

302 915 540 966 Pag.309,
574 915 640 954 10.
688 909 766 952 ’Έν
787 927 829 951 τε
845 915 930 960 τοῖς
950 909 1105 960 ε’πεσιν,
1138 906 1164 949 ἃ
1183 907 1402 960 πεποίηκεν
1430 913 1505 948 etc.
1515 906 1531 959 ]
1573 907 1724 959 Nempe

185 972 300 1012 initio
319 970 531 1024 poematis,
552 969 661 1021 quod
682 969 931 1019 inscribitur,
957 968 1013 1016 εἰς
1033 965 1104 1009 τὸν
1127 963 1254 1018 σοφὸν
1273 961 1514 1035 Νικηφορον
1535 962 1605 1005 τὸν
1628 968 1727 1018 Γρη-

189 1033 317 1085 γορᾶν
339 1027 579 1079 υποθῆκαι,
610 1026 680 1067 καὶ
703 1026 794 1081 περὶ
811 1029 895 1067 τῶν
920 1026 1082 1066 οἰκείων
1101 1038 1400 1077 συνταγματων.
1438 1023 1602 1062 Initium
1625 1028 1696 1072 est,

313 1109 417 1149 Φίλα
449 1103 666 1160 Νικηφόρε
695 1123 763 1160 μοι
792 1104 967 1159 κεφαλοῖ,
998 1103 1070 1148 τόν
1093 1100 1218 1175 ἔγωγ’
1250 1104 1411 1159 εἷ’ραμαι

308 1162 449 1218 Κατοῖρ
483 1162 581 1216 ἔμας
612 1166 779 1218 σοφίης,
800 1161 844 1232 ἥ
873 1165 933 1214 τίς
961 1160 1056 1205 ποτ’
1086 1160 1139 1204 ἂν
1169 1163 1235 1219 ε’ῃ,
1266 1161 1457 1203 λιπέσθαι

300 1220 367 1271 Ἐξ
398 1220 477 1275 ἅοα
508 1219 721 1280 διάδοχον,
752 1217 920 1262 πάντων
945 1217 1095 1262 οἷσύλου
1126 1220 1316 1274 κλήροιο,

305 1278 536 1331 Κρέσσονος
568 1281 626 1319 ὠν
640 1277 707 1348 ἄρ
740 1295 807 1332 μοι
836 1277 936 1327 θεός
967 1294 1158 1320 απαντων
1183 1275 1279 1331 πὸοε
1309 1278 1507 1326 πουλλῶν,

306 1336 383 1379 Σοὶ
411 1332 506 1377 τάδ’
535 1352 701 1404 επιταγμ
706 1352 751 1376 ατ
804 1332 1027 1390 ἔπιτέλῖομ’
1058 1336 1119 1377 εἶν
1150 1335 1327 1384 ἐπέεσσι,

307 1390 425 1435 Ἠῦτ’
456 1393 554 1442 ε’θος
583 1391 800 1462 μερόπεσσι
829 1395 1035 1448 βρουτοῐσι
1065 1389 1208 1434 πέλεθ’
1234 1392 1350 1446 ημῖν,

309 1452 390 1492 Εἰν
421 1448 640 1503 διαθήκαις
668 1467 717 1492 τα
749 1466 793 1492 κε
823 1452 1017 1504 δοκεῦμεν
1047 1447 1197 1503 οῗμείνω
1225 1450 1381 1498 τέκνοις

308 1505 590 1562 Haqvaes'sse'
621 1508 699 1558 ἓξε·’
665 1525 770 1561 ·ιης,
803 1505 855 1549 ἂν
885 1510 1022 1562 βίοτον
1052 1505 1104 1562 δὴ
1134 1523 1266 1549 παντα

309 1563 439 1606 Μαλα
469 1565 717 1620 φυλαττέμεν
749 1572 825 1607 etc.

194 1646 402 1688 Eiusmodi
427 1646 611 1684 versibus
641 1645 880 1684 Theodorus
901 1645 1138 1684 Metochites
1167 1646 1292 1684 vitam
1326 1657 1439 1684 suam
1467 1643 1550 1682 fere
1574 1654 1731 1680 omnem

197 1703 434 1770 complexus
459 1709 517 1742 est
547 1703 657 1757 (vide
679 1703 775 1743 Cod.
797 1704 892 1756 Reg.
918 1707 1041 1747 1997.
1065 1710 1104 1742 et
1129 1701 1292 1755 3359.):
1326 1704 1414 1753 qui,
1449 1701 1482 1740 si
1513 1700 1642 1739 minus
1663 1699 1730 1736 in-

200 1763 388 1802 concinni
410 1762 563 1812 forent,
594 1767 762 1814 possent
780 1775 871 1799 cum
893 1761 1069 1800 Historia
1091 1762 1292 1811 G1e001ae
1312 1760 1534 1811 Byzantina
1563 1757 1732 1796 coniun-

199 1820 253 1872 gi.
296 1819 374 1858 Sed
401 1832 540 1867 nemo,
572 1819 737 1871 opinor,
769 1825 850 1857 tam
875 1818 975 1857 duia
995 1825 1156 1870 tamque
1181 1817 1442 1856 immodulata
1464 1820 1647 1868 poemata
1671 1814 1734 1851 le-

201 1891 295 1929 gere
320 1877 440 1926 velit3
470 1876 513 1914 in
534 1890 665 1928 quae
655 1881 744 1928 apte
766 1876 982 1914 admodum
1008 1877 1116 1914 cadit
1135 1876 1205 1913 illa
1225 1874 1367 1913 Leonis
1396 1874 1531 1912 Allatii
1554 1872 1733 1922 indigna-

191 1935 259 1973 'tio
287 1930 350 1988 (in
378 1933 547 1971 diatriba
567 1933 616 1972 de
638 1933 781 1984 Georg.
800 1947 840 1985 Ρ.
861 1937 958 1976 372.
987 1934 1056 1972 ubi
1075 1933 1123 1971 de
1144 1933 1328 1972 versibus
1350 1932 1493 1982 Georg.
1517 1929 1735 1981 Pachyme-

200 1991 298 2042 lis):
338 1989 536 2028 Ferreus'
521 2005 604 2044 ipse
631 1991 730 2036 sim,
769 1991 805 2028 si
832 1988 930 2043 quid
962 2000 1017 2029 est
1047 1989 1152 2030 hisce
1183 1987 1422 2029 carminibus
1449 1990 1491 2027 in
1517 1997 1601 2027 tota
1630 1986 1734 2024 anti-

202 2049 351 2102 quitate
371 2045 518 2087 durius.
581 2045 753 2097 Chalybs
783 2048 887 2101 ipse,
918 2057 954 2085 et
975 2047 1108 2098 incus,
1140 2057 1175 2085 et
1196 2047 1232 2086 si
1253 2045 1350 2100 quid
1370 2055 1426 2084 est
1449 2047 1490 2084 in
1513 2060 1638 2083 rerum
1665 2058 1736 2081 na-

202 2114 292 2143 tura
314 2118 492 2156 asperum
521 2118 572 2143 ac
595 2118 839 2157 perversum,
867 2119 965 2157 prae
985 2103 1046 2143 his
1072 2103 1313 2144 carminibus
1333 2101 1493 2142 mollius
1523 2112 1578 2140 est
1598 2111 1633 2138 et
1654 2111 1735 2138 tra-

205 2158 406 2201 ctabilius.
464 2158 571 2199 Bene
592 2160 751 2216 facium
775 2159 883 2215 quod
909 2176 954 2200 ea
978 2163 1193 2200 amisimus.
1249 2160 1357 2200 Nam
1386 2161 1427 2198 in
1447 2174 1576 2198 eorum
1599 2156 1735 2197 lectio-

205 2233 255 2256 ne
283 2217 440 2256 nonnisi
456 2216 597 2272 ferrea
622 2216 937 2258 addisceremus:
982 2219 1140 2272 iamque
1166 2216 1300 2267 video,
1332 2218 1413 2256 iam
1438 2215 1583 2272 fateor
1606 2224 1735 2265 posic-

207 2275 353 2314 riorum
378 2271 618 2313 Graecorum
637 2273 803 2326 Musas,
846 2272 980 2314 nullas
997 2277 1174 2328 gratias,
1215 2273 1349 2314 nullas
1367 2288 1517 2312 veneres
1543 2270 1735 2320 hahuisse,

207 2341 243 2370 et
262 2331 408 2370 omnia
414 2340 569 2383 praeter
587 2330 800 2370 humanum
820 2347 1031 2372 sermonem
1051 2347 1163 2386 saepe
1185 2330 1352 2371 locutas.
1413 2329 1516 2369 Vide
1546 2341 1647 2380 quae
1669 2342 1737 2366 an-

206 2388 434 2427 notavimus
460 2401 584 2439 supra
608 2400 696 2438 pag.
721 2392 789 2432 87.
811 2389 857 2427 A.
889 2390 939 2428 ad
972 2389 1191 2427 Omeulum
1211 2388 1467 2427 Trallianum.
1505 2399 1655 2425 BOIVIN.

323 2447 555 2498 flung-309,
589 2447 654 2486 11.
715 2446 817 2500 Περὶ
837 2449 894 2488 ὠν
919 2442 1200 2511 οἷοιδηλότερον
1221 2444 1323 2498 ’ἡμῖν
1342 2445 1386 2486 ἐν
1401 2448 1485 2492 τοῖς
1507 2443 1737 2497 ἔμπροσθεν

206 2501 422 2552 λελέξεται]
454 2502 567 2550 Quae
585 2502 781 2553 Gregoras
804 2504 1015 2556 promittit,
1047 2518 1091 2542 ea
1111 2505 1275 2555 exsequi
1296 2516 1377 2541 non
1399 2502 1495 2540 satis
1516 2507 1639 2539 curat.
1671 2499 1738 2537 Sic

209 2573 333 2612 supra
357 2559 427 2600 lib.
448 2559 477 2599 Ι.
510 2572 597 2611 cap.
618 2558 650 2597 I.
678 2567 776 2601 sect.
795 2564 836 2604 3.
863 2562 998 2601 nescio
1021 2561 1117 2613 quid
1137 2561 1374 2613 pollicetur,
1408 2560 1517 2611 quod
1541 2571 1738 2610 nusquam

209 2616 264 2712 ᾗ)
283 2630 329 2655 eo
350 2616 587 2669 praestitum
610 2623 778 2658 constat.
818 2619 921 2659 Vide
950 2625 991 2659 et
1018 2618 1116 2670 quid
1137 2619 1345 2671 promittat
1375 2616 1494 2656 huius
1522 2615 1616 2654 libri
1647 2627 1737 2666 cap.

289 2680 387 2712 sect.
411 2677 450 2716 3.
507 2687 656 2714 ΒοινῙΝ.

326 2733 421 2784 Pag
445 2734 551 2782 310,
581 2730 620 2773 5.
682 2729 821 2772 Πολλα
846 2748 922 2788 γαρ
955 2732 1110 2787 κραίνει
1137 2730 1259 2784 θεός]
1304 2731 1490 2784 Euripid.
1522 2730 1561 2768 in
1585 2727 1737 2778 Medea,

217 2786 744 2839 Alcestide,etc.no1vm.

327 2847 424 2897 Pag·
456 2848 564 2895 311,
594 2849 664 2889 21.
723 2841 958 2902 Εὐριπίδῃ]
990 2845 1154 2886 Hecuba
1177 2859 1215 2885 v.
1237 2844 1334 2889 294.
1392 2858 1547 2885 ΒοινιΝ.
