1754 3164
545 164 1022 211 ANNOTATIONES.
1096 171 1112 177 ''
1409 162 1539 213 1273

119 273 225 325 Pag.
257 273 360 320 697,
388 273 456 313 20-
515 268 600 312 Καὶ
623 267 828 323 διαδόχοις
847 268 998 314 ἐνθάδε
1017 274 1104 313 τῶν
1131 269 1324 327 θρίνων]
1357 274 1540 329 Θρόνους

6 335 129 368 vocat
155 327 283 367 sedem
301 327 550 382 panificium
571 342 641 368 seu
664 327 988 382 patriarchalem.
1019 329 1086 368 Sic
1109 329 1215 370 infra
1241 331 1312 370 lib.
1338 333 1426 373 XV.
1452 349 1538 388 cap.

7 386 78 425 111.
105 399 195 439 pag.
216 386 312 428 473.
330 386 375 424 Ε.
433 398 584 424 BOlVlN.

124 447 218 496 Pag.
247 445 352 491 702,
385 445 425 485 9·
491 446 554 499 Τῷ
583 443 742 494 βασιλεῖ
767 440 844 495 τήν
875 442 1080 497 θυγατέρα
1108 444 1254 485 δοῦναι
1282 442 1414 500 γάμου
1441 449 1540 503 etc.]

7 501 64 541 De
85 500 164 539 hoc
195 498 364 538 consilio
384 499 620 551 Apocauchi
643 501 751 549 silet,
781 500 824 538 ni
851 501 984 550 fallor,
1016 502 1334 543 cantacuzenus.
1361 518 1538 547 numme.

125 560 218 610 Pag.
248 559 355 605 702,
387 559 451 597 11.
512 556 676 608 Λέσβον
714 556 784 597 καὶ
822 558 925 599 Χίον
963 556 1245 611 ἄλλαξαμὲνων
1276 562 1417 615 σφῶν]
1478 564 1539 604 lta

6 615 125 655 etiam
145 613 283 653 Codex
301 612 531 653 Vaticanus.
591 615 673 654 Sed
695 615 910 667 legendum
929 615 1091 655 videtur
1113 612 1384 670 ἀλλαξάμενος
1408 625 1538 673 σφῶν.

4 685 157 712 Βοινυῑ.

122 731 216 782 Pag-
244 731 352 778 702,
384 730 449 771 14.
510 730 610 776 Παῖς
635 730 690 784 τῷ
719 724 914 780 μανιώδει
945 731 1018 782 τῆς
1041 726 1204 784 γνώμης
1233 733 1537 789 προδεδωκυῖα]

5 787 51 825 In
74 786 222 825 Codice
241 785 434 825 Vaticano
456 785 524 824 fol.
544 785 611 828 75.
633 798 693 834 v.,
721 786 826 824 inter
847 800 988 825 vocem
1016 783 1180 840 γνώμης
1206 796 1245 827 et
1266 803 1407 829 vocem
1437 809 1540 846 προ-

9 845 226 894 δεδωκυῖα,
257 855 430 882 vacuum
451 849 512 881 est
533 842 707 894 spatium
726 843 903 895 quinque
925 844 1162 884 litterarum.
1192 846 1421 897 Legendum
1444 864 1540 903 pro-

7 902 76 940 cul
105 901 229 940 dubio
258 899 288 954 ἦ
308 898 437 941 ’‘Avva
464 901 756 953 προδεδωκυῖα.
816 900 1018 941 omissum
1047 916 1195 942 nomen
1229 904 1444 946 formidine
1474 907 1540 946 su-

6 959 98 1009 stis,
129 964 200 997 aut
221 958 339 997 etiam
358 957 522 995 maioris
543 971 708 1009 poenae.
765 971 918 996 BOIVIN.

123 1019 220 1069 Pag.
250 1018 357 1065 702,
390 1018 454 1057 16.
511 1012 617 1055 ‘Tuto'
641 1014 902 1066 ζηλοτυπίας]
933 1016 998 1054 Sic
1025 1015 1131 1054 infra
1158 1016 1229 1057 lib.
1250 1018 1337 1057 XV.
1358 1033 1444 1071 cap.
1469 1021 1536 1060 IV.

6 1079 102 1112 sect.
124 1072 165 1115 4.
196 1072 374 1111 omnium
390 1072 589 1110 malorum
621 1079 744 1124 caput
763 1079 803 1110 et
825 1085 943 1110 causa
973 1074 1164 1112 statuitur
1186 1073 1216 1126 ἦ
1236 1078 1309 1126 τῆς
1334 1077 1540 1128 βασιλίδος

0 1128 150 1183 ’Ἀννης
171 1126 384 1182 ζηλότυπος
406 1128 475 1170 καὶ
494 1127 728 1183 χαιρέκακος
752 1125 910 1182 γνώμη.
941 1129 1039 1168 Item
1058 1130 1208 1170 ibidem
1227 1139 1322 1173 sect.
1344 1134 1384 1176 5.
1400 1134 1539 1174 eadem

7 1188 122 1227 Anna
147 1193 333 1238 notatur,
362 1193 409 1225 ut
438 1183 493 1240 μή
517 1186 719 1240 δυναμένη
745 1182 1000 1228 παντάπασιν
1028 1183 1243 1242 ἀνανῆψαι
1265 1193 1339 1230 τοῦ
1369 1193 1443 1244 τῆς
1471 1193 1539 1245 ζη-

6 1245 200 1295 λοτυπίας
228 1241 408 1293 πάθους.
463 1257 617 1284 1301le-

123 1305 219 1356 Pag.
246 1305 353 1352 702,
386 1304 451 1344 19.
515 1303 599 1342 Τοῦ
642 1299 785 1355 ἔρωτος
823 1301 1042 1350 πείθοντος
1079 1334 1088 1343 .
1108 1334 1118 1344 .
1140 1332 1151 1342 .
1173 1329 1185 1341 .
1207 1315 1261 1344 σα
1303 1304 1395 1356 βίον
1436 1305 1536 1358 etc.]

7 1361 134 1400 Paulo
156 1360 250 1412 plus
267 1359 388 1412 spatii
408 1365 526 1398 vacat
549 1358 593 1396 in
612 1358 758 1397 Codice
779 1358 984 1399 Vaticano,
1025 1358 1115 1398 Hoc
1134 1359 1225 1399 loco
1249 1360 1450 1412 Gregoras
1468 1376 1539 1402 ne-

8 1418 92 1457 scio
118 1431 235 1469 quem
255 1418 455 1468 Augustae
480 1430 656 1455 amorem
681 1416 852 1454 obscure
874 1416 1039 1455 indicat.
1094 1430 1248 1456 noxvm.

124 1478 221 1528 Pag.
246 1476 352 1523 702,
383 1477 468 1517 21.·
515 1471 632 1526 Ψυχή
659 1471 735 1528 γαρ
764 1470 1100 1527 ἄπαιδαγιόγητον
1128 1471 1284 1527 ὄῖγουσα
1316 1475 1409 1527 βίον
1435 1474 1538 1528 etc.]

9 1532 295 1584 Complicatam
326 1537 364 1570 et
385 1530 593 1583 perplexis
616 1530 830 1569 verborum
857 1530 1088 1581 ambagibus
1110 1531 1333 1570 involutam
1363 1533 1538 1571 auctoris

9 1596 181 1629 mentem
206 1602 286 1626 non
306 1588 422 1641 potui
442 1587 603 1627 omnino
627 1588 830 1627 evolvere.
889 1601 1042 1627 1301le-

125 1649 219 1699 Pag.
249 1649 347 1695 703,
379 1648 444 1687 11.
479 1643 563 1697 Τήν
579 1660 620 1685 τε
640 1641 903 1698 Κομοτηνήν]
936 1639 1249 1697 Κουμούτζηνον
1269 1644 1419 1685 dicitur
1438 1641 1542 1684 Canss

7 1712 204 1745 tacuzeno
223 1703 293 1744 lib.
315 1702 384 1741 111.
406 1716 494 1755 cap.
515 1705 580 1745 67.
602 1706 671 1744 71.
693 1708 733 1740 et
752 1702 861 1740 alibi.
919 1715 1092 1742 nocane.

125 1758 291 1801 Ibidem.
352 1759 434 1800 Καὶ
459 1757 535 1811 τὴν
556 1762 804 1812 Γρατιανοῧ]
845 1758 1023 1798 Meminit
1053 1759 1355 1798 cantacuzenus
1378 1759 1448 1800 lib.
1469 1759 1538 1800 ΙΙΙ.

11 1831 98 1870 cap.
121 1820 188 1861 69.
214 1823 354 1870 captae
382 1816 728 1867 Gratianopoleos.
786 1829 958 1854 numne.

128 1877 224 1928 Pag.
253 1877 358 1924 703,
391 1878 457 1917 12.
515 1871 772 1925 Μομιτίλου]
805 1872 886 1919 Qui
902 1884 1003 1910 mox
1021 1870 1263 1922 Μομιτίλας.
1292 1872 1541 1923 Μομιτζίλος

10 1946 108 1973 vero
129 1932 278 1971 dicitur
300 1932 578 1970 Cantacuzeno
599 1931 670 1968 lib.
692 1929 761 1969 ΠΙ.
789 1942 878 1982 cap.
898 1933 968 1972 70.
989 1927 1057 1967 ubi
1081 1941 1164 1967 rem
1186 1935 1334 1969 narrat.
1363 1943 1540 1968 nummo.

129 1992 226 2042 Pag.
255 1987 360 2037 704,
393 1992 461 2032 20.
520 1983 713 2040 Σύμβολα
742 1989 814 2038 τῆς
849 1987 1086 2037 δεσποτικῆς
1117 1980 1233 2034 ἆξιάς
1261 1986 1304 2027 οἵ
1327 1982 1541 2036 Βυζάντιοι

11 2045 265 2099 πέμπουσιν]
306 2045 430 2097 Atqui
457 2045 684 2097 despoticae
708 2044 910 2094 dignitatis
937 2042 1107 2094 insignia
1128 2042 1287 2081 demum
1309 2044 1428 2082 missa
1450 2049 1543 2096 post

15 2105 202 2156 adeptam
217 2117 267 2142 ex
290 2103 567 2141 Cantacuzeno
590 2102 798 2140 victoriam
825 2100 966 2139 scribit
987 2100 1095 2139 idem
1119 2100 1430 2141 Cantacuzenus.
1460 2101 1543 2140 Cu·-

12 2161 185 2201 iusmodi
203 2174 301 2199 vero
321 2160 473 2199 suerint
497 2159 730 2212 despotatus
748 2158 916 2210 insignia
937 2157 1056 2198 docet
1069 2157 1247 2196 eodinus
1265 2158 1315 2197 de
1335 2158 1452 2199 Offic.
1469 2159 1542 2197 Pa-

13 2218 100 2258 latii
120 2232 207 2271 cap.
228 2218 297 2257 111.
354 2230 535 2257 numne.

127 2278 231 2329 Pag-
259 2275 364 2327 705,
394 2278 434 2318 6.
491 2268 830 2327 Μοσινούπολιν]
858 2271 919 2312 De
939 2285 1018 2325 qua
1046 2272 1196 2324 egimus
1224 2271 1277 2311 ad
1296 2271 1543 2311 Villhardui-

12 2346 125 2373 num.
181 2346 351 2372 numne.

131 2392 228 2444 Pag.
256 2390 358 2440 705,
391 2392 458 2432 17.
516 2390 664 2429 Δοκεῖν
689 2383 793 2427 εἶναι
814 2382 1019 2440 φύεσθαι]
1050 2387 1228 2426 Verbum
1258 2382 1360 2427 εἶναι
1381 2384 1543 2423 videtur

17 2460 91 2486 suo
109 2447 200 2486 loco
225 2453 378 2486 motum
402 2445 539 2485 fuisse.
598 2444 826 2496 Legendum
845 2444 1028 2495 fortasse,
1060 2440 1189 2497 αὐτήν
1206 2439 1309 2484 καθ’
1337 2440 1463 2492 αὑτήν
1489 2437 1543 2480 εἶ-

15 2520 87 2546 ναι
105 2501 181 2558 τήν
201 2501 460 2559 ὖπογραφήν,
492 2501 562 2544 καὶ
579 2499 655 2544 δύο
672 2504 767 2555 μιᾶς
780 2517 890 2550 τινος
909 2502 1020 2555 ῥίζης
1040 2502 1173 2543 δοκεῖν
1197 2496 1376 2553 φύεσθαι
1397 2497 1544 2550 δένδρα

17 2567 95 2602 etc.
151 2575 304 2602 nmvm.

134 2621 230 2672 Pag.
259 2620 365 2669 705,
394 2622 463 2661 21.
508 2615 715 2671 ”Εγειραι]
746 2615 853 2654 Paul.
877 2615 952 2668 Ep.
983 2614 1035 2654 ad
1055 2615 1200 2667 EpheS.
1225 2627 1310 2665 cap.
1330 2611 1367 2653 5.
1395 2622 1543 2651 Bolvm.

133 2673 298 2714 Ibidem.
353 2674 397 2716 ‘O
417 2672 646 2723 καθεύδων,
675 2672 743 2714 καὶ
763 2669 944 2725 ἀνάστα]
974 2673 1121 2712 lisdem
1146 2670 1278 2711 verbis
1304 2668 1402 2707 haee
1419 2667 1546 2706 refert

21 2732 285 2771 Cantacuzen.
308 2732 378 2774 lib.
401 2732 472 2771 111.
495 2746 583 2785 cap.
603 2733 669 2774 70.
727 2743 902 2768 nocue.

131 2791 233 2842 Pag.
264 2789 367 2839 705,
396 2793 464 2832 22.
523 2785 673 2835 Εὕθύς
699 2802 740 2827 τε
768 2782 1138 2840 διαγρηγορήσαντα
1161 2812 1169 2820 ·
1195 2813 1204 2824 .
1229 2811 1238 2820 ·
1258 2811 1266 2819 -
1295 2778 1541 2832 α’ναστῆναι]

23 2847 323 2885 cantacuzenus
344 2846 449 2887 Hist.
478 2846 550 2887 lib.
578 2845 648 2886 111.
680 2858 764 2897 cap.
785 2848 852 2888 70.
883 2844 940 2884 ait
963 2858 1027 2894 se,
1057 2841 1189 2881 audita
1210 2840 1251 2878 in
1273 2838 1420 2877 somnis
1447 2850 1548 2876 voce

118 2912 335 2957 Nicephorus
357 2913 507 2958 Gregor.
539 2911 614 2946 Vol.
638 2910 685 2945 11.
1218 2898 1268 2937 81
