1754 3164
457 157 704 198 NOMINUM
733 157 800 197 ET
831 155 1131 197 VERBORUM.

57 261 113 298 17.
136 253 285 306 E'pirum‘
298 260 500 303 invasurus
523 259 676 307 Illyriam
694 271 763 294 va-

56 313 148 342 stat:
173 309 207 343 Γ
210 319 312 343 nrcos
333 307 517 343 auxiliares
531 308 661 353 praeda
677 318 764 341 onu-

55 360 128 389 stos
151 354 314 390 dimittit:
346 354 451 400 Epiri
477 354 673 401 principatu
700 365 764 398 po-

54 400 143 436 titur
172 400 456 443 544,19.eum
493 399 764 435 Thessalonicae

54 446 189 483 detinet
215 447 317 482 lienis
343 448 482 482 morbus
506 448 589 490 550,
618 448 652 483 9.
689 447 764 492 By-

56 494 206 528 zantium
223 493 331 535 venit,
354 494 488 529 infirma
504 494 683 528 admodum
701 505 765 527 va-

54 539 227 575 letudine:
260 519 403 575 medicis
425 542 651 587 undecunque
671 540 765 574 acci-

55 586 126 629 tis,
177 599 241 621 suo
279 586 454 621 arbitratu
495 588 605 622 vivit:
647 587 764 621 morbo

57 633 186 680 splenis
198 633 483 678 ingravescente,
506 634 680 679 Deipsrae
692 634 766 667 Ho·

56 680 236 725 degetriae
252 680 413 726 templum
425 680 514 726 petit
526 681 604 722 554,
615 682 703 725 8-eg
705 692 766 714 re-

56 727 148 772 giam
186 726 374 762 orationem
410 727 516 761 habet
552 727 589 762 in
623 727 765 772 Synodo

56 779 178 808 contra
206 774 421 808 Barlaamum
447 773 583 809 habita:
624 775 766 818 Grego-

57 832 130 855 ram
168 820 346 855 absentem
376 820 552 854 desiderat
586 821 670 862 558,
709 821 765 857 17.

56 867 176 902 morbo
208 878 342 901 rursum
367 866 654 911 ingravescente,
694 879 768 902 mo-

58 913 248 948 nasterium
266 913 503 958 Hodegetriae
520 914 632 948 denuo
649 914 768 958 ingre-

57 959 175 994 ditur:
206 960 243 994 in
270 959 461 1006 lethargum
483 960 626 995 incidit:
661 971 768 1005 aegre

59 1007 350 1052 expergefactus,
396 1007 549 1042 medicos
595 1009 766 1042 arcessit:

59 1053 105 1087 ad
140 1054 334 1098 Gregoram
361 1053 485 1096 mittit,
529 1053 588 1099 qui
616 1054 767 1088 interro-

58 1104 144 1145 gent
167 1111 211 1135 an
235 1106 330 1134 astra
349 1100 457 1135 amica
482 1100 573 1134 sint:
603 1100 767 1135 moritur:

58 1146 154 1180 vitae
182 1151 220 1181 et
251 1146 387 1192 imperii
423 1152 558 1192 tempus
591 1148 674 1188 559,
711 1147 769 1182 13.

59 1192 164 1236 1244,
182 1192 239 1229 34.
256 1205 368 1228 mores
393 1201 430 1228 et
451 1193 626 1239 ingenium
644 1193 769 1228 derun-

59 1240 108 1274 cti
137 1239 306 1286 principis
333 1242 415 1281 565,
454 1242 509 1276 13.
540 1241 769 1275 Romanorum

58 1286 304 1332 imperatorum
318 1286 479 1321 instituta
491 1287 662 1342 neglexit.
686 1290 769 1321 aves

60 1339 97 1368 et
129 1344 233 1368 canes
262 1333 348 1368 aluit
384 1333 537 1368 maximis
571 1333 770 1389 sumptibus

58 1381 217 1422 565,19.
241 1379 316 1414 Deo
340 1380 471 1422 fretus,
507 1379 660 1426 pericula
684 1392 767 1415 con-

60 1426 201 1472 tempsit
223 1426 305 1469 566,
329 1428 382 1462 13.
407 1426 570 1472 dignitati
591 1439 674 1462 suae
700 1438 768 1461 non

60 1473 146 1508 satis
165 1472 338 1508 consuluit
354 1474 437 1515 566,
462 1476 516 1510 19.
542 1473 708 1518 pileorum
732 1477 769 1507 et

59 1520 207 1554 vestium
227 1519 424 1554 discrimina
444 1519 603 1554 sustulit:
629 1521 715 1554 haec
732 1524 768 1554 et

60 1566 131 1601 alia
142 1566 370 1601 imminentem
388 1565 525 1612 imperii
542 1566 672 1600 ruinam
686 1577 768 1612 por-

61 1613 205 1647 tendere
247 1612 398 1647 credita:
460 1612 693 1647 Triballorum
733 1617 770 1646 et

61 1660 239 1705 Mysorum
264 1659 372 1694 duces
402 1660 647 1704 perterrefecit
686 1659 768 1701 562,

63 1708 119 1742 12.
143 1706 178 1740 in
204 1706 423 1740 Thessaliam
452 1711 574 1740 contra
597 1706 769 1751 Syrgian-

61 1765 138 1788 nem
168 1752 414 1798 proficiscens,
461 1752 582 1787 Ioanni
616 1753 768 1798 patriar-

61 1801 149 1834 chae
165 1811 304 1833 uxorem
324 1803 360 1833 et
378 1799 504 1834 liberos
519 1799 770 1834 commendavit

61 1848 144 1890 579,
170 1848 205 1882 6.
227 1846 382 1880 morbus:
415 1846 453 1880 in
481 1845 624 1891 Epirum
650 1846 769 1890 profe-

62 1893 134 1928 ctio
161 1893 242 1933 583,
271 1894 304 1929 5.
334 1892 494 1927 mandata
523 1893 566 1927 de
591 1893 703 1927 tutela
733 1896 770 1927 et

63 1939 359 1974 administratione
371 1939 507 1984 imperii
517 1940 597 1982 593,
612 1941 667 1974 16.
687 1939 769 1981 611,

61 1988 120 2023 23.
142 1986 224 2027 614,
241 1987 299 2022 23.
324 1987 405 2027 612,
426 1987 480 2020 11.
506 1987 586 2027 818,
603 1988 658 2021 10.
685 1997 770 2031 erga

63 2033 341 2068 Cantacuzenum
359 2032 614 2074 benevolentia,
638 2036 674 2066 et
687 2045 769 2078 gra-

62 2084 121 2114 tus
158 2078 289 2114 animus
328 2080 408 2120 581,
445 2079 502 2114 20.
527 2078 693 2114 iudicium
725 2079 770 2114 de

62 2138 144 2162 arce
175 2125 403 2172 Epibatarum
440 2132 476 2160 et
503 2125 548 2159 de
576 2125 650 2160 eius
677 2125 768 2160 arcis

63 2172 242 2207 conditore
265 2174 449 2218 Apocauco
468 2173 549 2214 603,
567 2173 601 2207 3.
623 2184 769 2206 comme-

63 2219 209 2254 moratio
229 2218 265 2252 in
277 2218 386 2253 sacris
398 2230 461 2264 per
477 2229 626 2254 errorem
644 2218 769 2253 omissa

63 2267 146 2309 879,
169 2266 206 2302 9.
229 2276 328 2300 error
352 2265 565 2311 postmodum
593 2269 768 2300 correctus

63 2312 151 2347 ibid.

17 2358 248 2396 Andronicus.
280 2357 372 2392 Vide
390 2358 535 2400 Asanes,
555 2358 768 2392 Cantacuze-

62 2418 149 2446 nus,
172 2405 339 2447 Muzalo,
364 2404 621 2451 Palaeologus,
646 2404 769 2440 Proto-

62 2452 258 2486 vestiarius.

16 2497 276 2542 Ἀνδρόπρωρα
294 2498 375 2541 965,
392 2500 425 2534 6.

18 2545 199 2582 anecdota
210 2544 374 2579 indicata.
399 2544 491 2579 Vide
511 2545 698 2589 Excerpta.

18 2591 190 2637 Angelus,
218 2591 439 2638 Assyriorum
466 2591 669 2627 interfector
686 2591 768 2633 968,

18 2663 184 2730 Angelus.

65 2728 237 2765 Alexius
226 2741 307 2775 imp.
328 2729 508 2765 Constant.
530 2742 551 2765 a
570 2729 770 2765 Marchione

66 2776 320 2812 Montisferrati
358 2777 519 2823 capitur:
574 2777 618 2810 ab
651 2775 770 2810 eodem

64 2822 244 2866 dimissus,
268 2834 398 2870 genero
414 2835 477 2859 suo
495 2823 680 2859 Theodoro
699 2823 769 2858 La-

1432 149 1564 196 1329

857 259 948 294 scari
976 257 1109 293 invidet
1147 260 1213 299 16,
1262 259 1317 294 13.
1359 259 1564 294 Iathatinem

857 307 1009 340 Turcum
1025 305 1153 340 socium
1170 305 1236 340 sibi
1255 306 1413 352 adiungit
1432 307 1487 348 17,
1508 312 1562 344 10.

857 353 972 387 victus
990 352 1128 398 capitur
1146 364 1166 386 a
1181 353 1332 386 Lascare
1348 356 1406 396 21,
1429 356 1482 389 16.

904 399 1054 434 Michael
1090 398 1309 433 Thessaliam
1350 404 1387 434 et
1420 400 1565 447 Epirum

902 445 1038 480 invadit
1061 447 1116 487 13,
1134 445 1169 482 9.

904 492 1055 528 Michael
1073 493 1210 529 nothus.
1234 491 1326 528 Vide
1342 494 1508 528 Michael.

902 539 1056 574 Michael
1097 538 1278 574 Michaelis
1321 541 1421 575 nothi
1457 541 1564 576 filius.

904 585 996 619 Vide
1020 585 1183 620 Michael.

905 632 1134 674 Theodorus,
1170 631 1334 667 Michaeli
1359 632 1463 667 fratri
1485 645 1565 669 suc-

858 678 973 714 cedit.
1005 678 1140 724 imperii
1172 679 1228 713 sui
1255 679 1343 714 fines
1369 685 1565 725 promovet.

859 725 1110 760 Thessalonica
1136 725 1213 770 ipsa
1239 726 1389 771 potitur,
1422 727 1565 762 absente

859 771 1116 806 montisferrati
1153 772 1372 807 marchione:
1416 772 1564 819 impera-

859 825 915 852 tor
954 819 1183 864 inauguratur
1224 819 1267 853 ab
1302 819 1564 866 archiepiscopo

858 866 1068 910 Bulgariae,
1117 870 1256 920 praeter
1290 878 1415 900 morem
1448 867 1564 912 legiti-

861 924 952 947 mum
973 914 1032 953 25,
1052 913 1110 948 23.
1144 912 1341 957 provincias
1370 925 1392 947 a
1415 913 1563 957 Latinis,

859 959 1021 1004 Bulgaris
1048 963 1084 993 et
1103 924 1246 1004 Sclythis
1268 959 1463 1002 desolatas,
1501 959 1566 996 im-

859 1017 952 1051 pune
982 1004 1161 1051 pervadit:
1213 1007 1327 1041 omnia
1358 1007 1563 1051 Byzantium

859 1064 972 1134 ¹:35⁰ss
986 1052 1563 1147 1335?ssisfa‘sssszffizfflssuzass}

859 1149 940 1186 tur,
964 1149 1170 1179 excaecatur
1184 1147 1241 1187 28,
1258 1148 1292 1182 9.

906 1192 1073 1235 Ioannes,
1111 1191 1347 1227 Cantacuzeni
1377 1192 1565 1248 imperato-

859 1237 908 1273 ris
921 1217 1239 1283 πρωτεξάδελφος,
1264 1250 1324 1273 seu
1338 1241 1471 1283 primns
1486 1252 1566 1274 con-

861 1286 1017 1320 sobrinus
1036 1286 1117 1326 628,
1136 1288 1169 1322 7.
1194 1286 1275 1327 657,
1298 1289 1326 1322 1.
1338 1286 1477 1321 iubetur
1494 1299 1565 1321 mu-

860 1331 936 1366 nire
957 1312 1119 1378 oppiduni
1142 1332 1314 1378 Pamphili
1340 1335 1420 1375 621,
1445 1335 1479 1369 3.
1508 1346 1565 1368 co-

859 1390 930 1413 mes
957 1379 1164 1424 longinquae
1184 1378 1414 1424 expeditionis
1433 1392 1454 1414 a
1472 1380 1565 1414 Can-

860 1429 1026 1460 tacuzeno
1053 1431 1236 1470 susceptae
1263 1426 1344 1467 636,
1366 1428 1400 1461 2.
1433 1427 1564 1460 Aetolis

860 1477 897 1506 et
936 1471 1117 1507 Thessalis
1158 1473 1377 1517 praefectus.
1425 1472 1564 1507 iubetur

861 1518 990 1564 primos
1007 1518 1152 1552 honores
1168 1520 1284 1553 Annae
1303 1524 1340 1552 et
1357 1519 1476 1553 Ioanni
1495 1520 1563 1553 Pa-

858 1564 1016 1609 laeologo
1034 1565 1189 1599 tribuere
1209 1565 1291 1606 644,
1310 1566 1343 1600 7.
1367 1566 1564 1601 Thessalici

860 1611 1073 1657 principatus
1103 1613 1277 1646 maximam
1304 1616 1435 1656 partem
1460 1624 1563 1647 recu-

860 1663 984 1704 perat:
1018 1658 1179 1700 Aetolos,
1212 1658 1341 1692 Locros
1357 1663 1392 1692 et
1410 1659 1563 1693 Acarna-

861 1715 923 1738 nas
942 1704 1090 1748 subigit:
1114 1705 1244 1739 Annam
1263 1705 1422 1739 rebellem
1451 1706 1561 1750 capit:

861 1751 1062 1797 quibusdam
1093 1755 1131 1785 ut
1163 1751 1300 1786 occidat
1326 1751 1562 1795 suadentibus,

862 1809 937 1832 eam
961 1797 1045 1831 dare
1068 1797 1103 1831 in
1122 1798 1308 1832 custodiam
1329 1798 1459 1832 mavult
1481 1799 1561 1840 657,

861 1842 917 1879 14.
963 1845 1172 1879 Berrhoeam
1207 1845 1252 1879 ad
1285 1845 1562 1880 Cantacuzenum

861 1890 958 1925 venit
977 1890 1058 1933 657,
1080 1893 1112 1926 1.

813 1932 1070 1982 Ἀγγελώνυμοι
1087 1939 1168 1979 318,
1184 1939 1243 1974 21.

814 1985 934 2019 Anima
957 1984 1237 2039 quemadmodum
1264 1995 1285 2018 a
1311 1983 1457 2029 singulis
1485 1996 1563 2018 cor-

860 2031 956 2077 poris
974 2031 1130 2066 membris
1115 2012 1388 2084 ..participetur‘
1391 2032 1493 2072 1102,
1507 2031 1561 2066 14.

814 2078 914 2113 Anna
930 2076 1329 2119 Alemanna‚Ma11fr‹›di
1346 2076 1487 2112 Siciliae
1506 2089 1564 2112 re-

861 2124 916 2170 gis
945 2136 1064 2165 soror,
1091 2123 1229 2159 Ioannis
1253 2123 1374 2158 Ducae
1398 2135 1484 2158 uxor
1511 2124 1561 2158 al-

860 2177 937 2206 tera
956 2171 1015 2212 45,
1037 2172 1072 2206 7.

814 2218 912 2252 Anna
940 2219 1115 2252 Comnena
1148 2217 1248 2259 1150,
1275 2214 1332 2252 42.
1368 2217 1471 2260 1157,
1503 2217 1559 2252 36.

862 2265 963 2307 1185,
985 2266 1044 2301 36.
1069 2262 1172 2306 1274,
1194 2265 1252 2300 31.

814 2322 913 2356 Anna
942 2321 1125 2356 Michaelis
1151 2320 1275 2365 Angeli
1309 2306 1402 2361 filia,
1452 2322 1560 2364 nupta

860 2368 1012 2414 principi
1031 2366 1259 2414 Peloponnesi
1281 2368 1337 2408 71,
1358 2368 1414 2401 22.

814 2427 913 2462 Anna
932 2426 1115 2460 Michaelis
1142 2424 1340 2469 Palaeologi
1363 2424 1391 2456 Ι.
1417 2422 1497 2467 imp.
1516 2434 1559 2457 ex

861 2484 982 2507 sorore
1000 2472 1148 2518 Eulogia
1174 2471 1304 2516 neptis,
1337 2469 1433 2503 nubit
1450 2469 1559 2504 Nice-

862 2520 973 2565 phoro
994 2519 1116 2554 Aetolo
1135 2520 1191 2560 92,
1209 2521 1243 2553 8.
1268 2518 1346 2558 130,
1369 2518 1422 2551 16.

816 2578 963 2622 Annan
953 2574 1031 2613 ἔκ
1063 2575 1240 2612 Παιόνων
1263 2573 1456 2608 Andronico
1476 2574 1556 2607 Seu.

863 2624 962 2659 nubit
982 2626 1063 2666 109,
1083 2626 1115 2659 7.
1140 2634 1182 2656 ex
1202 2620 1376 2665 Hungaris
1394 2619 1557 2654 oriunda:

863 2676 973 2706 mater
988 2668 1195 2705 Michaelis
1185 2679 1264 2713 imp.
1287 2672 1323 2702 et
1342 2666 1559 2700 Constantini

852 2718 1039 2764 ,Despotae
1054 2718 1133 2757 234,
1151 2716 1185 2750 7.

815 2776 913 2810 Anna
931 2773 1092 2809 Michalis
1118 2770 1269 2806 Palaeol.
1291 2770 1334 2806 11.
1354 2768 1437 2809 filia,
1463 2769 1557 2802 Tho-

861 2832 940 2857 mae
953 2820 1054 2867 Epiri
1079 2823 1115 2854 et
1142 2816 1295 2853 Aetoliae
1322 2814 1468 2862 principi
1496 2826 1558 2850 nu-
