1794 3172
245 133 346 182 608
648 138 963 186 NICEPHORI
991 139 1314 187 GREGORAE

27 262 67 295 A.
85 260 129 296 M.
144 252 235 297 6850
246 246 437 309 καθάπερ
466 247 680 306 δεσμώτην
706 248 1065 304 ὃιακελευομένας·
1108 249 1181 293 τὸν
1205 249 1248 292 δ’
1276 249 1389 309 αὐτῷ
1413 250 1723 311 προσανέχοντα

71 309 238 390 Inss1g73
250 320 429 378 στρατὸν
463 319 539 375 τὴν
569 320 768 374 ταχίστην
795 315 1095 373 ἓπανακοῖμψαι
1119 317 1223 375 πρὸς
1251 318 1300 361 τὸ
1324 320 1564 372 Βυζάντιον.

150 379 159 389 ’
215 412 244 447 Β
351 387 419 432 ια’.
463 389 516 432 Οἱ
535 389 611 444 μὲν
633 383 706 431 οὖν
738 388 780 430 ἐν
801 388 1016 446 Βυζαντίῳ
1035 384 1207 443 λογάδες
1227 391 1310 430 τῶν
1329 393 1404 432 τοῦ
1425 392 1724 447 Καντακουζηὲ

245 461 319 502 νοῦ
337 460 468 516 φίλων
491 459 559 500 καὶ
582 461 808 513 συγγενῶν,
845 458 913 499 καὶ
933 456 1010 499 σὺν
1029 455 1171 506 αὐτοῖς
1189 456 1285 500 ἔνιοι
1306 462 1390 501 τῶν
1409 456 1546 510 ἄλλως
1563 477 1724 518 προση-

213 534 216 537 ’
246 525 425 581 κόντων,
464 528 670 576 δείσαντες
687 525 746 581 μὴ
767 526 865 569 κατ’
888 525 1020 582 ἄνδρα
1050 524 1434 582 συλλαμβανόμενοι
1467 533 1543 585 τῆς
1565 527 1754 572 ἕαυτῶνό

116 608 157 643 V.
169 609 237 646 307
247 596 419 653 ’ἀνδρίας
447 584 595 646 ἀνάξια
628 593 826 648 πάθωσι,
863 596 1211 652 συναθροίζονταί
1237 613 1279 639 τε
1297 597 1401 655 πρὸς
1422 596 1513 649 ἑνός
1534 615 1645 649 τινος
1664 596 1727 641 οἷ-

247 683 319 708 κον
353 667 421 708 καὶ
457 662 842 721 κοινολογησάμενοι
867 661 1166 722 πρεσβεύονται
1185 663 1289 723 πρός
1316 683 1359 710 τε
1379 667 1452 711 τὸν
1470 666 1729 726 πατριάρχην

247 736 315 777 καὶ
349 734 423 777 τὸν
446 732 706 777 Ἀπόκαυκον
740 735 831 791 περὶ
860 737 935 776 τοῦ
964 733 1024 789 μὴ
1056 738 1208 777 παθεῖν
1237 751 1280 780 τι,
1314 740 1399 780 τῶν
1441 737 1728 795 φημιζομένων

212 806 393 849 Οδεινῶν
408 817 418 827 ·
453 804 559 859 μηδὲ
579 803 658 860 γὰρ
683 801 733 845 ἂν
763 802 982 853 ἀνέξεσθαι
1011 801 1257 860 παραλόγως
1290 802 1448 849 οὗτωσί
1461 823 1550 857 πως
1569 806 1729 863 ἀγεννές

247 890 287 916 τι
318 875 414 930 πρὶν
444 875 595 930 δρᾶσαι
622 877 795 915 παθεῖν·
840 872 938 923 τοὺς
972 871 1014 916 δ’
1048 872 1356 930 ἀποκρίνασθαι
1374 876 1450 931 μὲν
1474 875 1594 919 οὐδὲν
1625 875 1729 933 πρὸς
1741 877 1786 913 10

213 946 216 949 ’
249 940 424 993 αὐτούς·
459 943 707 997 πέμψαντας
745 941 789 984 δ’
822 940 902 985 ἇνιὶ
944 945 1027 984 πᾶν
1056 941 1103 985 τὸ
1143 940 1371 996 Βυζάντιον
1413 944 1627 988 ἀνασεῖσαι
1655 945 1729 988 τὸν

249 1011 371 1066 ὄχλον
403 1011 470 1054 διὰ
500 1016 583 1055 τῶν
620 1008 866 1066 δημάρχων,
905 1012 974 1055 καὶ
1003 1010 1228 1068 ἇναφλέξαι
1258 1013 1333 1069 τὴν
1363 1012 1513 1071 ἄλογον
1537 1016 1606 1057 καὶ
1625 1014 1732 1057 ἀτα-

248 1082 414 1136 μιέυτον
439 1085 515 1123 τοῦ
548 1078 682 1136 δήμου
709 1080 844 1138 φορὰν
876 1080 975 1124 κατ’
1012 1080 1150 1124 αὐτῶν
1170 1080 1331 1136 τόξοις,
1369 1086 1438 1126 καὶ
1469 1085 1623 1142 ξίφεσι,
1662 1085 1732 1126 καὶ

246 1150 537 1208 χειροπληθέσι
552 1151 793 1207 χερμαδίοις
813 1156 900 1200 τοῖς
925 1155 1216 1208 προστυχοῦσι.
1264 1151 1356 1211 (B.)
1382 1157 1519 1196 Τοῦτο
1542 1153 1593 1209 δὴ
1617 1152 1732 1210 παρὰ

205 1223 388 1267 Βπᾶσαν
423 1221 571 1262 ἐλπίδα
603 1219 822 1274 βλέποντες
864 1221 1028 1274 ἐκεῖνοι,
1066 1224 1142 1263 τοῦ
1165 1218 1358 1277 πλήθους
1379 1221 1459 1279 ’ἤδη
1487 1223 1789 1281 συῤῥέοντος15

227 1287 320 1331 'in’
355 1288 507 1339 αὐτοὺς
535 1289 640 1332 κατὰ
676 1289 891 1345 ποταμοὺς
930 1285 998 1333 καὶ
1039 1287 1174 1346 σμήνη
1204 1294 1409 1346 μελισσῶν
1448 1293 1516 1335 καὶ
1546 1292 1732 1350 χειμέρια

248 1355 451 1414 πελάγους
483 1356 684 1416 κύματα,
730 1357 958 1415 δραμόντες
998 1358 1301 1415 ἀνεμόχλευσαν
1338 1362 1439 1417 μιάν
1481 1361 1610 1411 εὐθὺς
1648 1365 1733 1405 τῶν

218 1432 222 1441 ’
250 1427 296 1470 ἐκ
324 1431 480 1470 πολλοῢ
513 1428 799 1483 κεκλεισμένων
826 1433 902 1471 τοῦ
930 1429 1087 1484 τείχους
1122 1433 1263 1473 πυλῶν
1283 1443 1294 1455 ·
1344 1430 1533 1474 κάκεῖθεν
1562 1428 1734 1482 ἐξιόντες

251 1496 405 1554 ᾤχοντο
437 1495 613 1548 ἅπαντες
643 1497 864 1552 ἀβλαβεῖς,
915 1500 983 1541 καὶ
1000 1496 1102 1556 ὑπὲρ
1124 1496 1320 1555 ἑξήκοντά
1346 1517 1428 1544 που
1450 1500 1522 1544 τὸν
1548 1500 1734 1558 ἀριθμὸν

248 1563 512 1622 ὑπάρχοντες.
549 1567 626 1622 τὴν
657 1567 733 1622 μὲν
753 1562 827 1610 οὖν
859 1566 1036 1626 ἑσπέραν
1065 1569 1240 1624 ἐκείνην,
1277 1571 1346 1612 καὶ
1368 1568 1457 1626 ἅμα
1478 1569 1555 1626 τὴν
1588 1568 1792 1627 ἔφεξῆςέο

249 1633 408 1692 ἡμέραν
428 1635 523 1693 ἄχρι
542 1637 676 1692 δείλης
695 1636 823 1692 ὀψίας
832 1670 846 1691 ,
885 1638 927 1680 ἒν
955 1636 1018 1680 ἑνί
1031 1654 1109 1680 τινι
1131 1636 1259 1697 χώρῳ
1292 1643 1376 1682 τῶν
1402 1643 1478 1682 τοῦ
1502 1641 1734 1692 Βυζαντίου

221 1704 485 1760 Εηῦλίσαντο
518 1707 795 1762 προαστείων,
846 1707 1127 1764 περιμένοντες
1160 1707 1259 1758 ἴσως
1283 1709 1327 1751 ἐκ
1346 1710 1576 1762 Βυζαντίου
1602 1706 1736 1766 πρᾶόν

249 1789 344 1816 τινα
364 1776 431 1816 καὶ
451 1774 555 1831 πρὸς
575 1773 740 1830 εἰρήνην
759 1774 966 1829 βλέποντα
985 1774 1119 1832 λόγον.
1157 1777 1241 1820 ἐπεὶ
1263 1779 1307 1821 δὲ
1329 1776 1405 1834 τήν
1423 1795 1466 1821 τε
1491 1783 1574 1822 τῶν
1598 1780 1737 1821 οἰκιῶν

252 1844 458 1900 αἰφνίδιον
492 1845 735 1901 καθαίρεσιν
771 1849 890 1902 σφῶν
917 1844 1183 1901 ἠκηκόεισαν,
1231 1847 1299 1889 καὶ
1323 1846 1543 1905 ἀπαγωγὴν
1567 1849 1635 1890 καὶ
1658 1845 1737 1903 δή-

252 1962 394 1987 carcere
410 1951 589 1995 iuberent;
613 1952 802 1989 exercitum
821 1956 945 1997 autem,
970 1965 1069 2000 quem
1088 1954 1146 1989 ille
1164 1953 1230 1990 sibi
1249 1955 1399 1991 habebat
1422 1957 1609 2000 addictum,
1634 1969 1738 2004 quam

253 1998 431 2033 celerrime
448 2000 653 2043 Byzantium
678 2001 818 2045 regredi
843 2002 1065 2046 imperarent.

350 2046 403 2081 11.
428 2046 535 2079 Amici
558 2046 678 2091 itaque
699 2047 926 2093 cognatique,
957 2059 1041 2094 quos
1060 2047 1324 2083 Cantacuzenus
1345 2048 1549 2085 lectissimos
1572 2050 1737 2097 Byzantii

252 2089 418 2134 habebat,
442 2097 477 2126 et
493 2103 566 2126 cum
589 2093 642 2126 his
662 2093 813 2127 nonnulli
833 2105 949 2128 eorum
971 2094 1031 2139 qui
1054 2094 1120 2129 alia
1138 2095 1387 2131 necessitudine
1406 2108 1480 2131 eum
1500 2098 1735 2142 attingebant,

252 2142 465 2179 metuentem,
490 2150 533 2172 ne
554 2139 679 2183 singuli
703 2140 938 2185 comprehensi
965 2140 1111 2175 fortibus
1133 2142 1220 2175 viris
1246 2141 1390 2187 indigna
1410 2148 1628 2188 paterentur,
1653 2156 1738 2178 con-

253 2183 396 2218 veniunt
419 2184 455 2218 in
474 2185 572 2218 unius
598 2185 770 2220 cuiusdam
791 2187 906 2221 aedes.
954 2187 1007 2221 Ibi
1034 2187 1273 2233 colloquuntur
1298 2189 1390 2223 inter
1415 2202 1473 2231 se,
1496 2191 1670 2236 missaque
1691 2190 1737 2225 ad

253 2229 486 2275 patriarcham
519 2235 555 2264 et
579 2232 795 2277 Apocaucum
824 2232 997 2277 legatione
1020 2234 1214 2278 postulant,
1238 2247 1281 2269 ne
1306 2247 1420 2270 eorum
1440 2237 1622 2279 malorum,
1647 2249 1737 2282 quae

255 2276 347 2310 fama
366 2276 434 2310 iam
451 2276 686 2320 nunciaverit,
711 2279 816 2312 ullum
834 2279 899 2313 sibi
920 2279 1110 2314 inferaturt
1135 2292 1197 2315 nec
1218 2281 1304 2316 enim
1322 2293 1381 2316 eos
1400 2294 1476 2317 esse
1495 2295 1544 2324 se,
1569 2284 1628 2329 qui
1648 2284 1737 2318 citra

254 2322 357 2356 ullam
386 2323 551 2367 rationem
575 2323 753 2369 indignum
777 2325 926 2370 aliquid,
949 2332 1128 2372 antequam
1149 2327 1315 2369 fecerint,
1340 2329 1474 2373 passuri
1492 2330 1572 2364 sint.
1620 2331 1667 2364 At
1686 2329 1738 2363 illi

257 2368 305 2403 nil
326 2368 376 2403 eis
394 2369 624 2415 respondere:
648 2372 711 2405 sed
729 2372 891 2407 mandata
908 2384 970 2418 per
992 2376 1099 2407 totum
1117 2374 1322 2419 Byzantium
1339 2375 1494 2413 mittere:
1519 2375 1652 2420 plebem
1675 2387 1738 2422 per

258 2415 417 2450 tribunos
442 2415 610 2451 incitare:
643 2429 780 2452 caecum
802 2422 906 2464 atque
929 2418 1114 2454 effraenem
1135 2420 1232 2466 vulgi
1255 2421 1416 2466 impetum
1433 2422 1618 2456 incendere
1643 2422 1737 2464 telis,

258 2460 406 2505 gladiis,
437 2474 477 2497 ac
497 2462 679 2498 missilibus
699 2463 880 2509 lapidibus.
928 2466 1011 2509 (11.)
1038 2466 1139 2507 Quod
1163 2478 1238 2501 cum
1259 2467 1319 2501 isti
1336 2471 1474 2512 praeter
1494 2480 1588 2513 spem
1608 2479 1738 2503 omnem

257 2507 491 2551 intuerentur,
516 2509 733 2545 multitudine
755 2511 918 2545 torrentis
944 2512 1074 2554 instar,
1106 2523 1252 2558 apumve
1280 2514 1467 2556 examinis,
1498 2519 1558 2548 aut
1575 2515 1738 2549 hiberno-

258 2564 332 2587 rum
350 2554 465 2599 pelagi
485 2554 671 2598 fluctuum,
698 2556 764 2591 iam
782 2557 998 2601 confluente,
1023 2570 1206 2594 cucurrere
1223 2559 1267 2593 ad
1282 2572 1382 2594 unam
1403 2571 1446 2594 ex
1462 2571 1632 2595 murorum
1657 2572 1739 2606 por-

256 2598 305 2641 ,tis
323 2599 520 2645 iampridem
542 2601 686 2644 clausis,
711 2614 821 2648 eaque
847 2604 962 2638 statim
988 2611 1142 2640 reserata
1161 2606 1295 2651 egressi
1314 2618 1428 2640 omnes
1448 2606 1631 2641 incolumes
1657 2607 1739 2642 inde

258 2651 460 2689 evaserunt,
483 2648 552 2682 viri
569 2648 691 2694 opinor
707 2649 783 2695 plus
800 2661 899 2695 quam
918 2651 1111 2695 sexaginta.
1157 2651 1304 2687 Noctem
1321 2652 1440 2698 itaque
1459 2653 1564 2694 illam,
1587 2665 1628 2687 ac
1648 2654 1738 2688 diem

257 2699 457 2737 sequentem
479 2694 523 2728 ad
545 2706 726 2740 vesperam
753 2707 883 2741 usque,
914 2696 950 2731 in
974 2698 1166 2732 suburbano
1187 2699 1330 2743 quodam
1349 2699 1492 2744 praedio
1516 2707 1739 2741 manserunt3

254 2737 406 2773 sortasse,
434 2744 696 2786 exspectantes,
721 2742 833 2787 quoad
851 2742 1020 2789 benignus
1049 2743 1172 2789 aliquis
1199 2749 1236 2778 et
1262 2744 1356 2790 pacis
1381 2749 1504 2780 auctor
1531 2745 1673 2781 nuncius
1695 2757 1738 2780 ex

256 2783 354 2818 Urbe
373 2786 568 2822 afferretur.
614 2788 800 2834 Postquam
819 2796 931 2824 autem
950 2794 986 2824 et
1003 2790 1175 2824 domorum
1194 2802 1329 2825 suarum
1353 2791 1500 2826 subitam
1527 2792 1737 2826 eversionem

256 2830 494 2877 resciverunt,
515 2832 808 2882 direptionemque
828 2841 864 2870 et
882 2835 1143 2882 publicationem
1162 2836 1214 2873 rei
1235 2837 1435 2880 familiaris,
1459 2838 1572 2874 omnia
1591 2838 1738 2884 denique
