1794 3172
261 163 364 213 998
503 147 507 151 ’
667 167 986 214 mcEPHom
1021 168 1347 216 GREGORAE

260 277 368 312 etiam
392 274 584 311 Cabasilas.
639 272 754 308 Huius
781 273 963 320 ingenium
984 277 1020 310 et
1043 274 1177 310 studia.
1228 275 1275 311 Ut
1292 275 1486 322 Gregorius
1503 277 1750 314 Nazianzenus

259 324 430 359 eiusmodi
446 323 598 357 homines
616 321 814 365 alloquutus
836 322 894 356 sit.
946 322 1127 367 Gregoras
1147 334 1247 357 suam
1271 328 1398 358 sortem
1426 324 1598 370 deplorat.
1646 327 1750 360 Salo-

260 371 372 405 monis
388 370 503 404 verba.
550 367 656 402 Darii
674 368 852 402 morientis
882 368 1146 413 apophthegma
1169 369 1243 413 (5).
1308 371 1433 404 Tomus
1458 372 1640 416 synodicus
1671 373 1750 406 inu-

261 418 380 452 sitatis
397 415 621 450 caeremoniis
642 420 872 449 consecratus.
921 416 1128 450 Auctoribus
1142 417 1271 460 probro
1289 421 1351 451 est.
1399 417 1599 452 Palamitae
1615 431 1750 464 magna

261 470 298 499 et
317 464 507 509 praeclara
528 461 734 506 imperatori
755 461 979 506 promittunt.
1037 462 1242 506 Byzantina
1264 463 1426 497 suburbia
1448 476 1471 498 a
1492 465 1651 499 Genuitis
1674 467 1749 499 Ga-

262 511 391 545 lataeis
417 508 656 543 incenduntur.
707 508 966 542 Palamitarum
980 509 1154 553 promissa
1179 510 1273 543 exitu
1292 510 1367 554 ipso
1395 511 1565 553 refittata.
1621 512 1750 546 Rerum

262 558 510 592 hodiernarum
538 566 613 589 cum
639 554 792 599 antiquis
813 556 1042 600 comparatio.
1103 555 1169 598 Qui
1192 556 1296 590 hodic
1318 557 1589 601 persecut-ionem
1602 559 1751 602 patiun-

261 609 341 645 tur,
366 614 482 637 eorum
510 601 663 635 conditio
686 602 786 645 peior
815 606 866 635 est
895 614 998 647 quam
1027 603 1221 646 antiquitus
1240 603 1330 646 fuit.
1381 603 1574 638 orthodoxi
1593 617 1662 638 non
1684 605 1751 638 Ιια-

262 651 341 685 bent
362 662 427 695 quo
438 649 604 695 fugiant.
644 648 828 692 Imperium
847 649 1104 694 angustissimis
1123 649 1255 692 finibus
1272 650 1561 695 comprehensum.
1607 652 1752 685 Somnia

258 697 468 742 prophetica
492 696 654 740 explosa5
678 695 783 741 idque
808 696 920 730 verbis
941 696 986 731 D.
1005 696 1154 738 Basilii,
1179 707 1268 741 quae
1292 697 1336 731 in.
1360 697 1558 733 Palamitas
1579 702 1661 743 apte
1686 699 1751 733 ad-

263 744 402 780 modum
419 743 550 779 cadunt
575 742 648 788 (6).

44 1014 81 1049 Α,
98 1014 143 1047 Μ,
162 1011 252 1048 6359
267 992 319 1039 α’.
360 964 483 1038 ,Hal
506 997 642 1036 ταῦτα
671 992 747 1048 μὲν
774 995 926 1035 τοῦτον
950 989 1040 1046 ἴσχε
1059 990 1131 1035 τὸν
1163 989 1345 1049 τρόπον,
1382 992 1450 1035 καὶ
1473 985 1583 1035 οὕτω
1602 991 1654 1035 τὰ
1678 996 1752 1048 τῆς

96 1057 238 1143 {gd-627
268 1064 462 1122 δευτέρας
492 1063 705 1121 καθέδρας
735 1060 896 1119 ἠνύετο.
942 1059 964 1104 ὃ
995 1061 1134 1116 μέντοι
1160 1061 1357 1116 βασιλεὺς
1386 1061 1494 1105 καθ’
1520 1060 1668 1108 ἑαυτὸν
1699 1066 1751 1119 τῇ

142 1132 150 1141 ’
261 1133 461 1194 ὑστεραίᾳ
489 1131 728 1190 γενόμενος,
769 1133 838 1175 καὶ
867 1131 1066 1184 συνιδών,
1105 1130 1162 1182 ὡς
1194 1132 1268 1175 οὐκ
1299 1129 1424 1175 εὔοδά
1457 1149 1574 1190 σφισι
1603 1132 1655 1175 τὰ
1677 1136 1753 1188 τῆς

226 1210 231 1215 ”
265 1204 371 1249 καθ’
398 1202 516 1260 ἡμῶν
537 1203 652 1247 ἔσται
687 1204 907 1258 ἐπιβουλῆς
917 1235 930 1255 ,
973 1203 1008 1244 εἷ
1029 1201 1088 1258 μὴ
1119 1206 1323 1260 παροῦσιν
1357 1199 1457 1258 ἡμῖν
1489 1203 1667 1244 ἔπιθεΐεν
1698 1201 1752 1245 τὰ

262 1272 553 1333 ψηφιζόμενα,
585 1271 659 1316 δύο
680 1276 902 1330 παρῆλθον
919 1269 1067 1328 ἡμέραι
1077 1305 1090 1325 ,
1125 1273 1193 1314 καὶ
1215 1269 1511 1330 μετάπεμπτον
1526 1270 1639 1327 ἴσχεν
1661 1272 1744 1326 ε’μὲ,
1758 1276 1780 1313 5

266 1347 335 1389 καὶ
354 1351 446 1394 ταῖς
465 1344 676 1393 εἲωθυίαις
700 1337 828 1393 αὖθις
853 1343 1057 1391 θωπείαις
1074 1358 1118 1384 τε
1139 1343 1208 1384 καὶ
1236 1346 1321 1385 τῶν
1340 1345 1566 1397 βασιλικῶν
1592 1342 1753 1384 ἐκείνων

224 1417 434 1471 Βδωρεῶν
454 1415 649 1471 7ἐπειρᾶτο
680 1412 933 1470 παραφέρειν
964 1412 1242 1468 ἐπαγγελίαις·
1281 1411 1355 1455 οὐκ
1379 1409 1495 1465 οἶδα,
1535 1410 1622 1454 εἴθ’
1651 1408 1754 1454 ἑκών

266 1481 665 1539 ἐπιλανθανόμενος,
696 1483 771 1526 εἴτ’
797 1482 907 1525 ἄκων
927 1479 1196 1535 ἇπατώμενός
1217 1498 1261 1524 τε
1283 1482 1350 1524 καὶ
1374 1478 1647 1538 συναρπάζειν
1665 1482 1754 1524 ε’πι-

262 1558 426 1612 χειρῶν.
465 1551 492 1596 ἃ
521 1553 599 1610 γὰρ
632 1552 680 1596 οὗ
706 1554 768 1603 δὶς
793 1554 861 1595 καὶ
889 1553 977 1610 τρὶς
1000 1548 1154 1606 μόνον,
1191 1550 1287 1593 ἀλλ’
1315 1549 1482 1602 ἑπτάκις
1499 1551 1622 1594 εἰπεῖν
1651 1548 1753 1593 ἔπτὰ

269 1624 416 1668 ’διελὼν
438 1625 506 1666 καὶ
531 1622 678 1676 εῗπὼν,
721 1624 790 1666 καὶ
811 1621 1056 1677 ἀποτυχὼν,
1094 1624 1229 1664 ταῦτα
1253 1624 1562 1679 παρεισκυκλῶν
1592 1620 1653 1663 ἀεὶ
1685 1622 1754 1663 καὶ
1767 1626 1794 1661 1«

268 1695 311 1746 ἐς
339 1693 474 1738 ταῦτιὶ
502 1695 819 1751 παλινδρομῶν,
859 1689 978 1750 ἕτερά
1006 1709 1049 1734 τε
1083 1693 1151 1734 καὶ
1182 1688 1365 1750 διάφορα
1388 1691 1492 1749 πρὸς
1511 1687 1755 1748 διαφόρους,

270 1767 339 1808 καὶ
362 1764 410 1808 οὗ
433 1763 538 1822 πρὸς
559 1763 630 1807 ἕνα
653 1764 723 1818 ἐμὲ
742 1763 795 1807 τὰ
819 1762 927 1805 αὐτὰ
939 1795 952 1815 ,
989 1762 1116 1819 λέγειν
1137 1759 1252 1821 ᾤετο.
1325 1759 1419 1819 (Β.)
1449 1759 1592 1816 ’Όμως
1621 1765 1756 1803 ταῦτα

233 1834 400 1891 Ολὲγων
434 1831 719 1892 προσενεκάλει
750 1833 804 1877 τὰ
842 1829 1045 1889 πρότριτα
1080 1829 1274 1888 γεγονόθ’
1305 1829 1429 1886 ἡμῖν,
1464 1824 1585 1887 ἡμῶν
1614 1834 1756 1873 καθα-

270 1902 495 1959 πτάμενος,
526 1903 585 1960 μὴ
610 1903 828 1947 συνιέντων
850 1904 983 1958 δῆθεν
1001 1905 1077 1958 τῆς
1096 1903 1283 1957 σπουδῆς
1304 1901 1455 1957 ἐκείνης
1475 1901 1542 1942 καὶ
1559 1903 1633 1943 τοῦ
1655 1916 1755 1942 σκο-

272 1978 354 2018 ποῦ
367 2006 380 2026 ,
421 1973 525 2031 πρὸς
553 1971 717 2031 εἰρήνην
738 1972 1019 2016 ἀστασίαστον
1038 1973 1306 2026 οἰκονομικῶς
1328 1971 1652 2027 σχηματίζοντος
1686 1970 1794 2012 καὶ1ε

272 2045 554 2093 ποικίλλοντος
572 2041 671 2094 τούς
697 2059 741 2086 τε
760 2034 908 2099 λόγους
944 2042 1012 2084 καὶ
1043 2040 1113 2084 διὰ
1135 2039 1286 2084 κύκλου
1313 2039 1448 2094 τινὸς,
1486 2037 1645 2096 ἀδήλου
1670 2045 1758 2089 τοῖς

276 2108 279 2110 “
1692 2100 1705 2120 Χ

369 2142 427 2178 10.
451 2137 631 2188 ἀπέτυχεν
649 2139 739 2177 coni.
759 2139 859 2175 Boiv.
953 2141 1010 2177 11.
1034 2137 1156 2177 ταύτὰ
1178 2139 1280 2176 Boiv.
1301 2150 1366 2186 pro
1384 2139 1516 2175 ταῦτα.

273 2210 344 2270 Et
359 2234 447 2269 haec
465 2233 602 2280 quidem
615 2234 667 2269 ita
684 2245 723 2269 se
740 2233 956 2276 habuerunt,
980 2236 1017 2268 et
1035 2233 1093 2268 hic
1110 2232 1190 2268 finis
1210 2232 1277 2267 fuit
1295 2232 1467 2268 secundae
1486 2229 1661 2266 sessionis.
1711 2229 1759 2265 At

275 2283 486 2327 imperator,
511 2281 572 2327 qui
599 2284 743 2326 postera
772 2280 829 2315 die
859 2292 972 2316 secum
1001 2280 1164 2326 privatim
1196 2279 1507 2320 animadverterat,
1532 2289 1598 2311 non
1619 2287 1760 2312 cessura

278 2339 358 2364 esse
377 2327 525 2362 feliciter
543 2339 605 2370 ea,
631 2339 719 2374 quae
737 2327 772 2361 in
790 2338 852 2361 nos
870 2327 1055 2362 machinati
1075 2330 1210 2369 essent,
1235 2327 1303 2361 nisi
1330 2326 1398 2372 ipsi
1424 2324 1664 2371 praesentibus
1695 2334 1759 2357 no-

277 2375 334 2411 bis
352 2386 427 2410 eam
451 2385 552 2420 quam
577 2374 737 2409 tulissent
766 2374 875 2419 legem
904 2375 1144 2421 imponerent3
1175 2373 1306 2408 duobus
1329 2384 1372 2407 ex
1403 2383 1444 2406 eo
1469 2370 1592 2406 diebus
1615 2369 1759 2415 elapsis,

278 2432 334 2458 me
357 2421 557 2457 arcessitum
581 2421 692 2456 solitis
718 2420 894 2456 blanditiis
915 2426 952 2456 et
973 2421 1110 2456 illarum
1136 2431 1255 2455 rursus
1278 2418 1499 2464 largitionum
1517 2416 1759 2463 principalium

277 2468 586 2515 pollicitationibus
610 2471 753 2503 conatur
769 2473 988 2514 pervertere3
1014 2467 1130 2503 nescio
1151 2471 1263 2501 utrum
1284 2469 1406 2511 sponte
1423 2465 1571 2506 oblitus,
1596 2475 1639 2498 an
1657 2474 1760 2509 prae-

277 2520 332 2551 ter
350 2515 559 2550 voluntatem
586 2514 772 2560 deceptus,
797 2518 833 2549 et
855 2514 1045 2561 obrependi
1070 2513 1186 2549 studio
1206 2513 1358 2547 delusus.
1403 2511 1572 2546 Nimirum
1591 2510 1643 2554 is,
1667 2521 1760 2555 quae

276 2562 425 2597 dicendo
454 2566 492 2596 et
518 2562 742 2608 exponendo,
765 2573 834 2596 non
856 2562 961 2596 solum
987 2562 1041 2596 bis
1062 2565 1208 2607 terque,
1233 2559 1294 2594 sed
1314 2562 1351 2593 et
1372 2558 1504 2604 septies
1529 2556 1629 2602 quasi
1650 2556 1760 2601 septi-

279 2616 354 2651 mo,
379 2609 427 2643 nil
450 2608 671 2655 profeceratj
694 2620 737 2643 ea
757 2619 832 2643 cum
851 2612 1028 2654 repeteret
1048 2618 1203 2654 semper,
1227 2609 1264 2641 et
1283 2605 1402 2640 eodem
1427 2604 1573 2639 subinde
1598 2613 1760 2638 recurre-

278 2661 356 2697 ret,
381 2655 450 2690 alia
467 2659 504 2690 et
533 2655 671 2690 diversa
701 2656 794 2700 apud
815 2655 973 2690 diversos
996 2655 1168 2696 homines,
1192 2664 1260 2688 non
1291 2655 1405 2687 autem
1435 2651 1554 2687 eadem
1586 2650 1679 2695 apud
1705 2661 1759 2683 me

279 2713 405 2745 unum,
429 2702 593 2737 dictitare
625 2714 663 2737 se
690 2701 937 2736 arbitrabatur.
994 2701 1081 2747 (ΙΙ.)
1106 2701 1239 2735 Tamen
1265 2699 1324 2733 ille
1345 2700 1431 2734 haec
1455 2698 1508 2733 sic
1533 2696 1760 2738 dicebatsut

279 2748 383 2783 etiam
402 2760 455 2791 ea,
475 2760 564 2794 quae
580 2749 697 2784 triduo
716 2753 796 2783 ante
814 2760 834 2782 a
852 2748 950 2783 nobis
965 2749 1062 2783 facta
1088 2750 1214 2789 essent,
1233 2745 1486 2787 criminaretur,
1509 2748 1546 2778 et
1562 2754 1625 2777 nos
1641 2741 1759 2777 verbis

280 2795 498 2841 corriperet3
522 2795 581 2842 qui
599 2795 684 2830 illud
706 2794 868 2830 videlicet
895 2795 1042 2830 studium
1071 2793 1317 2838 consiliumque
1335 2792 1411 2828 eius
1435 2803 1502 2826 non
1528 2789 1761 2825 intellexisse-

282 2852 376 2883 mus,
400 2848 574 2877 sermones
603 2853 685 2877 suos
703 2842 747 2878 ad
765 2841 863 2888 pacis
887 2842 1102 2876 concordiam
1127 2845 1231 2876 caute
1248 2844 1285 2874 et
1301 2838 1527 2885 providenter
1553 2846 1762 2882 componen-

282 2886 351 2931 tis,
376 2900 504 2935 eosque
526 2889 717 2933 variantis,
741 2900 782 2925 ac
811 2899 876 2936 per
902 2888 1069 2925 circuitus
1093 2887 1258 2936 quosdam
1280 2886 1387 2932 vulgo
1405 2885 1543 2932 ignotos
1566 2881 1760 2919 circumdu-
