1754 3164
153 151 283 200 1370

194 262 356 297 Palamae
373 262 479 296 verba
498 261 542 295 de
569 261 606 296 S.
636 261 775 307 Spiritu
799 263 901 303 1123,

197 312 251 345 10.
299 308 516 350 refutantur,
567 309 677 350 1129,
720 307 755 344 4.
798 310 902 344 Pala-

194 367 265 390 mas
283 355 374 399 quod
392 354 520 388 factum
549 353 613 395 sit,
646 354 682 388 id
710 355 900 390 increatum

195 401 314 436 statuit
339 402 441 442 1130,
468 400 523 436 14.
548 399 902 446 αὐτοχειροτόνητος

197 450 342 487 δίκαιος
360 449 460 488 1130,
479 449 536 482 21.
554 448 710 483 Palamas
729 454 764 483 et
786 450 901 483 Philo·

193 496 291 530 theus
323 493 359 527 in
388 494 606 528 Eucharistia
632 507 699 530 non
719 506 843 541 corpus
863 498 900 530 et

193 540 391 586 sanguinem
429 541 559 575 Christi
587 546 797 586 agnoscunt,
839 542 898 576 sed

192 592 314 633 typum
335 598 394 621 seu
412 587 556 631 figuram
573 589 675 630 1136,
694 590 725 624 6.
742 589 899 624 Palamas

195 633 282 668 dicit
306 633 550 668 humanitatem
574 640 807 680 consumptum
840 635 897 678 iri,

194 680 223 715 si
256 680 394 714 divinae
437 685 582 714 naturae
616 682 792 727 particeps
836 683 900 716 fiat

195 725 297 768 1141,
314 729 348 763 9.
371 727 614 761 Iconomachus
635 727 736 770 1142,
758 730 812 764 19.
838 728 899 762 iis-

195 774 270 808 dem
293 772 373 807 telis
408 774 594 818 configitur
625 776 752 820 quibus
778 775 900 810 Icono—

195 819 304 854 machi
339 818 449 861 1143,
481 822 535 856 11.
571 821 804 856 Icouomachis
838 834 900 868 pe-

194 867 247 901 ior
273 866 374 908 1146,
402 868 456 901 11.
479 866 715 902 Iconomachis
734 868 832 914 peius
855 869 898 903 de

195 912 418 947 Eucharistia
433 912 537 947 sentit
559 915 659 956 1139,
681 915 735 952 19.
755 915 898 950 omnium

194 960 383 994 haereseon
410 971 489 994 reus
516 958 618 1002 1140,
653 962 708 997 12.
750 961 897 996 Divinae

193 1005 443 1041 Incarnationis
494 1007 688 1052 mysterium
738 1014 899 1043 evertere

194 1058 360 1093 conatur,
384 1052 468 1089 ibid.
490 1053 571 1087 item
597 1055 701 1096 1145,
726 1057 780 1091 19.
804 1068 899 1090 παν-

192 1101 289 1144 ταχῆ
318 1097 462 1139 πάντας
503 1097 641 1142 κακούς
684 1099 725 1136 ἐν
769 1106 899 1143 κακοῖς

192 1143 410 1189 ὑπερβάλλει
436 1145 546 1188 1146,
578 1150 633 1184 16.
659 1147 819 1183 Palamae
843 1149 896 1183 in-

195 1192 339 1227 sectatio
364 1194 465 1234 1080,
491 1194 525 1228 5.
552 1194 655 1235 1106,
678 1194 711 1228 4.
740 1198 841 1238 1107,
860 1197 893 1231 5.

196 1241 308 1280 1129,
355 1241 410 1274 11.
459 1240 562 1281 1130,
605 1241 660 1276 17.
710 1241 823 1283 1134,
862 1245 894 1277 1.

195 1287 298 1328 1139,
321 1286 375 1321 16.
400 1288 436 1319 et
459 1286 596 1330 passim.
632 1287 733 1328 Quae
754 1293 790 1322 et
811 1292 898 1334 quot

193 1331 374 1377 scripserit
394 1333 496 1374 1317,
513 1331 570 1368 44-
586 1333 677 1367 Add.
697 1334 772 1368 eius
791 1346 898 1380 opera

192 1378 346 1413 indicata
369 1379 470 1420 1253,
493 1379 524 1412 8.
550 1380 653 1420 1281,
671 1382 705 1416 8.
736 1380 898 1426 Epistola

193 1424 239 1459 ad
267 1425 423 1459 Gabram
450 1425 560 1467 1275,
592 1427 650 1461 35.
686 1426 730 1461 ad
767 1428 897 1462 Annam

192 1472 381 1516 Augustam
402 1472 503 1512 1282,
523 1473 559 1508 2.
585 1471 710 1507 Oratio
731 1473 897 1508 adversus

191 1517 350 1552 Ioannem
377 1516 537 1552 calecam
565 1518 794 1563 patriarcham
824 1520 896 1556 ΟΡ.

194 1566 305 1607 1289,
338 1561 395 1600 34.
420 1564 504 1608 περὶ
538 1563 667 1610 φωτός
691 1568 804 1608 1303,
837 1569 895 1603 39.

192 1611 299 1645 verba
315 1622 359 1645 ex
374 1611 461 1646 Cod.
481 1611 549 1646 Ms.
576 1613 677 1653 1289,
695 1615 750 1648 10.
771 1614 897 1658 dogma

193 1657 237 1691 de
255 1658 293 1694 S.
317 1656 470 1702 Spiritus
488 1657 604 1702 gratia
624 1661 724 1701 1310,
745 1660 798 1695 11.
826 1661 897 1694 Pa-

191 1703 303 1738 lamae
321 1704 477 1738 doctrina
499 1709 668 1749 quatenus
694 1706 731 1739 in
750 1706 897 1741 ecclesia

193 1750 333 1784 Graeca
351 1750 538 1787 obtinuerit
560 1752 648 1788 1321
662 1777 673 1794 ,
701 1753 758 1787 22.
783 1765 896 1788 rerum

192 1807 214 1830 a
238 1796 378 1831 Palama
397 1809 460 1842 per
482 1809 588 1832 annos
613 1802 763 1844 quatuor
778 1805 896 1844 gesta-

191 1853 266 1877 rum
277 1843 511 1889 Chronologia
530 1846 630 1885 1281,
641 1847 674 1881 8,

144 1887 304 1923 Palamas
346 1894 382 1924 et
423 1890 613 1925 Palamitae
655 1892 834 1937 segregati
874 1905 896 1928 a

189 1935 441 1971 communione:
473 1936 572 1971 immo
604 1937 629 1971 ii
662 1938 723 1983 qui
750 1939 826 1973 illos
857 1939 894 1974 in

189 1982 453 2019 communionem
494 1982 694 2018 admiserint
733 1987 823 2027 792,
858 1987 893 2021 2.

190 2039 265 2062 cum
288 2029 484 2064 scarabaeis
503 2030 692 2074 comparati
712 2033 814 2073 1100,
835 2034 891 2067 18.

189 2079 226 2107 et
248 2086 323 2108 cum
346 2076 538 2110 vulturibus
573 2079 686 2121 1106,
724 2079 779 2114 13.
815 2090 892 2113 cum

189 2119 323 2162 Lamia,
345 2121 429 2155 ibid.

143 2165 344 2208 Palamitae,
355 2168 473 2202 Ioanni
483 2168 700 2214 patriarchae
713 2168 836 2204 infensi
846 2171 890 2205 ob

188 2212 369 2248 rescissum
393 2214 537 2250 Tomum
562 2217 652 2258 767,
679 2217 736 2252 23.
762 2218 889 2261 quibus

186 2258 319 2293 artibus
352 2263 482 2295 Annam
515 2261 614 2295 simul
647 2267 683 2296 et
717 2263 889 2298 Cantacu-

188 2316 307 2339 zenum
331 2305 397 2340 sibi
428 2307 697 2353 mancipaverint
728 2310 816 2352 785,
851 2312 890 2347 8.

189 2351 463 2387 Cantacuzenum
486 2354 654 2398 instigant
687 2354 723 2389 in
748 2357 888 2401 Grego-

187 2408 260 2432 ram
283 2398 371 2440 824,
387 2400 422 2435 2.
445 2399 568 2434 Irenen
592 2405 758 2436 conantur
779 2403 823 2436 ab
843 2415 885 2438 eo

186 2443 355 2479 alienare:
379 2446 422 2480 ab
447 2458 488 2480 ea
512 2447 597 2481 male
621 2449 768 2493 accepti,
792 2449 887 2483 Can-

185 2494 386 2526 tacuzenum
411 2496 586 2528 arcessunt
609 2495 688 2536 826,
715 2493 768 2530 14.
798 2507 884 2541 qua-

185 2535 249 2570 lem
274 2537 504 2582 patriarcham
527 2539 702 2575 voluerint
725 2543 813 2583 871,
849 2544 884 2576 8.

186 2583 231 2616 ad
249 2583 425 2627 Synodum
434 2584 560 2626 vocati,
582 2586 619 2620 in
630 2585 795 2622 interiore
806 2587 884 2622 aula

184 2628 368 2673 epulantur
385 2633 473 2673 896,
508 2634 563 2670 16.
594 2635 674 2678 post
707 2634 826 2678 epulas
849 2634 885 2668 in

183 2674 297 2709 Alexii
317 2676 499 2712 triclinium
521 2681 716 2715 transeunt:
739 2679 809 2714 illic
830 2679 884 2714 in-

187 2725 242 2755 ter
264 2733 303 2755 se
327 2723 467 2767 primum
491 2725 687 2760 consultant
718 2726 807 2768 898,
847 2724 883 2762 4.

183 2767 227 2800 ad
257 2767 365 2802 lumen
389 2769 600 2805 Thaborium
633 2775 802 2817 perpetuo
826 2783 884 2808 re-

183 2819 324 2849 currunt
349 2816 436 2853 1073
450 2842 460 2859 ‚
485 2819 539 2854 10.
563 2818 607 2853 de
629 2818 742 2863 gloria
765 2817 883 2855 divina

711 159 874 200 INDEX
906 160 1106 211 RERUM,

995 260 1135 306 impium
1167 260 1293 308 dogma
1324 262 1415 309 apud
1441 263 1616 309 Synodum
1642 276 1702 299 ex-

995 308 1136 352 plicant,
1161 308 1197 342 in
1208 322 1266 344 eos
1277 310 1425 356 populus
1437 310 1560 352 saevit,
1581 323 1703 356 egres-

994 353 1043 388 sis
1068 355 1303 398 Orthodoxis,
1350 357 1591 402 imperatorem
1617 359 1703 392 adu-

994 400 1128 435 lantur:
1177 401 1345 448 quidquid
1375 403 1477 438 libuit
1513 404 1705 439 decernunt

993 449 1084 490 977,
1108 450 1163 484 20.
1189 448 1435 484 Palamitarum
1470 449 1560 491 doli,
1593 452 1705 485 consi-

992 493 1099 535 lium,
1122 495 1251 528 fiducia
1274 497 1357 537 999,
1381 498 1413 532 8.
1438 496 1634 532 testimonia
1659 498 1703 532 ab

991 540 1035 574 iis
1071 541 1177 575 allata
1213 542 1455 588 expenduntur
1492 545 1600 585 1006,
1646 545 1703 579 18.

991 587 1182 621 Palamitae
1203 587 1355 623 victores
1388 588 1609 634 impudenter
1641 603 1703 625 ex—

992 633 1105 668 ultant
1142 635 1254 676 1021,
1287 636 1321 670 8.
1355 635 1509 681 praemia
1543 636 1593 670 eis
1618 637 1703 671 data

994 682 1097 722 1022,
1116 681 1151 715 5.
1177 692 1294 715 eorum
1309 681 1430 726 dogma
1447 682 1585 727 impium
1600 685 1701 725 1023,

994 725 1049 761 14.
1075 725 1221 761 saevitia
1234 728 1335 771 1024,
1355 730 1411 764 17.
1436 729 1567 763 Tomus
1585 730 1704 774 Syno-

993 771 1092 806 dicus
1139 774 1250 815 1025,
1285 776 1317 809 2.
1355 786 1482 819 magna
1520 780 1556 809 et
1595 787 1701 821 prae-

994 820 1089 854 clara
1121 819 1323 864 imperatori
1360 821 1563 868 promittunt
1598 823 1700 864 1030,

994 867 1049 901 12.
1089 866 1259 912 promissa
1299 867 1396 902 exitu
1429 868 1507 913 ipso
1546 869 1702 903 refutata

993 913 1106 954 1031,
1130 915 1189 948 22.
1226 913 1417 948 Palamitae
1451 925 1569 948 sacros
1593 914 1701 949 libros

990 959 1151 992 mutilant
1177 961 1286 1001 1008,
1318 962 1351 996 6.
1380 966 1507 1005 negant
1529 960 1702 995 Substan-

991 1004 1074 1039 tiam
1094 1005 1244 1040 divinam
1257 1006 1463 1052 participari
1475 1018 1577 1052 posse
1597 1009 1701 1049 1086,

989 1051 1025 1087 5.
1052 1051 1087 1085 in
1112 1052 1252 1086 Christo
1271 1054 1523 1098 transfigurato
1542 1056 1615 1087 tres
1633 1065 1701 1088 na·-

991 1102 1088 1132 turas
1113 1099 1298 1133 admittunt
1323 1102 1426 1142 1100,
1446 1099 1481 1135 4.
1499 1099 1700 1134 Nestorium

990 1148 1027 1178 et
1050 1145 1294 1180 Iconomachos
1317 1146 1354 1180 in
1376 1158 1446 1181 uno
1468 1145 1562 1181 haud
1581 1158 1700 1181 aemu-

987 1190 1104 1225 lantur
1129 1192 1232 1232 1146,
1253 1193 1289 1228 3.

940 1239 1192 1281 Παλαμναῖοι,
1212 1237 1236 1272 ἰ.
1261 1250 1291 1272 e.
1317 1237 1509 1273 Palamitae
1532 1240 1613 1280 722,
1642 1241 1696 1275 16.

990 1286 1207 1328 παλαμναία
1230 1284 1412 1321 κακόνοια
1438 1285 1540 1327 1104,
1567 1287 1622 1322 15.

942 1330 1110 1366 Palatium
1152 1331 1492 1378 Adrianopolitanum
1531 1333 1622 1373 278,
1661 1334 1698 1369 2.

987 1377 1224 1423 Hippodromo
1270 1378 1462 1423 proximum
1508 1378 1576 1419 87,
1638 1380 1696 1414 21.

990 1424 1171 1459 Orientale
1193 1423 1284 1466 354,
1309 1426 1364 1461 19.
1388 1428 1489 1460 vetus
1511 1426 1602 1467 729,
1638 1427 1696 1461 16.

990 1471 1072 1512 730,
1098 1472 1153 1506 10.

942 1516 1154 1562 Pamphilum
1185 1517 1268 1552 urbs
1299 1517 1389 1560 805,
1421 1519 1455 1554 7.
1496 1517 1696 1565 oppidulum

989 1565 1070 1605 621,
1095 1564 1129 1599 3.

942 1609 1149 1656 Pamphylia
1171 1610 1251 1654 105,
1275 1610 1310 1645 3.
1337 1610 1417 1653 138,
1443 1611 1499 1648 19.

944 1655 1222 1701 Πανάχραντος.
1255 1656 1345 1691 Vide
1369 1658 1630 1692 Monasterium.

943 1703 1201 1747 Παναθήναια
1224 1703 1312 1744 475,
1346 1704 1401 1739 19.
1436 1706 1524 1746 599,
1549 1705 1581 1739 5.
1607 1716 1694 1750 qua-

989 1750 1144 1785 driennio
1177 1761 1314 1796 quoque
1337 1754 1486 1785 exeunte
1511 1750 1694 1797 Olympiae

989 1797 1165 1832 celebrata
1187 1799 1270 1838 599,
1296 1798 1331 1832 6.

941 1843 1289 1889 Panhypersebasta,
1314 1843 1493 1878 Theodori
1517 1843 1693 1879 Metochi-

986 1895 1045 1924 tae
1068 1889 1140 1924 filia
1163 1891 1251 1931 306,
1286 1890 1318 1924 7.
1356 1894 1488 1934 patrem
1518 1895 1692 1925 tacentem

987 1936 1095 1970 amice
1118 1936 1276 1981 increpat
1297 1937 1387 1980 306,
1423 1938 1476 1972 17.
1496 1936 1586 1971 -eius
1618 1949 1692 1971 mu-

985 1982 1083 2016 lieris
1109 1982 1258 2027 eloqum
1276 1983 1357 2024 306,
1386 1983 1441 2019 12.
1467 1986 1503 2017 et
1525 1985 1607 2026 309,
1633 1985 1691 2019 17.

986 2029 1076 2063 Vide
1103 2029 1314 2065 Cacsarissa.

937 2074 1281 2120 Panhypersebastus
1295 2074 1491 2120 (Ioannes),
1500 2075 1590 2110 filius
1599 2075 1691 2110 Por-

983 2122 1206 2168 phyrogeniti
1224 2121 1354 2163 unicus,
1381 2122 1561 2157 Theodori
1572 2123 1689 2171 Meto—

984 2169 1098 2203 chitae
1106 2180 1214 2213 gener
1224 2170 1306 2209 271,
1315 2170 1348 2203 9.
1362 2167 1474 2203 Cralis
1482 2180 1582 2202 socer
1592 2180 1601 2201 t
1626 2180 1689 2213 ge-

983 2215 1058 2249 neri
1083 2214 1185 2249 armis
1206 2214 1357 2256 adiutus,
1382 2214 1546 2249 rebellat:
1570 2215 1688 2249 oblata

982 2261 1142 2295 Caesaris
1167 2260 1337 2304 dignitate
1361 2265 1562 2302 contentus,
1593 2272 1688 2295 arma

980 2309 1099 2354 ponit:
1141 2307 1306 2342 moritur:
1354 2306 1486 2351 legatio
1527 2307 1571 2340 de
1611 2307 1686 2340 eius

979 2366 1088 2388 uxore
1098 2353 1299 2397 Byzantium
1313 2352 1512 2387 reducenda
1529 2354 1612 2395 373,
1627 2355 1685 2388 20.

932 2399 1250 2446 Panhypersebasti
1273 2398 1345 2434 filia
1369 2399 1466 2434 Crali
1486 2399 1585 2435 nubit
1603 2401 1685 2442 373,

931 2491 1132 2529 Πανόπται
1145 2490 1304 2537 φύλακες
1319 2491 1422 2534 1049,
1431 2493 1491 2529 23.
1513 2495 1615 2536 1050,
1628 2493 1684 2528 19.

930 2551 1171 2586 Pantocrator.
1206 2550 1295 2584 Vide
1318 2550 1583 2584 Monasterinm.

930 2608 1030 2654 Papa
1054 2608 1261 2650 inconsulto,
1292 2607 1443 2642 affinitas
1466 2607 1584 2643 iuncta
1608 2618 1683 2642 cum

977 2655 1124 2690 Graecis
1162 2656 1250 2696 168,
1274 2656 1308 2689 6.
1349 2654 1506 2701 episcopi
1540 2666 1562 2689 a
1584 2654 1683 2700 Papa

976 2701 1129 2748 delegati
1152 2702 1231 2744 501,
1254 2701 1310 2736 12.

930 2758 1172 2806 Paphlagones
1196 2758 1331 2804 equites
1355 2759 1436 2802 111,
1460 2758 1497 2792 6.

928 2816 1171 2865 Paphlagonia
1194 2818 1272 2861 138,
1298 2818 1353 2854 19.
1381 2818 1461 2861 215,
1485 2818 1520 2852 1.
