1754 3164
181 100 314 150 1262
704 106 781 150 AN
788 106 826 149 N
831 105 1185 151 OTATIONES.

177 213 445 254 Duscianum:
491 211 542 253 de
577 226 658 267 quo
695 211 881 266 pluribus
914 211 1067 265 egimus
1100 213 1144 252 in
1176 213 1352 253 Familiis
1377 214 1606 256 Dalmaticis
1629 229 1720 268 pag.

179 275 277 316 291.
333 284 510 310 DUCANG.

297 332 389 382 Pag.
422 330 520 377 616,
553 331 592 370 3.
652 325 734 367 Καὶ
768 323 1030 382 Ἀλέξανδρον
1077 325 1149 369 τόν
1188 330 1274 370 ταῖν
1309 331 1474 370 Μυσῶν
1519 326 1721 384 ἀρχηγὸν]

179 388 238 427 De
277 400 358 439 quo
387 385 430 424 in
463 399 605 438 regum
633 385 943 436 Bulgaricorum
991 385 1094 426 serie
1133 385 1330 429 historica
1366 387 1521 440 pariter
1559 389 1728 440 egimus.

179 457 353 485 DUGANG.
715 455 722 460 '

297 503 394 553 Peg.
426 503 523 549 616,
555 503 593 543 8.
641 496 819 551 ’Έστεψε
849 496 916 541 διὰ
938 496 1073 553 πάσης
1100 503 1285 555 σπουδῆς
1314 497 1532 555 Ἰωάννην]
1564 502 1725 541 Ioannis

183 560 390 599 coronatio
421 559 536 611 prius
566 573 589 596 a
620 558 899 597 Cantacuzeno
934 559 1169 611 proposita,
1201 574 1247 599 eo
1283 560 1407 598 dilata
1426 560 1584 610 fuerat,
1615 561 1726 613 quod

184 616 349 669 quidam
381 616 562 655 dicerent
582 614 692 653 haud
723 629 896 666 aequum
926 629 1038 665 esse,
1079 623 1193 669 patre
1222 617 1464 669 imperatore
1483 618 1606 670 paulo
1634 624 1726 656 ante

183 681 365 724 mortuo,
394 673 520 712 filium
550 674 698 724 agitare
726 673 984 726 panegyrim,
1027 674 1090 712 uti
1118 681 1254 713 narrat
1283 675 1389 713 idem
1414 675 1626 714 Cantacuz.
1654 676 1726 714 lib.

183 732 254 771 III.
274 746 361 785 cap.
385 735 441 782 9.,
472 745 590 784 quam
611 730 776 770 tandem
798 737 1001 783 peractam
1024 746 1046 769 a
1063 731 1210 771 Ioanne
1227 730 1459 785 patriarcha
1477 731 1603 772 hacce
1624 738 1728 771 tem-

185 797 338 842 pestate
371 789 496 828 refert
516 803 603 841 cap.
633 792 699 832 36.
727 802 808 827 non
831 788 1009 834 indicato
1033 788 1165 828 eiusce
1190 789 1464 829 coronationis
1486 789 1574 839 die,
1605 804 1726 843 quem

184 847 253 886 hic
281 847 433 885 indicat
455 847 669 896 Gregoras,
699 845 772 885 IX.
793 846 952 885 seilicet
969 847 1222 896 Novembris,
1255 847 1338 899 qui,
1365 847 1510 899 inquit,
1541 843 1729 902 ἀνέορτος

186 905 282 955 suit,
315 918 408 944 cum
427 904 478 943 ad
503 903 702 943 eiusmodi
722 904 967 944 ceremonias
989 904 1082 944 festi
1100 919 1151 944 ex
1166 905 1393 958 praecipuis
1415 905 1500 944 dies
1523 904 1644 958 deligi
1665 920 1730 945 so-

186 963 329 1002 lerent.
387 976 561 1001 Ducsfflo.

306 1022 403 1072 Pag.
435 1023 531 1069 616,
569 1021 638 1062 20.
701 1014 941 1059 Εἶώθεισαν
960 1016 1035 1070 τὴν
1056 1016 1253 1073 τοιαύτην
1273 1018 1430 1073 ἡμέραν
1451 1016 1729 1074 προκύπτειν]

190 1078 246 1116 De
262 1077 339 1115 ista
365 1079 406 1115 in
427 1076 640 1130 pervigilio
661 1076 815 1114 Natalis
841 1075 990 1114 Christi
1011 1074 1218 1131 προκύψει
1240 1078 1332 1116 silet
1354 1077 1592 1117 Codinusde
1608 1078 1727 1120 Offic.

189 1135 312 1173 PaIat.
335 1148 418 1186 cap.
435 1135 548 1175 VI.n.
566 1134 597 1172 I.
619 1133 690 1171 ubi
709 1133 758 1171 de
778 1147 823 1171 eo
843 1134 935 1185 agit.
951 1148 1125 1173 Docimo.
1156 1135 1256 1175 Vide
1271 1135 1464 1187 Ducangii
1481 1136 1730 1176 Ghssmed.

192 1192 366 1230 Graecit.
388 1193 430 1230 in
449 1206 490 1232 v.
514 1187 746 1244 Πρόκυψις.
803 1204 959 1230 Boxvm.

303 1251 406 1302 Peg.
443 1252 539 1298 617,
579 1252 618 1291 7.
679 1244 1007 1303 Δεσμωτήριον]
1033 1249 1125 1297 Quo
1166 1263 1308 1302 nempe
1355 1250 1545 1289 translata
1584 1251 1728 1302 suerat,

190 1314 237 1346 ut
270 1307 324 1345 ait
349 1307 560 1346 Cantacuz.
595 1305 663 1347 lib.
693 1305 764 1346 III.
800 1319 885 1357 cap.
909 1307 1098 1347 XXXVI.
1119 1321 1209 1359 pag.
1230 1308 1343 1357 468„
1370 1321 1463 1346 cum
1485 1315 1599 1347 antea
1619 1309 1732 1347 domi

193 1364 375 1403 custodia
392 1364 570 1403 adhibita
593 1363 892 1413 observaretur,
921 1370 968 1402 ut
990 1364 1097 1403 idem
1116 1372 1252 1404 narrat
1269 1379 1357 1417 cap.
1381 1365 1514 1405 XXII.
1554 1381 1730 1406 DUCANG.

174 1420 180 1422 ”
303 1424 407 1475 Pag.
438 1426 533 1471 617,
562 1425 628 1463 22.
693 1423 774 1473 Τῆς
802 1424 882 1461 τῶν
919 1419 1068 1471 φοίτων
1106 1421 1235 1476 παν.]
1273 1421 1495 1474 Epiphania
1525 1438 1589 1464 an.
1633 1423 1729 1465 Chr.

195 1479 315 1524 1342.
352 1481 511 1518 Ianuar.
554 1479 636 1517 dies
670 1482 710 1521 6.
767 1478 825 1516 Eo
868 1478 933 1516 die
970 1480 1270 1518 Cantacuzenus
1301 1481 1388 1532 ipse
1419 1486 1587 1520 matrem
1618 1496 1732 1520 suam

194 1538 339 1576 obiisse
369 1543 540 1576 testatur
575 1536 676 1577 Hist.
712 1535 783 1575 lib.
812 1535 884 1578 ΙΙΙ.
909 1549 993 1592 cap.
1020 1539 1090 1580 36.
1149 1538 1188 1576 Is
1214 1543 1273 1578 est
1293 1537 1377 1576 dies
1396 1540 1477 1578 τῶν
1497 1534 1643 1590 φώτων
1660 1552 1732 1578 seu

192 1594 454 1650 Epiphaniae.
513 1607 665 1633 1301vm.

305 1654 409 1705 Pag.
441 1656 538 1700 618,
572 1655 608 1693 1.
655 1648 816 1693 ’Έκειτο
837 1649 866 1704 ἦ
887 1650 1201 1706 Καντακουζηνή
1230 1650 1379 1706 νεκροὶ]
1423 1653 1547 1692 Cuius
1578 1653 1733 1692 obitum

195 1709 387 1748 accidisse
409 1709 551 1749 scribit
575 1710 876 1748 Cantacuzenus
897 1708 1003 1748 filius
1027 1711 1095 1752 lib,
1114 1712 1183 1751 III.
1205 1725 1293 1763 cap.
1314 1711 1503 1749 XXXVI.
1529 1725 1615 1764 pag.
1634 1710 1731 1752 469.

194 1766 263 1806 VI.
281 1767 479 1815 Ianuarii,
516 1766 661 1806 Indict.
684 1768 734 1805 X.
766 1781 867 1804 anno
895 1767 943 1806 ab
974 1768 1071 1807 orbe
1097 1769 1260 1807 condito
1289 1768 1356 1810 VI.
1377 1768 1596 1807 MDCCCL.
1621 1769 1733 1807 scili-

198 1830 261 1864 cet
285 1824 380 1864 Chr.
402 1824 663 1864 MCCCXLII.
720 1838 895 1866 vuemo.

307 1895 410 1947 Pag.
442 1897 539 1939 618.
574 1893 644 1936 15.
703 1890 818 1945 Αὕτη
836 1891 866 1946 ἦ
886 1889 1097 1943 ἀλλοίωσις
1115 1910 1152 1937 κ.
1172 1910 1205 1935 τ,
1225 1894 1287 1948 λ.]
1318 1895 1463 1935 Psalm.
1476 1898 1545 1939 76.
1574 1908 1731 1936 BOIVIN.

314 1964 408 2014 Peg.
440 1965 537 2012 619,
567 1965 636 2004 12.
702 1958 753 2002 Τὸ
772 1958 848 2015 γάρ
868 1962 1071 2015 περίγειον
1087 1962 1131 2004 ἐκ
1149 1967 1421 2018 περιστροφῆς
1440 1967 1514 2005 τοῦ
1538 1964 1614 2005 οἰκ.
1639 1964 1732 2005 ε’πα-

198 2021 285 2059 ναλ.
315 2014 495 2071 κύκλου]
526 2017 633 2058 Nam
662 2033 750 2058 cum
786 2016 929 2058 circuli
947 2019 1010 2058 sui
1036 2021 1233 2074 perigeum
1263 2028 1341 2062 etc.
1400 2022 1733 2074 Haecinterpre-

198 2077 297 2115 tatio
310 2076 458 2128 partim
479 2091 566 2115 mea
589 2082 669 2125 est,
696 2075 846 2129 partim
868 2075 1052 2117 virorum
1073 2079 1339 2120 astronomiae
1359 2081 1598 2134 peritorum,
1631 2092 1732 2132 quos

200 2134 397 2173 consului.
453 2147 606 2174 nomm.

315 2204 410 2254 Pag.
441 2204 538 2251 619,
568 2201 637 2245 15.
692 2196 924 2255 Ἀκρονύκτ.
955 2199 1007 2245 οὔ
1031 2201 1137 2258 μάλα
1157 2201 1288 2258 ἔβούλ.
1311 2222 1404 2259 παρ.
1432 2207 1484 2262 τῇ
1501 2207 1557 2261 γῇ
1575 2201 1646 2252 τοὶς
1663 2200 1733 2245 αὕ-

199 2256 288 2313 γᾶς,
300 2257 397 2312 πρὶν
409 2258 450 2306 ἐς
462 2258 546 2311 μέσ.
569 2255 766 2311 ἄφικ.τήν
783 2257 908 2301 νύκτα
925 2277 1053 2313 τηνικ.
1064 2261 1132 2303 τὸν
1141 2259 1302 2317 χρόνον]
1320 2262 1446 2312 verti,
1465 2261 1733 2317 act-onycham

201 2314 326 2356 lucem
353 2330 431 2356 non
458 2316 568 2369 prius
601 2325 727 2354 terrae
757 2317 969 2370 praebebat
993 2317 1065 2359 illo
1091 2329 1282 2373 tempore,
1323 2335 1442 2374 quam
1477 2317 1534 2357 acl
1563 2317 1734 2357 mediam

200 2382 351 2412 noctem
370 2382 593 2425 perveniam
606 2382 711 2411 esset.
767 2374 916 2426 Malim,
946 2376 1208 2432 aer-onycham
1235 2375 1360 2416 lucem
1381 2392 1457 2416 non
1475 2376 1587 2430 prius
1609 2386 1734 2415 terrae

198 2428 433 2484 praebebat,
467 2443 586 2484 quam
607 2427 759 2469 mediae
778 2434 907 2472 noctis
931 2443 1080 2487 tempus
1099 2432 1328 2474 advenisset.
1387 2447 1541 2473 1101V1N.

313 2499 418 2551 Pag.
447 2501 543 2548 620,
576 2502 642 2541 13.
700 2493 905 2553 Ἀγγέλους
923 2498 999 2542 σ’ὒν
1017 2498 1154 2557 ἀτιμία
1175 2501 1243 2542 καὶ
1266 2506 1396 2559 κουρᾷ
1416 2498 1731 2555 πομπευόντων]

202 2555 303 2595 Rem
321 2562 458 2594 narrat
478 2556 778 2595 Cantacuzenus
796 2558 864 2597 lib.
891 2558 960 2599 III.
984 2572 1070 2612 cap.
1086 2560 1275 2599 XXXIII.
1296 2574 1388 2613 pag.
1411 2561 1507 2604 456.
1555 2573 1731 2599 DUCANG.

315 2625 420 2676 Pog·
464 2627 561 2673 620,
602 2627 669 2667 21.
738 2626 889 2678 Σωχνοὶ
935 2630 1017 2668 τῶν
1048 2631 1121 2681 τῆς
1153 2623 1407 2682 Ὀρεστιάδος
1445 2624 1731 2682 προύχόντων]

204 2680 419 2722 Cantacuz.
448 2681 520 2721 lib.
549 2681 616 2722 ΙΙΙ.
651 2695 736 2733 cap.
765 2682 946 2724 XXVIII.
977 2698 1064 2737 pag.
1089 2685 1184 2728 441.
1223 2699 1397 2727 DUCANG.
1465 2685 1616 2738 Συχνοὶ
1651 2688 1733 2726 τῶν

202 2739 276 2788 τῆς
285 2733 534 2789 Ὀρεστιάδος
553 2735 826 2792 προύχόντων]
856 2741 911 2781 Ea
934 2748 992 2780 est
1005 2740 1312 2796 Adrianopolis.
1346 2743 1482 2782 Codex
1500 2745 1593 2794 neg.
1609 2742 1732 2785 2784.

205 2794 276 2833 fol.
303 2797 402 2838 327.
422 2808 463 2836 v.
483 2795 555 2836 ubi
587 2796 637 2837 de
668 2796 832 2841 Urbium
855 2799 1084 2839 nominibus
1116 2800 1294 2853 mutatis,
1332 2796 1520 2856 Ὀδρυσὸς
1545 2799 1613 2841 καὶ
1630 2796 1732 2855 Ὀρε-
