1794 3172
325 114 646 188 HISTORIAE
673 136 1048 182 BYzANTINAE
1076 134 1194 206 xvi.
1222 143 1264 184 2.
1435 129 1535 176 803

44 251 115 294 ‘lm
135 251 202 293 καὶ
222 247 348 300 αὐτὸς
365 249 608 307 πλατυτὲρῳ
623 245 846 306 χρήσωμαι
866 244 974 307 λόγῳ
984 280 998 302 ,
1031 251 1108 291 σοῦ
1130 243 1324 305 καθάπερ
1342 248 1434 292 τινὰ
1451 246 1537 292 ³925-
1560 251 1598 284 A·
1615 251 1653 283 C·
1668 246 1758 310 1347

47 338 127 375 ραν
149 318 248 375 ἡμῖν
272 319 535 371 ἀνοίξαντος,
571 318 616 370 ὃς
649 320 717 361 καὶ
747 318 942 376 δευτέραν
970 334 1044 372 μοι
1062 314 1203 369 σώζεις
1225 314 1340 369 τάξιν
1360 299 1758 381 πατρὸς,1ωζέιὲζῖι“’

47 389 184 445 ἐπειδὴ
205 393 307 432 πᾶσι
324 390 445 447 φίλον
476 385 718 446 ἀνθρώποις
732 387 779 431 τὸ
809 389 902 446 ζῇν,
934 388 1002 429 καὶ
1029 387 1175 429 πολλοὶ
1202 385 1422 441 πολλάκις,
1450 386 1534 432 ’ὖπό

47 463 131 502 τῶν
162 456 334 516 ἀθρόων
353 456 633 515 περιστάντων
660 455 886 510 κινδύνων,
920 455 997 513 τὴν
1018 457 1251 511 βασίλειον,
1283 455 1421 516 ὥσπερ
1444 458 1574 504 tmoli?

12 528 260 587 5φρουρὰν,
298 526 593 585 περιεζώσαντο
629 525 828 583 δύναμιν,
869 525 1037 576 ἄκοντες
1062 526 1165 580 μὲν,
1210 525 1444 584 ἀναγκαίως
1475 528 1534 582 δὲ,
1569 559 1574 568 .

47 597 199 642 οὔκουν
220 595 460 652 αἰτιώμενος
480 596 618 653 ἔμοιγέ
632 613 696 647 τις
716 596 789 648 'gin‘
810 596 903 654 δίκῃ
927 593 1094 646 πάντως
1111 597 1279 656 αἰτιῷτο
1301 595 1353 640 ἂν
1364 630 1379 651 ,
1413 599 1450 641 εἲ
1468 599 1538 641 καὶ

47 667 187 720 αὐτὸς,
218 664 300 710 ὖπὸ
322 671 406 710 τῶν
424 664 578 722 ὁμοίων
597 663 868 721 ἐλαυνόμενος
888 664 1047 724 φόβων,
1084 666 1127 715 ἐς
1145 665 1220 721 τὴν
1240 670 1324 710 τῶν
1342 667 1537 726 ἕρυθρῶν

44 734 325 792 ὑποδημάτων
357 736 578 792 ἀντίληψιν
605 733 915 792 καταφεύγοιμι.
964 733 1108 790 ὅμοιον
1125 734 1205 793 γὰρ
1235 734 1286 779 ἂν
1316 739 1452 794 ποιοίη
1475 754 1538 788 τις

46 808 252 850 ἐνταυθοῖ
258 839 273 860 ,
306 806 359 849 τὰ
382 806 544 849 τοιαῦτ’
574 803 902 860 εὐλαβούμενος,
944 803 1082 863 ὥσπερ
1104 803 1156 848 ἂν
1180 807 1215 847 εἲ
1229 811 1398 862 χειμῶνι
1417 809 1662 864 ptest-1²5¹&

0 887 37 922 [0
48 892 135 935 στῳ
154 875 381 934 περιπεσὼν
400 876 443 919 ἓν
465 874 628 932 πελάγει
647 875 762 934 μέσῳ
784 877 852 918 καὶ
876 872 1054 929 κύμασιν
1063 907 1077 928 ,
1107 875 1151 917 ἐν
1179 872 1242 925 οἷς
1266 880 1341 932 τῆς
1361 874 1539 927 ὁλκάδος

47 946 216 1001 συμβὰν
245 943 402 989 οὖτωσί
432 963 520 1007 πως
549 944 741 1004 ῥαγείσης
776 945 867 997 ἐξὸν
898 944 1013 1003 αὐτῷ
1046 945 1215 995 σανίδος
1246 945 1539 1001 ἐπειλημμένον

45 1015 157 1066 τινὸς
189 1016 454 1066 διαποντίους
481 1015 557 1070 μὲν
588 1015 690 1070 ἔχειν
719 1012 959 1068 κινδύνους,
996 1013 1098 1070 ἔχειν
1120 1014 1165 1056 δ’
1189 1013 1302 1070 ὅμως
1330 1013 1435 1071 ὄμοῦ
1469 1017 1540 1059 καὶ
1598 1039 1603 1046 ⁷

46 1085 123 1136 τὰς
144 1086 312 1136 ἐλπίδας
342 1089 418 1128 τοῦ
448 1086 518 1143 ζῇν
541 1083 846 1142 αἰωρουμένας,
882 1083 1020 1141 ὥσπερ
1052 1083 1133 1127 ἀπὸ
1158 1088 1309 1128 λεπτοῦ
1332 1102 1443 1136 τινος
1469 1087 1539 1129 καὶ

47 1153 316 1213 ἀραχνώδους
343 1152 618 1213 ὑφάσματος,
646 1151 667 1197 ὅ
692 1156 718 1197 δ
727 1154 741 1170 ²
766 1154 948 1212 ἀφειδῶν
977 1152 1240 1198 παντάπασιν
1272 1153 1424 1199 ἑαυτοῦ
1457 1174 1538 1198 πυ-

0 1233 36 1269 [5
47 1226 199 1280 θμὲσιν
213 1222 481 1282 ὖποβρυχιόις
504 1222 672 1267 ὖδάτων
690 1223 912 1280 ἐθελοντὴς
932 1222 1082 1267 ἑαυτὸν
1105 1224 1372 1283 παραπέμπῃ.
1410 1230 1536 1269 τοῦτο

46 1296 91 1338 δὲ
111 1295 400 1352 παραπληξιάς
420 1293 564 1351 ἕγγισθ
589 1293 641 1337 ἂν
660 1291 760 1337 εἶναι
781 1292 906 1346 δόξειε
925 1301 1010 1344 τοῖς
1023 1291 1113 1337 ὅσοι
1132 1298 1269 1345 καλῶς
1289 1294 1341 1338 τὰ
1362 1300 1573 1338 τοιαῦταΒ

43 1362 270 1421 βούλονται
299 1365 460 1421 κρίνειν.
511 1363 566 1406 τὰ
599 1363 678 1421 γὰρ
715 1364 759 1415 ἐξ
789 1364 979 1422 ἀφανοῦς
1016 1381 1126 1415 τινος
1156 1362 1336 1421 ἀνάγκης
1368 1363 1538 1408 ἐπιόντα

46 1434 158 1477 δεινὰ
188 1432 431 1491 συγγνώμην
461 1437 578 1492 σαφῆ
607 1439 695 1484 τοῖς
725 1431 931 1490 πάσχουσι
955 1433 1076 1489 νέμει.
1116 1431 1177 1484 οἷς
1196 1434 1240 1476 δ’
1266 1434 1348 1478 ἀπὸ
1368 1433 1536 1492 γνώμης

46 1505 155 1555 ἲδιάς
186 1504 243 1555 εἷς
270 1503 347 1555 τὰς
368 1508 452 1547 τῶν
473 1505 614 1547 δεινῶν
637 1505 846 1558 ἐμπίπτειν
867 1503 1006 1547 ἕπεται
1034 1504 1343 1559 λαβυρίνθους,
1375 1503 1536 1562 μεγάλη

0 1582 36 1617 20
47 1591 110 1624 τις
124 1581 360 1631 χορηγεΐται
379 1574 561 1628 νέμεσις,
594 1573 699 1630 παρ’
724 1571 787 1623 οἷς
807 1573 935 1628 σχολὴ
952 1572 1006 1615 τὰ
1027 1577 1199 1615 τοιαῦτα
1221 1571 1535 1630 φιλοτιμότερον
1567 1603 1570 1606 »

46 1644 312 1687 σκέπτεσθαι.
350 1642 428 1699 ἐγὼ
456 1643 500 1685 δ’
525 1644 595 1685 ἰ’να
624 1660 662 1685 τι
685 1644 751 1684 καὶ
779 1640 1019 1699 βαθύτερον
1039 1642 1306 1700 φθέγξωμαι,
1347 1643 1443 1686 οὐδὲ
1462 1648 1537 1699 τῆς

45 1717 248 1769 πατρικῆς
266 1710 485 1770 ὖπερόριον
507 1709 672 1769 γνώμης
692 1711 740 1755 ὃν
756 1710 930 1770 εὖρίσκω
950 1713 1077 1755 τουτί.
1102 1711 1228 1762 αὐτὸς
1247 1710 1325 1770 γάρ
1345 1731 1417 1768 μοι
1438 1713 1538 1763 τοὺς

45 1780 261 1832 τοιούτους
290 1780 635 1839 προεζωγράφησε
667 1779 846 1839 τρόπους
875 1782 918 1824 ἐν
944 1779 1105 1840 ἑαυτῷ,
1141 1779 1261 1825 ὁπότε
1291 1785 1574 1834 συνελαθεὶςῦ

46 1854 115 1895 καὶ
146 1851 274 1902 αὐτὸς
303 1850 386 1895 ὑπὸ
423 1856 508 1895 τῶν
539 1850 820 1910 περιστάντων
852 1849 1053 1895 κινδύνοιν
1093 1853 1150 1902 εἷς
1177 1855 1302 1896 τοῦτο
1335 1850 1534 1911 προήχθη

45 2010 92 2046 At
111 2021 221 2051 nunc,
247 2014 287 2045 ut
307 2013 344 2045 et
364 2010 442 2056 ipse
466 2009 616 2056 planiori
641 2012 720 2044 utar
737 2009 915 2052 oratione,
941 2009 1087 2055 quadam
1106 2010 1217 2045 veluti
1236 2013 1337 2056 porta
1357 2021 1377 2045 a
1393 2013 1448 2054 te,
1475 2010 1534 2056 qui
1584 2027 1588 2029 -

45 2058 233 2092 secundum
255 2069 276 2091 a
295 2062 395 2103 patre
412 2057 522 2092 locum
540 2057 631 2102 apud
652 2068 705 2091 me
723 2056 871 2098 obtines,
895 2058 1085 2101 patefacta,
1111 2059 1269 2103 quoniam
1287 2058 1361 2091 vita
1381 2056 1535 2092 omnibus

45 2104 236 2139 hominibus
259 2115 341 2138 cara
361 2108 436 2146 est,
468 2108 505 2137 et
524 2104 621 2138 multi
644 2115 770 2149 saepe,
804 2103 928 2138 subitis
946 2104 1107 2150 periculis
1129 2104 1450 2146 circumstantibus,
1475 2115 1536 2138 su-

45 2162 198 2195 premam
219 2150 405 2185 induerunt
430 2155 659 2196 potestatem,
691 2150 792 2196 quasi
819 2150 939 2185 salutis
965 2151 1197 2196 praesidium3
1222 2152 1375 2186 nolentes
1396 2150 1533 2196 quidem

44 2197 108 2239 illi,
137 2197 198 2231 sed
222 2201 368 2242 cogente
387 2197 615 2231 necessitate:
639 2208 706 2231 non
720 2197 796 2231 iure
812 2198 947 2232 omnino
967 2203 1172 2232 succenseat
1187 2197 1271 2233 mibi
1287 2197 1425 2243 aliquis,
1451 2197 1480 2231 si
1497 2201 1534 2231 et

43 2244 139 2289 ipse,
162 2244 327 2279 similibus
356 2250 455 2279 actus
477 2243 689 2285 terroribus,
715 2243 758 2277 ad
782 2255 974 2289 purpureos
996 2244 1128 2279 calceos
1155 2244 1385 2290 capessendos
1410 2244 1534 2278 confu-

45 2302 144 2336 gero.
190 2291 282 2325 Nam
303 2291 364 2337 qui
387 2291 453 2325 hoc
474 2302 587 2325 rerum
612 2294 706 2324 statu
727 2291 813 2325 nolit
829 2291 865 2324 id
883 2290 1107 2333 committere,
1130 2292 1274 2337 perinde
1294 2292 1325 2325 is
1341 2291 1469 2332 faciat,
1491 2301 1534 2324 ac

45 2338 74 2371 si
89 2337 203 2372 medio
220 2337 255 2371 in
273 2338 360 2372 mari
376 2341 586 2383 tempestate
601 2337 746 2371 maxima.
763 2337 995 2382 fluctibusque
1011 2338 1276 2380 circumventus,
1299 2339 1413 2372 fracta
1429 2337 1532 2370 etiam

44 2385 131 2418 haec
156 2384 251 2418 inter
278 2396 361 2418 casu
382 2384 496 2430 aliquo
517 2384 598 2418 navi
611 2409 620 2426 ‚
641 2395 717 2418 cum
735 2388 875 2429 praesto
897 2384 930 2419 ei
951 2384 996 2418 sit
1013 2385 1152 2427 tabula,
1178 2397 1247 2430 qua
1266 2390 1407 2430 arrepta
1429 2382 1533 2417 maris

45 2431 182 2475 quidem
207 2431 362 2476 pericula
383 2432 558 2476 patiatur,
583 2435 620 2465 at
646 2442 741 2477 spem
769 2430 908 2472 salutis,
932 2431 1028 2465 velut
1048 2433 1145 2466 tenui
1165 2432 1280 2477 aliquo
1307 2441 1452 2465 araneae
1472 2429 1531 2463 filo

45 2477 263 2523 pendentem,
280 2478 442 2519 retineat,
466 2489 551 2512 suae
569 2481 683 2512 tamen
701 2478 836 2512 omnino
855 2477 977 2511 salutis
997 2478 1124 2512 oblitus
1147 2478 1184 2513 in
1201 2478 1391 2524 profundos
1421 2488 1530 2521 aqua-

43 2535 120 2558 rum
143 2524 298 2569 gurgites
327 2525 417 2558 ultro
440 2537 478 2558 se
498 2524 680 2565 immittat3
705 2524 795 2570 quod
817 2524 952 2569 quidem
973 2525 1093 2570 aequis
1116 2536 1229 2560 rerum
1254 2523 1530 2559 aestimatoribus

44 2569 201 2604 insaniae
228 2570 416 2616 proximum
438 2583 515 2605 esse
538 2571 710 2605 videatur.
761 2570 863 2611 Quae
882 2571 970 2605 edim
995 2570 1207 2606 calamitates
1229 2571 1365 2606 occulta
1383 2570 1529 2615 quadam

45 2616 264 2651 necessitatis
282 2617 316 2651 vi
334 2617 552 2660 invehuntur,
578 2629 641 2652 eae
656 2618 738 2659 illis,
757 2617 816 2662 qui
836 2617 1027 2663 patiuntur,
1050 2619 1303 2653 excusationem
1322 2622 1449 2651 certam
1466 2615 1530 2649 tri-

43 2664 165 2697 buunt.
214 2663 284 2705 Qui
303 2675 387 2697 vero
408 2664 444 2697 in
461 2664 560 2706 mala,
585 2668 746 2709 tanquam
760 2664 797 2697 in
817 2663 1051 2709 labyrinthos,
1075 2665 1187 2699 sciens
1205 2664 1422 2710 prudensque
1439 2661 1529 2696 inci-

44 2709 159 2751 derit,
184 2722 262 2744 eum
282 2709 399 2755 gravis
422 2715 536 2745 manet
552 2710 775 2757 reprehensio
793 2711 885 2756 apud
903 2711 1002 2752 illos,
1026 2711 1151 2757 quibus
1169 2712 1237 2745 ista
1258 2710 1446 2745 studiosius
1464 2719 1529 2743 va-

46 2760 106 2790 cat
129 2756 336 2802 expendere.
382 2757 473 2792 Mihi
493 2769 599 2799 vero,
622 2762 661 2791 ut
681 2763 718 2792 et
737 2757 867 2802 aliquid
889 2757 1000 2792 dicam
1018 2758 1182 2799 solidius,
1204 2769 1271 2791 non
1291 2756 1432 2791 multum
1450 2755 1485 2789 id
1507 2766 1531 2790 a

46 2808 190 2848 paterno
205 2803 363 2838 instituto
379 2803 519 2838 videtur
535 2804 733 2838 abhorrere.
766 2804 848 2849 Ipse
865 2804 951 2839 enim
967 2804 1049 2838 mibi
1068 2805 1160 2838 hunc
1178 2814 1303 2838 morem
1318 2803 1355 2836 in
1372 2814 1411 2837 se
1424 2813 1536 2848 prae-

46 2850 210 2896 scripsit,
235 2854 307 2885 tum
326 2860 402 2885 cum
423 2850 456 2885 is
480 2861 636 2897 quoque,
661 2851 960 2887 circumstantibus
979 2850 1142 2898 periculis
1164 2849 1378 2898 compulsus,
1402 2849 1448 2886 ad
1468 2848 1528 2885 illa
