1794 3172
244 156 346 204 732
654 158 970 205 NICEPHORI
999 157 1327 203 GREGORAE

19 281 56 314 Α.
69 280 114 313 Μ.
135 279 228 316 6853
242 289 339 331 ρους
376 269 505 316 αὐτοῦ
541 270 608 314 καὶ
643 266 907 318 ὕπασπιστάς
937 265 1043 323 ὅμοῦ
1073 264 1234 319 πάντας
1262 266 1375 324 μεθ’
1416 264 1508 320 ἑνός
1534 286 1644 321 τινος
1677 271 1733 322 εἷς

62 329 131 360 ῙΜ·
150 327 193 362 13
239 343 287 390 τὸ
310 346 383 386 τοῦ
405 337 754 400 φιλοτεχνήματος
773 338 956 392 θέατρον
979 336 1154 381 εἴσιέναι.
1192 336 1303 382 οὕτω
1322 338 1402 397 γὰρ
1423 337 1600 393 ἐνόμισε,
1623 338 1728 396 μήτ’

107 413 282 465 Ρ.46οἔξ
314 411 452 455 αὐτῶν
482 410 595 459 ε’ντός
626 408 858 466 ἐγγενέσθαι
893 407 932 450 οἳ
963 403 1187 463 ἐπιβουλήν
1216 424 1333 461 τινα,
1371 407 1475 464 μήτ’
1510 408 1667 460 ἔξωθεν
1688 411 1731 461 ἐξ

239 481 466 537 ἀλλοτρίων
497 479 598 529 ἴσως
628 480 695 521 καὶ
728 479 919 534 δημοτῶν
944 479 1348 532 ξυμμελετηθεΐσαν·
1388 476 1489 522 εἶναι
1516 479 1594 535 γὰρ
1613 480 1730 535 μεγί-

237 564 342 607 στην
362 557 453 600 ταῖς
471 546 619 597 πύλαις
654 546 883 605 ἀσφάλειαν
915 546 1013 596 τοὺς
1034 541 1224 598 Ιοἶκειόυς
1246 548 1421 599 ἐκείνους
1446 546 1760 599 ὖπασπιστάς.5

240 619 371 670 οὕτως
401 617 423 662 ὃ
457 614 738 675 δρασσόμενος
760 618 856 668 τοὺς
888 615 1046 674 σοφοὺς
1076 616 1119 659 ἓν
1147 620 1199 674 τῇ
1228 619 1457 678 πανουργίᾳ
1487 617 1626 662 αὐτῶν
1655 618 1732 674 τὴν

238 688 390 734 τούτου
411 686 596 731 διάνοιαν
616 686 813 745 ἔσφηλεν,
850 688 918 728 ἵνα
942 685 1045 746 ῥᾷον
1062 690 1224 740 μᾶλλον
1252 691 1335 731 τῶν
1357 688 1586 745 ἀλλοτρίων
1605 687 1732 739 αὐτὸς

240 758 375 817 ἑαυτῷ
410 755 652 815 καταστήσῃ
683 757 757 800 τὸν
787 758 988 800 κίνδυνον.
1054 753 1144 814 (ς’.)
1181 755 1400 809 Εἰσιόντος
1433 752 1508 801 οὖν
1546 759 1615 800 καὶ
1651 757 1732 816 ἄρ-

238 828 415 884 ξαμένου
436 834 521 878 τοῖς
541 824 773 881 οἰκοδόμοις
793 825 1056 882 διαλέγεσθαι
1075 827 1167 884 περὶ
1188 831 1272 871 τῶν
1289 827 1517 886 πρακτέων,
1535 827 1584 870 τὸ
1597 845 1730 883 προσ-

201 898 367 955 Βτυχόν
397 896 418 941 ὃ
451 896 598 941 Ῥαοῦλ
634 901 797 954 πρῶτος
829 893 1021 953 ἁρπάσας
1057 893 1242 954 ῥόπαλον
1275 895 1402 956 (μηδὲ
1429 897 1509 956 γὰρ
1539 905 1727 955 παρεῖναι
1743 909 1787 944 10

238 971 357 1026 ξίφος
387 967 506 1011 οὐδὲν
535 968 619 1009 ε’κεΐ
649 974 734 1016 τοῖς
769 966 967 1025 δεσμίοις)
999 967 1068 1008 καὶ
1094 966 1199 1024 πρὸς
1227 966 1275 1011 τὸ
1295 965 1576 1023 μανικώτερόν
1598 985 1641 1010 τε
1661 969 1730 1010 καὶ

239 1039 515 1088 ἐνθουσιῶδες
543 1040 618 1079 τοῦ
647 1036 782 1092 ἤθους
813 1035 951 1079 ἐλθιὺν
980 1033 1062 1078 ὑπὸ
1090 1035 1209 1087 δέους
1239 1039 1307 1081 καὶ
1341 1035 1611 1095 ἀπογνώσεως
1642 1037 1730 1088 ἐξέ-

241 1110 373 1166 δραμε
395 1107 492 1150 κατ’
525 1106 668 1159 αὐτοῦ,
691 1103 828 1149 τοιάδε
848 1103 1145 1163 φθεγγόμενος.
1184 1106 1297 1160 ,,ἓ’ως
1315 1105 1414 1151 πότε
1431 1125 1506 1151 σου
1525 1107 1601 1164 τὴν
1618 1104 1729 1163 οἷπή-

240 1195 351 1221 νειαν
371 1175 398 1234 ἦ
420 1176 606 1233 τάπίγεια
627 1173 839 1232 βόσκουσα
859 1180 935 1218 τοῦ
959 1173 1078 1231 ἡλίου
1103 1176 1271 1232 λαμπὰς
1299 1175 1609 1235 διακαρτερήσει
1629 1177 1730 1231 βλέ-

239 1263 377 1291 πουσα
389 1267 403 1302 ‚·
442 1247 516 1296 ἕως
537 1244 635 1289 πότε
656 1251 764 1289 θεῖοι
785 1247 974 1303 κεραυνοὶ
992 1247 1059 1288 καὶ
1079 1251 1312 1305 πρηστῆρες
1333 1249 1375 1290 ἓν
1395 1247 1534 1305 αἰθέρι
1554 1246 1631 1304 τὴν
1650 1246 1729 1303 σὴν
1741 1259 1786 1296 15

241 1314 551 1372 καθευδήσουσι
574 1313 834 1371 ταμιεύοντες
853 1313 1049 1371 κόλασιν,·
1086 1316 1181 1359 ἀλλ’
1205 1315 1295 1375 ὥρα
1317 1334 1382 1361 σοι
1402 1321 1490 1371 νῦν,
1529 1314 1726 1373 ἀλιτήριε,

204 1388 360 1430 Οδυοΐν
392 1383 596 1442 θάτερον·
633 1385 659 1442 ἢ
696 1386 772 1429 σὺν
807 1387 897 1441 ἐμοὶ
927 1390 987 1444 τῷ
1012 1384 1113 1444 ἡλίῳ
1149 1388 1256 1445 τῷδε
1284 1388 1590 1445 συγκαταδῦναι
1625 1386 1730 1444 πρὸς

238 1455 344 1516 ᾅδην
372 1454 575 1514 τήμερον·
626 1454 652 1512 ἢ
683 1460 804 1512 σοῢγε
836 1453 1047 1506 θανόντος
1079 1456 1312 1514 ἐλευθέροις
1341 1457 1524 1513 βλέπειν,
1562 1458 1597 1499 εἲ
1622 1461 1729 1511 βου-

238 1524 396 1585 λομένῳ
424 1543 468 1582 γε
500 1525 560 1580 εἴη
588 1529 699 1584 θεῷ,
737 1522 965 1583 βλεφάροις
1000 1525 1148 1577 λευκὰς
1175 1527 1425 1570 τούντεῦθεν
1465 1524 1625 1584 ἡμέρας
1658 1526 1730 1582 ἐμὲ

238 1595 458 1655 ξυνορᾷν.”
494 1594 619 1638 ταῦτ’
644 1595 749 1652 ἔλεγε
785 1597 852 1638 καὶ
884 1593 972 1651 ἅμα
993 1596 1302 1656 ἓμβριθεστέρῳ
1329 1596 1519 1654 βραχίονι
1541 1612 1727 1653 κατενεγ-
1738 1609 1786 1645 20

239 1666 321 1708 κῶν
341 1665 388 1708 τὸ
419 1662 604 1723 ῥόπαλον
632 1665 709 1721 τὴν
737 1666 889 1709 ἐκείνου
925 1666 1118 1723 γενναίως
1154 1665 1329 1718 ἐπάταξε
1354 1664 1549 1724 κεφαλήν.
1587 1667 1727 1723 καιρία

237 1735 313 1790 μὲν
333 1729 406 1778 οὖν
427 1734 501 1778 οὐκ
526 1734 679 1790 ἐγένετό
711 1752 772 1786 τις
795 1736 930 1794 ἐκείνῳ
959 1733 1053 1779 τότε
1085 1734 1219 1794 πληγή
1234 1750 1244 1761 ·
1280 1736 1465 1795 ῥιφείσης
1487 1734 1529 1778 δ’
1558 1730 1631 1778 οὖν
1652 1739 1728 1791 τῆς

196 1802 492 1862 Βκαλύπτρας,
521 1809 655 1863 γυμνῇ
677 1805 821 1848 λοιπὸν
841 1804 1007 1861 περιϊών
1026 1806 1226 1861 ἐπεβοᾶτο
1248 1811 1299 1865 τῇ
1318 1809 1476 1864 κεφαλῇ
1498 1805 1595 1856 τούς
1616 1806 1728 1856 ἐξαι-

240 1874 495 1932 ρησομένους
513 1878 588 1930 τῆς
615 1872 781 1933 ἀθρόας
801 1876 954 1933 ἐκείνης
976 1877 1045 1919 καὶ
1067 1877 1275 1935 αἰφνιδίου
1298 1873 1585 1936 περιστάσεως.
1624 1874 1727 1924 ἀλλ’,

332 1987 392 2022 20.
415 1985 577 2034 ξυνορᾷν
599 1986 774 2030 abundat,
797 1990 838 2023 ut
860 1987 962 2024 Boiv.
985 1988 1161 2026 observat.

241 2088 406 2120 servare3
429 2078 539 2124 ipsum
558 2091 641 2114 vero
663 2092 740 2115 cum
760 2091 829 2115 uno
856 2080 971 2128 aliquo
990 2080 1128 2127 ingredi
1156 2078 1200 2116 ad
1220 2080 1336 2128 operis
1361 2080 1455 2126 grati
1480 2079 1725 2127 spectaculum.

239 2124 295 2158 Ita
314 2124 444 2171 quippe
469 2138 532 2160 nec
557 2126 648 2161 intus
675 2129 719 2162 ab
742 2127 786 2161 iis
812 2128 988 2163 imminere
1007 2129 1074 2163 sibi
1094 2128 1238 2163 insidias
1259 2128 1429 2170 credidit3
1462 2139 1532 2162 nec,
1552 2127 1658 2168 foris,
1680 2127 1726 2161 ab

241 2170 364 2205 alienis
379 2173 470 2206 forte
488 2184 550 2206 seu
570 2185 590 2207 a
609 2174 736 2219 populo
754 2174 958 2210 meditatas:
978 2176 1157 2210 maximum
1175 2175 1263 2209 enim
1281 2179 1374 2210 stare
1390 2186 1453 2220 pro
1470 2175 1603 2209 foribus
1623 2185 1728 2219 prae-

240 2216 374 2260 sidium,
398 2230 480 2253 suos
496 2219 571 2254 illos
589 2221 790 2266 stipatores.
837 2221 897 2256 Sic
912 2222 991 2265 ille,
1020 2223 1081 2268 qui
1104 2221 1362 2268 comprehendit
1386 2221 1560 2268 sapientes
1577 2220 1612 2254 in
1629 2225 1727 2254 astu-

239 2263 290 2298 tia
317 2276 454 2307 eorum,
480 2271 625 2300 mentem
649 2267 750 2301 istius
777 2268 972 2311 subvertit3
994 2281 1062 2315 quo
1079 2269 1216 2304 facilius
1234 2270 1310 2315 ipse
1330 2269 1417 2310 sibi,
1442 2274 1478 2302 et
1496 2268 1606 2312 magis
1622 2278 1726 2312 quam

239 2310 355 2355 quivis
373 2315 556 2347 extraneus
570 2338 580 2354 ‚
607 2313 795 2359 periculum
815 2315 993 2351 conflaret.
1043 2316 1144 2362 (VI.)
1167 2316 1254 2350 Cum
1277 2316 1398 2360 itaque
1425 2320 1517 2349 esset
1537 2314 1726 2359 ingressus,

194 2394 197 2397 ‚
238 2368 281 2391 ac
304 2357 348 2391 de
375 2357 420 2392 iis
450 2370 540 2404 quae
561 2359 695 2403 agenda
719 2366 836 2396 essent
860 2362 1032 2407 coepisset
1064 2363 1213 2409 colloqui
1239 2373 1314 2396 cum
1343 2361 1563 2402 architectis,
1597 2360 1726 2406 primus

238 2403 349 2446 Ram,
373 2409 512 2450 arrepto
533 2417 633 2451 quem
649 2406 722 2440 fors
742 2407 866 2446 obtulit
882 2409 975 2443 fuste
998 2409 1088 2454 (nec
1107 2409 1194 2444 enini
1214 2408 1302 2443 ullus
1320 2409 1531 2454 suppetebat
1550 2407 1621 2440 illic
1643 2406 1726 2441 vin-

238 2448 305 2483 ctis
324 2450 482 2496 gladius)
503 2452 670 2487 furiosum
696 2453 863 2497 quendam
887 2459 924 2489 et
939 2455 1128 2491 fanaticum
1145 2456 1292 2490 induens
1310 2467 1435 2489 morem
1459 2465 1541 2500 prae
1563 2458 1655 2487 metu
1680 2464 1721 2487 ac

237 2495 481 2542 desperatione
503 2498 542 2532 in
572 2509 647 2533 eum
675 2498 777 2533 irruit
803 2501 889 2534 haec
911 2502 1119 2537 vociferans.
1168 2528 1192 2545 „
1205 2503 1394 2547 Quousque
1414 2501 1550 2535 tandem
1568 2499 1725 2534 immani-

236 2546 344 2577 tatem
364 2546 458 2578 tuam
478 2545 538 2579 fax
561 2544 650 2579 alma
666 2545 748 2580 solis
767 2545 948 2591 adspicere
970 2549 1167 2595 perstabit?
1216 2549 1404 2594 Quousque
1423 2547 1576 2582 divinum
1596 2547 1725 2581 fulmen

238 2592 275 2623 et
290 2588 385 2635 ignei
400 2590 567 2633 turbines,
591 2591 627 2625 in
645 2593 786 2627 aethere
804 2594 990 2639 consopiti,
1015 2595 1219 2642 supplicium
1238 2602 1331 2630 tuum
1352 2594 1606 2629 reservabunt?
1652 2592 1725 2627 Sed

236 2635 322 2678 tibi,
346 2648 367 2671 o
383 2637 514 2680 scelus,
539 2638 684 2673 duorum
704 2638 847 2673 alterum
882 2640 950 2675 iani
979 2654 1156 2677 necessum
1179 2647 1254 2683 est,
1281 2646 1320 2676 ut
1342 2647 1402 2676 aut
1421 2652 1550 2676 mecum
1576 2641 1640 2674 hac
1661 2640 1726 2673 ho-

236 2682 360 2736 dierna
384 2683 462 2718 luce
488 2690 629 2719 mortem
654 2689 821 2731 oppetas3
845 2691 904 2720 aut
921 2693 1054 2723 mortuo
1074 2694 1131 2731 te,
1155 2689 1272 2724 liberis
1294 2688 1418 2723 exinde
1440 2687 1549 2722 oculis
1574 2687 1724 2727 intuear,

237 2739 267 2763 ει
281 2728 378 2764 Deus
394 2730 489 2773 velit,
512 2731 678 2766 candidos
697 2731 809 2766 dies.”
857 2733 954 2768 Haec
975 2735 1036 2777 ait,
1059 2741 1096 2770 et
1114 2736 1215 2770 simul
1234 2735 1416 2771 valentiori
1435 2733 1577 2769 brachio
1595 2734 1726 2768 clavam

235 2775 372 2810 molitus
394 2776 485 2812 illius
511 2781 615 2824 caput
640 2782 779 2813 strenue
798 2780 981 2823 percussit.
1026 2781 1108 2816 Non
1126 2787 1238 2818 tamen
1258 2781 1384 2816 lethale
1402 2780 1516 2815 statim
1534 2780 1658 2814 vulnus
1674 2778 1727 2812 in-

234 2821 366 2857 flictum
383 2827 448 2861 est.
495 2825 580 2860 Cum
598 2830 712 2860 autem
731 2824 855 2872 capitis
874 2829 1011 2871 tegmen
1026 2831 1120 2863 esset
1137 2840 1329 2871 excussum,
1352 2828 1411 2862 ille
1428 2827 1558 2861 nudato
1576 2826 1644 2867 iam
1665 2836 1727 2859 ca-

235 2868 309 2914 pite
329 2870 495 2908 oberrans
514 2883 574 2908 eos
592 2871 818 2917 inclamabat,
840 2873 901 2918 qui
920 2886 958 2910 se
975 2874 1020 2910 ab
1037 2875 1152 2912 subita
1176 2876 1237 2912 illa
1257 2875 1508 2922 repentinaque
1525 2873 1624 2909 clade
1637 2872 1725 2907 libe-
