1794 3172
318 167 321 169 ·
367 143 687 193 HISTORIAE
715 144 1089 190 BYZANTINAE
1112 142 1209 190 XV.
1231 150 1300 193 12.
1464 137 1563 185 791

79 257 125 302 δὲ
146 249 244 301 οὔδ’
256 290 271 312 ,
303 254 398 301 ὅποι
416 254 680 300 καταλύσειεν
701 255 863 299 ἐκείνων
891 255 1063 306 ἕκαστος
1080 252 1278 313 ἑσπέρας,
1306 248 1361 311 ἦν
1380 271 1565 313 πεφρον-
1585 273 1624 307 Α,
1640 274 1679 308 ο,
1695 268 1787 309 1347

76 325 228 378 τικῶς·
263 326 370 370 ἀλλὰ
399 328 468 369 καὶ
498 327 743 370 ἀπαιτοῦσιν
774 326 967 381 ἐπετίμα,
998 326 1067 367 καὶ
1096 329 1360 391 καταβοῶσιν
1386 320 1698 399 ἤχθετο,Ῑωξ’·ῘοἸ·
1713 321 1786 403 gaf·

79 398 147 439 καὶ
169 394 556 454 διανυκτερεύοντας
584 397 627 439 ἐν
655 403 743 446 τοῖς
771 392 996 451 ὑπαίθροις
1021 394 1405 449 καὶ“πλανοιμε’νους
1425 396 1467 446 ἐς
1485 394 1562 438 ἀλ·-
1620 378 1680 401 aeo
1695 391 1706 401 ⁹

78 467 247 522 λοτριάς
268 464 408 523 θύρας
429 463 643 523 ὑπερεώρα
658 499 671 518 ‚
702 457 932 521 ὖπὸδειγμα
957 465 1102 515 τιθεὶς,
1136 462 1193 515 ὡς
1214 463 1389 522 ἔφασκε,
1421 466 1603 522 σφίσινΙ)

48 535 207 586 δαῦτός
234 533 382 579 ἑαυτὸν
411 535 480 578 διὰ
510 539 586 591 τῆς
614 539 697 578 τῶν
729 531 994 590 παθημάτων
1015 531 1289 590 ταύτότητος,
1329 533 1466 592 ὥσπερ
1496 552 1560 586 τις

75 605 312 661 βραβευτὴς
343 606 412 648 καὶ
444 603 693 661 ζυγοστάτης
722 604 850 659 με’σος
882 601 1099 663 ἱστάμενος
1137 605 1206 646 καὶ
1241 603 1375 659 νέμων
1414 605 1557 661 ἐπίσης

75 672 211 733 ἐαυτῷ
233 691 275 717 τε
294 676 360 717 καὶ
382 681 469 724 τοῖς
487 674 626 724 ἄλλοις
646 674 721 729 τὴν
739 678 813 717 τοῦ
827 675 924 728 βιόυ
942 672 1074 731 ῥοπὴν
1098 675 1166 716 καὶ
1195 672 1272 730 τὴν
1292 678 1374 717 τῶν
1392 671 1554 731 ὕβρεων

75 741 308 801 πρόφασιν·
345 742 509 802 ῥίζοθεν
542 742 675 793 οὕτως
705 744 906 798 ἐκτέμνων
924 744 991 786 καὶ
1022 740 1304 800 ἀποφράττων
1323 748 1460 794 κακῶς
1482 743 1560 795 τὰς

73 813 122 856 τὸ
157 814 315 857 δίκαιον
335 813 605 871 σοφιζομὲνας
627 818 702 869 τῆς
719 815 890 870 κρίσεως
907 810 1106 870 γλώττας.
1145 812 1253 855 ἀλλὰ
1273 815 1362 870 περὶ
1383 814 1459 867 μὲν
1479 817 1557 856 τοῦ

20 893 66 930 1ο
76 877 120 926 εὖ
141 900 184 926 τε
210 884 277 926 καὶ
301 881 357 934 ὥς
376 881 523 941 ἑτέρως
549 883 602 926 τὰ
625 888 798 926 τοιαῦτα
817 887 877 942 τῷ
895 883 1229 941 Καντακουζηνῷ
1254 883 1492 940 ἐψηφίσθαι
1511 894 1599 930 τεΕ

72 954 141 995 καὶ
175 950 415 1010 πεπράχθαι
454 954 601 1011 κρίνειν
626 954 803 1010 παρίημι
834 959 923 1002 τοῖς
954 953 1052 1010 τῇδε
1082 955 1134 1010 τῇ
1168 952 1331 1013 ἱστορία
1367 951 1475 995 κατὰ
1504 952 1554 996 τό

11 1022 13 1024 ’
73 1022 180 1072 εἰκὸς
214 1020 526 1080 ἐντυγχάνουσι,
567 1024 634 1066 καὶ
664 1020 884 1065 συνάπτειν
913 1021 1077 1079 εὐφυῶς
1103 1022 1345 1077 δυναμένοις
1365 1029 1457 1072 ταῖς
1478 1021 1557 1077 ἀρ-

66 1099 164 1147 χαῖς
183 1096 265 1135 τῶν
280 1090 534 1149 πραγμάτων
556 1092 610 1135 τὰ
628 1092 723 1147 τέλη
740 1125 753 1144 ,
788 1093 856 1134 καὶ
875 1089 1157 1148 παρεξετάζων
1167 1124 1183 1145 ,
1212 1090 1349 1149 ὥσπερ
1367 1091 1439 1149 ἐφ’
1464 1089 1555 1142 ἑνός

69 1178 181 1211 τινος
204 1159 399 1216 σώματος
407 1195 422 1215 ,
456 1162 533 1218 τὴν
550 1162 823 1217 ἀλληλουχίαν
850 1163 918 1204 καὶ
936 1162 1174 1216 συστοιχίαν
1195 1165 1279 1205 τῶν
1301 1161 1408 1204 κατὰ
1428 1161 1555 1217 μέρος

16 1233 137 1276 15καὶ
159 1231 268 1274 καθ’
292 1231 445 1275 ἕκαστα
467 1232 758 1289 πεπραγμένων
783 1232 919 1281 τεκαὶ
942 1231 1200 1287 λελεγμένων.
1238 1231 1317 1288 ἐγὼ
1350 1230 1395 1274 δ’
1429 1231 1553 1274 ἐκεῖσε

69 1298 266 1355 ἐπάνειμι.
316 1299 418 1360 (Η.)
449 1299 631 1357 Ἑβδόμη
649 1301 728 1359 γὰρ
747 1301 854 1356 μετὰ
870 1300 947 1357 τὴν
964 1298 1231 1359 ἀναγόρευσιν
1249 1302 1319 1344 καὶ
1337 1317 1550 1359 στεφηφο-
1559 1313 1592 1347 1¹*

70 1371 163 1427 ρίαν
186 1371 339 1427 ἐκείνην
359 1368 493 1428 ἡμέρα
519 1375 681 1428 παρῆν·
718 1373 786 1414 καὶ
815 1368 837 1414 ὃ
856 1370 982 1421 αὐτὸς
1001 1371 1043 1413 ἐν
1062 1370 1319 1429 Βλαχέρναις
1337 1368 1414 1427 εἶχε
1437 1374 1553 1421 θεῖος

68 1439 170 1490 ναὸς
195 1441 307 1494 μετὰ
333 1445 408 1484 τοῦ
441 1439 633 1497 βήματος
666 1442 735 1484 καὶ
766 1445 850 1484 τῶν
881 1442 1041 1498 δίφρων
1071 1441 1231 1484 ἐκείνων
1270 1438 1369 1490 τούς
1395 1457 1440 1483 τε
1468 1444 1551 1495 βα-

69 1509 207 1560 σιλέας
225 1507 330 1565 ὁμοῦ
344 1512 411 1554 καὶ
428 1510 504 1562 τὰς
521 1512 762 1563 βασιλίδας’
784 1511 855 1553 καὶ
871 1510 924 1553 τὰ
938 1508 1093 1565 νόμιμα
1112 1514 1187 1566 τῆς
1205 1514 1288 1553 τῶν
1305 1510 1407 1553 νέων
1424 1513 1551 1564 βασι·
1567 1507 1572 1512 ’

11 1579 171 1626 ξολὲων
197 1583 450 1637 προετελεΐτο
479 1582 690 1637 συζυγίας,
713 1578 908 1623 Ἰωάννου
936 1581 1043 1637 φημὶ
1069 1581 1136 1622 καὶ
1153 1577 1337 1634 Ἑλένης,
1367 1582 1444 1621 τοῦ
1471 1578 1550 1634 μὲν

68 1646 398 1700 ἕξκαιδεκαέτους
416 1648 558 1702 ὄντος,
592 1654 670 1705 τῆς
690 1650 736 1692 δὲ
755 1651 872 1692 δυοῖν
888 1646 1197 1705 ὖποβεβηκυιάς
1214 1649 1317 1691 ἐτῶν
1336 1649 1501 1692 ἐκείνου.

170 1716 240 1772 ιβ’.
274 1718 390 1762 Ἐπεὶ
418 1719 465 1762 δὲ
498 1718 678 1776 στρατὸς
706 1720 775 1764 καὶ
807 1720 941 1774 δῆμος
974 1717 1084 1769 ἅπας
1111 1717 1295 1774 ἤσχαλλέ
1322 1735 1366 1761 τε
1397 1719 1466 1760 καὶ
1494 1717 1679 1764 numios

65 1787 268 1843 μέλλοντα
295 1792 456 1844 μᾶλλον
486 1787 514 1845 ἢ
540 1788 591 1832 τὰ
611 1786 799 1846 παρόντα
822 1789 963 1832 ἐδεδίει
988 1786 1279 1846 δικαιωτήρια,
1318 1786 1388 1830 διὰ
1410 1786 1459 1831 τὸ
1479 1788 1547 1830 ἐκ-

159 1887 191 1922 1.
221 1881 477 1969 fregopvttnoig
506 1886 607 1923 Boiv.
641 1898 733 1923 corr.
762 1899 827 1935 pro
849 1883 1100 1934 πεφρονικῶς.
1189 1887 1223 1924 8.
1259 1882 1328 1928 τὰς
1357 1885 1480 1928 κακῶς
1499 1883 1545 1921 τό

157 1945 246 1969 conl.
300 1946 370 1969 olv-

61 2025 128 2060 pro
143 2013 316 2049 laboribus
329 2014 436 2061 digua
452 2014 669 2061 persolvere3
693 2027 737 2051 ne
758 2018 900 2051 curaret
916 2014 1064 2062 quidem,
1081 2014 1142 2049 ubi
1158 2014 1295 2050 illorum
1309 2012 1546 2060 unusquisque

63 2061 204 2105 vesperi
224 2061 460 2096 diversaturus
479 2068 591 2097 esset:
615 2063 677 2099 sed
697 2068 734 2098 et
751 2068 974 2109 reposcentes
996 2063 1212 2107 increparet,
1236 2065 1273 2096 et
1290 2060 1544 2096 clamitantibus

62 2106 323 2152 indignaretur,
348 2113 384 2143 et
411 2114 652 2155 pernoctantes
680 2110 742 2144 sub
769 2110 827 2145 dio
846 2121 888 2145 ac
909 2110 1038 2144 circum
1061 2109 1190 2144 alienas
1215 2109 1310 2142 fores
1333 2107 1543 2142 errabundos

61 2155 270 2200 negligeret,
317 2155 489 2190 Nimirum
505 2156 549 2190 iis
566 2169 644 2191 sese
663 2156 721 2191 ille
735 2162 896 2203 tanquam
911 2157 1085 2202 exemplar
1101 2155 1327 2201 proponebat,
1345 2154 1406 2200 qui
1423 2154 1542 2188 eadem

61 2206 99 2235 et
115 2202 192 2245 ipse
211 2206 409 2246 pateretur3
433 2202 530 2237 velut
547 2204 670 2249 aliquis
688 2203 908 2249 dispensator
931 2208 994 2237 aut
1018 2203 1194 2248 libripens,
1218 2201 1277 2247 qui
1295 2205 1390 2236 stans
1411 2200 1543 2235 medius

62 2258 107 2281 ex
127 2259 237 2293 aequo
257 2248 324 2282 sibi
341 2254 377 2283 et
394 2248 471 2286 aliis
488 2250 659 2284 fortunam
676 2262 735 2284 seu
752 2261 950 2296 prosperam
969 2262 1032 2284 seu
1051 2250 1203 2295 iniquam
1222 2247 1420 2289 distribuat,
1440 2258 1543 2294 prae-

61 2293 143 2328 cisis
159 2293 209 2328 ita
226 2295 393 2330 radicitus
411 2301 447 2330 et
460 2296 609 2330 occlusis
627 2296 671 2331 iis
689 2296 829 2342 linguis,
846 2309 936 2343 quae
951 2296 1115 2331 examinis
1131 2295 1215 2330 iusti
1234 2295 1443 2340 aequitatem
1460 2304 1543 2339 per·-

59 2350 177 2386 peram
204 2341 488 2387 interpretentur.
534 2343 607 2378 Sed
628 2348 741 2377 utrum
767 2343 827 2378 illa
851 2349 948 2378 recte
971 2355 1079 2378 necne
1098 2342 1358 2376 Cantacuzenus
1377 2340 1544 2375 statuerit

58 2391 166 2432 atque
182 2387 318 2431 fecerit,
341 2388 411 2423 illis
428 2389 584 2444 relinquo
603 2390 833 2432 iudicandum,
851 2390 911 2436 qui
927 2391 1016 2424 hanc
1036 2389 1212 2424 historiam
1232 2400 1273 2423 eo
1293 2387 1393 2421 modo
1410 2386 1542 2431 legunt,

58 2444 128 2479 quo
153 2440 311 2479 oportet3
343 2435 471 2482 quique
495 2436 596 2471 imtia
622 2447 736 2471 rerum
759 2448 834 2471 cum
856 2436 1019 2471 extremis
1048 2435 1223 2470 commode
1244 2444 1468 2479 componere,
1492 2438 1541 2475 et,

58 2483 223 2525 tanquam
241 2481 278 2516 in
296 2493 363 2516 uno
381 2493 548 2527 corpore,
570 2495 682 2518 rerum
702 2483 935 2529 particulatim
959 2495 1002 2518 ac
1026 2482 1203 2528 sigillatim
1227 2486 1401 2527 gestarum
1423 2480 1541 2514 dicta-

59 2536 178 2560 rumve
201 2528 452 2563 cohaerentiam
476 2534 513 2564 et
528 2529 651 2564 seriem
667 2530 763 2564 sacta
781 2529 1037 2575 comparatione
1055 2530 1242 2563 observare
1259 2529 1412 2574 possunt.
1460 2525 1541 2570 Ego

57 2583 142 2606 vero
158 2572 239 2608 illuc
255 2574 373 2609 redeo.
408 2575 543 2620 (vm.)
563 2576 717 2622 Septimo
735 2581 814 2622 post
829 2576 1095 2611 celebrationem
1113 2575 1206 2610 illam
1225 2579 1260 2609 et
1279 2573 1448 2607 solennem
1463 2572 1541 2606 ‹lia-

57 2617 203 2653 dematie
221 2619 471 2666 impositionem
491 2623 570 2664 die,
589 2623 750 2669 templum
767 2623 859 2657 idem
875 2623 1151 2664 fflachernense,
1176 2621 1296 2656 eodem
1311 2620 1478 2664 suggestu
1504 2622 1542 2653 et

56 2663 101 2718 iis
120 2676 211 2710 quae
226 2666 372 2702 diximus
389 2668 569 2711 sedilibus,
586 2669 812 2715 imperatores
830 2669 932 2704 simul
948 2674 986 2704 et
1001 2668 1236 2715 imperatrices
1251 2665 1409 2711 excepit3
1434 2669 1541 2710 atque

55 2710 105 2744 1bi
122 2711 288 2747 iuniorum
306 2714 497 2760 principum
518 2716 716 2750 coniunctio
738 2715 805 2750 rite
821 2717 980 2762 perfecta
998 2722 1072 2757 est,
1095 2715 1234 2749 Ioannis
1251 2713 1392 2758 inquam
1410 2715 1448 2745 et
1465 2712 1541 2746 He-

55 2755 175 2792 lenae:
198 2758 292 2793 iuius
310 2760 448 2805 quidem
468 2761 617 2797 sedecim
635 2773 743 2797 annos
760 2764 856 2804 nati3
879 2762 981 2797 huius
997 2768 1110 2797 autem
1131 2760 1269 2796 biennio
1285 2757 1442 2792 iunioris.

150 2806 205 2840 12.
228 2805 299 2840 Sed
325 2807 407 2852 quia
429 2809 539 2843 omnis
563 2813 600 2843 et
620 2808 791 2843 exercitus
810 2813 849 2844 et
869 2808 1017 2855 populus
1035 2808 1194 2843 molestia
1211 2805 1475 2846 afficiebantur,
1498 2814 1541 2838 ac

53 2849 170 2886 futura
187 2851 298 2898 magis
321 2864 422 2900 quam
444 2854 643 2901 praesentia
660 2855 871 2891 verebantur
887 2855 1039 2897 iudicia,
1062 2866 1104 2890 eo
1122 2853 1215 2900 quod
1233 2865 1255 2889 a
1270 2851 1422 2894 Ioanne,
1442 2855 1541 2886 ante-
