<?xml version="1.0" encoding="UTF-8"?>
<!DOCTYPE html PUBLIC "-//W3C//DTD XHTML 1.0 Transitional//EN"
    "http://www.w3.org/TR/xhtml1/DTD/xhtml1-transitional.dtd">
<html xmlns="http://www.w3.org/1999/xhtml" xml:lang="en" lang="en">
 <head>
  <title>
</title>
<meta http-equiv="Content-Type" content="text/html;charset=utf-8" />
  <meta name='ocr-system' content='tesseract 3.04.00' />
  <meta name='ocr-capabilities' content='ocr_page ocr_carea ocr_par ocr_line ocrx_word'/>
</head>
<body>
  <div class='ocr_page' id='page_1' title='image "./corpusscriptorum39niebuoft_0538.png"; bbox 0 0 1794 3172; ppageno 0'>
   <div class='ocr_carea' id='block_1_1' title="bbox 261 155 1339 206">
    <p class='ocr_par' dir='ltr' id='par_1_1' title="bbox 261 155 1339 206">
     <span class='ocr_line' id='line_1_1' title="bbox 261 155 1339 206; baseline -0.004 -2"><span class='ocrx_word' id='word_1_1' title='bbox 261 156 396 206; x_wconf 83' lang='lat'>1096</span> <span class='ocrx_word' id='word_1_2' title='bbox 670 156 989 204; x_wconf 87' lang='lat' dir='ltr'>NICEPHORI</span> <span class='ocrx_word' id='word_1_3' title='bbox 1018 155 1339 204; x_wconf 84' lang='lat' dir='ltr'><strong>GREGORAE</strong></span> 
     </span>
    </p>
   </div>
   <div class='ocr_carea' id='block_1_2' title="bbox 39 263 1794 1870">
    <p class='ocr_par' dir='ltr' id='par_1_2' title="bbox 39 263 1794 1870">
     <span class='ocr_line' id='line_1_2' title="bbox 39 263 1737 326; baseline -0.006 -8"><span class='ocrx_word' id='word_1_4' title='bbox 39 284 78 318; x_wconf 80' lang='grc' dir='ltr'>Α.</span> <span class='ocrx_word' id='word_1_5' title='bbox 97 283 143 317; x_wconf 85' lang='grc' dir='ltr'>Μ.</span> <span class='ocrx_word' id='word_1_6' title='bbox 160 282 251 320; x_wconf 81' lang='grc'><strong>6859</strong></span> <span class='ocrx_word' id='word_1_7' title='bbox 263 273 313 319; x_wconf 80' lang='grc' dir='ltr'>τὸ</span> <span class='ocrx_word' id='word_1_8' title='bbox 327 270 375 317; x_wconf 55' lang='grc' dir='ltr'>(ἓν</span> <span class='ocrx_word' id='word_1_9' title='bbox 395 270 530 316; x_wconf 76' lang='grc' dir='ltr'><em>καὶτὰ</em></span> <span class='ocrx_word' id='word_1_10' title='bbox 547 269 712 314; x_wconf 69' lang='grc' dir='ltr'><em>ἐναντία</em></span> <span class='ocrx_word' id='word_1_11' title='bbox 732 267 920 319; x_wconf 77' lang='grc' dir='ltr'><em>ἓνοειδῶς</em></span> <span class='ocrx_word' id='word_1_12' title='bbox 939 268 1008 312; x_wconf 80' lang='grc' dir='ltr'>καὶ</span> <span class='ocrx_word' id='word_1_13' title='bbox 1029 263 1271 325; x_wconf 75' lang='grc' dir='ltr'><em>ἅσυγχῦτως</em></span> <span class='ocrx_word' id='word_1_14' title='bbox 1287 266 1553 326; x_wconf 79' lang='grc' dir='ltr'><em>προείληφε.”</em></span> <span class='ocrx_word' id='word_1_15' title='bbox 1574 266 1642 310; x_wconf 80' lang='grc' dir='ltr'>καὶ</span> <span class='ocrx_word' id='word_1_16' title='bbox 1655 263 1737 309; x_wconf 77' lang='grc' dir='ltr'>πά-</span> 
     </span>
     <span class='ocr_line' id='line_1_3' title="bbox 93 330 1736 398; baseline -0.006 -10"><span class='ocrx_word' id='word_1_17' title='bbox 93 331 163 365; x_wconf 83' lang='lat' dir='ltr'>Ind.</span> <span class='ocrx_word' id='word_1_18' title='bbox 177 330 202 365; x_wconf 79' lang='lat'><strong>4</strong></span> <span class='ocrx_word' id='word_1_19' title='bbox 261 348 326 387; x_wconf 93' lang='grc' dir='ltr'><em>λιν</em></span> <span class='ocrx_word' id='word_1_20' title='bbox 356 341 377 386; x_wconf 80' lang='grc' dir='ltr'><strong><em>ὅ</em></strong></span> <span class='ocrx_word' id='word_1_21' title='bbox 399 338 525 391; x_wconf 82' lang='grc' dir='ltr'><em>αὗτός</em></span> <span class='ocrx_word' id='word_1_22' title='bbox 551 353 701 398; x_wconf 80' lang='grc' dir='ltr'><em>φησιν·</em></span> <span class='ocrx_word' id='word_1_23' title='bbox 742 339 844 394; x_wconf 62' lang='lat' dir='ltr'>„gni</span> <span class='ocrx_word' id='word_1_24' title='bbox 861 342 966 382; x_wconf 87' lang='grc' dir='ltr'><em>θεοῦ</em></span> <span class='ocrx_word' id='word_1_25' title='bbox 983 335 1138 382; x_wconf 74' lang='grc' dir='ltr'><em>ταύτόν</em></span> <span class='ocrx_word' id='word_1_26' title='bbox 1160 338 1245 381; x_wconf 76' lang='grc' dir='ltr'><em>ἔστι</em></span> <span class='ocrx_word' id='word_1_27' title='bbox 1264 336 1312 381; x_wconf 84' lang='grc' dir='ltr'>τὸ</span> <span class='ocrx_word' id='word_1_28' title='bbox 1333 337 1459 381; x_wconf 82' lang='grc' dir='ltr'><em>καλὸν</em></span> <span class='ocrx_word' id='word_1_29' title='bbox 1481 341 1541 396; x_wconf 80' lang='grc' dir='ltr'>τῷ</span> <span class='ocrx_word' id='word_1_30' title='bbox 1564 336 1736 395; x_wconf 73' lang='grc' dir='ltr'><em>ἀγαθῷ·</em></span> 
     </span>
     <span class='ocr_line' id='line_1_4' title="bbox 263 404 1739 468; baseline -0.005 -12"><span class='ocrx_word' id='word_1_31' title='bbox 263 416 337 458; x_wconf 87' lang='grc' dir='ltr'>τοῦ</span> <span class='ocrx_word' id='word_1_32' title='bbox 357 414 485 455; x_wconf 89' lang='grc' dir='ltr'><em>καλοῦ</em></span> <span class='ocrx_word' id='word_1_33' title='bbox 504 409 582 468; x_wconf 78' lang='grc' dir='ltr'><em>γὰρ</em></span> <span class='ocrx_word' id='word_1_34' title='bbox 601 410 669 452; x_wconf 84' lang='grc' dir='ltr'>καὶ</span> <span class='ocrx_word' id='word_1_35' title='bbox 693 407 860 466; x_wconf 75' lang='grc' dir='ltr'><em>ἀγαθοῦ</em></span> <span class='ocrx_word' id='word_1_36' title='bbox 880 406 1019 451; x_wconf 80' lang='grc' dir='ltr'><em>πάντα</em></span> <span class='ocrx_word' id='word_1_37' title='bbox 1045 408 1214 466; x_wconf 73' lang='grc' dir='ltr'><em>ἐφίεται.</em></span> <span class='ocrx_word' id='word_1_38' title='bbox 1262 406 1389 450; x_wconf 84' lang='grc' dir='ltr'><em>καλὸν</em></span> <span class='ocrx_word' id='word_1_39' title='bbox 1418 407 1464 450; x_wconf 80' lang='grc' dir='ltr'>δὲ</span> <span class='ocrx_word' id='word_1_40' title='bbox 1494 408 1562 450; x_wconf 83' lang='grc' dir='ltr'>καὶ</span> <span class='ocrx_word' id='word_1_41' title='bbox 1589 404 1739 456; x_wconf 83' lang='grc' dir='ltr'><em>κάλλος</em></span> 
     </span>
     <span class='ocr_line' id='line_1_5' title="bbox 109 476 1738 538; baseline -0.002 -17"><span class='ocrx_word' id='word_1_42' title='bbox 109 484 152 521; x_wconf 86' lang='grc' dir='ltr'>Ρ.</span> <span class='ocrx_word' id='word_1_43' title='bbox 171 485 239 523; x_wconf 88' lang='lat'>688</span> <span class='ocrx_word' id='word_1_44' title='bbox 265 482 312 527; x_wconf 79' lang='grc' dir='ltr'><em>οὗ</em></span> <span class='ocrx_word' id='word_1_45' title='bbox 335 479 557 538; x_wconf 79' lang='grc' dir='ltr'><em>διαιρετέον</em></span> <span class='ocrx_word' id='word_1_46' title='bbox 580 480 644 522; x_wconf 75' lang='grc' dir='ltr'>ἐπὶ</span> <span class='ocrx_word' id='word_1_47' title='bbox 666 483 742 534; x_wconf 80' lang='grc' dir='ltr'>τῆς</span> <span class='ocrx_word' id='word_1_48' title='bbox 761 479 802 521; x_wconf 80' lang='grc' dir='ltr'>ἒν</span> <span class='ocrx_word' id='word_1_49' title='bbox 826 476 883 522; x_wconf 72' lang='grc' dir='ltr'>ἑνὶ</span> <span class='ocrx_word' id='word_1_50' title='bbox 903 478 956 521; x_wconf 78' lang='grc' dir='ltr'>τὰ</span> <span class='ocrx_word' id='word_1_51' title='bbox 977 476 1054 522; x_wconf 82' lang='grc' dir='ltr'>ὅλα</span> <span class='ocrx_word' id='word_1_52' title='bbox 1087 478 1378 535; x_wconf 82' lang='grc' dir='ltr'><em>συνειληφυιάς</em></span> <span class='ocrx_word' id='word_1_53' title='bbox 1409 478 1555 527; x_wconf 81' lang='grc' dir='ltr'><em>αἲτιάς.</em></span> <span class='ocrx_word' id='word_1_54' title='bbox 1603 479 1738 519; x_wconf 87' lang='grc' dir='ltr'><em>ταῦτα</em></span> 
     </span>
     <span class='ocr_line' id='line_1_6' title="bbox 261 544 1767 610; baseline -0.005 -15"><span class='ocrx_word' id='word_1_55' title='bbox 261 552 339 610; x_wconf 77' lang='grc' dir='ltr'><em>γὰρ</em></span> <span class='ocrx_word' id='word_1_56' title='bbox 372 551 436 594; x_wconf 75' lang='grc' dir='ltr'><em>ε’πὶ</em></span> <span class='ocrx_word' id='word_1_57' title='bbox 463 550 539 606; x_wconf 74' lang='grc' dir='ltr'>μὲν</span> <span class='ocrx_word' id='word_1_58' title='bbox 574 553 658 593; x_wconf 81' lang='grc' dir='ltr'>τῶν</span> <span class='ocrx_word' id='word_1_59' title='bbox 693 548 823 592; x_wconf 72' lang='grc' dir='ltr'><em>ὄντων</em></span> <span class='ocrx_word' id='word_1_60' title='bbox 863 545 1058 592; x_wconf 75' lang='grc' dir='ltr'><em>ἁπάντων</em></span> <span class='ocrx_word' id='word_1_61' title='bbox 1069 581 1082 601; x_wconf 85' lang='grc'>,</span> <span class='ocrx_word' id='word_1_62' title='bbox 1126 549 1182 597; x_wconf 77' lang='grc' dir='ltr'>εἷς</span> <span class='ocrx_word' id='word_1_63' title='bbox 1205 547 1429 602; x_wconf 76' lang='grc' dir='ltr'><em>μετέχοντα</em></span> <span class='ocrx_word' id='word_1_64' title='bbox 1467 547 1533 588; x_wconf 79' lang='grc' dir='ltr'>καὶ</span> <span class='ocrx_word' id='word_1_65' title='bbox 1560 544 1767 600; x_wconf 79' lang='grc' dir='ltr'><em>μετοχὰςό</em></span> 
     </span>
     <span class='ocr_line' id='line_1_7' title="bbox 265 613 1742 678; baseline -0.005 -14"><span class='ocrx_word' id='word_1_66' title='bbox 265 624 532 678; x_wconf 79' lang='grc' dir='ltr'><em>διαιροῦντες,</em></span> <span class='ocrx_word' id='word_1_67' title='bbox 569 618 695 662; x_wconf 81' lang='grc' dir='ltr'><em>καλὸν</em></span> <span class='ocrx_word' id='word_1_68' title='bbox 715 618 882 675; x_wconf 75' lang='grc' dir='ltr'><em>λέγομεν</em></span> <span class='ocrx_word' id='word_1_69' title='bbox 907 617 956 661; x_wconf 86' lang='grc' dir='ltr'>τὸ</span> <span class='ocrx_word' id='word_1_70' title='bbox 987 615 1163 668; x_wconf 80' lang='grc' dir='ltr'><em>κάλλους</em></span> <span class='ocrx_word' id='word_1_71' title='bbox 1182 617 1377 672; x_wconf 84' lang='grc' dir='ltr'><em>μετέχον’</em></span> <span class='ocrx_word' id='word_1_72' title='bbox 1413 613 1564 666; x_wconf 77' lang='grc' dir='ltr'><em>κάλλος</em></span> <span class='ocrx_word' id='word_1_73' title='bbox 1593 616 1637 658; x_wconf 80' lang='grc' dir='ltr'>δὲ</span> <span class='ocrx_word' id='word_1_74' title='bbox 1666 613 1742 669; x_wconf 71' lang='grc' dir='ltr'>τὴν</span> 
     </span>
     <span class='ocr_line' id='line_1_8' title="bbox 263 683 1743 748; baseline -0.005 -15"><span class='ocrx_word' id='word_1_75' title='bbox 263 690 440 748; x_wconf 81' lang='grc' dir='ltr'><em>μετοχὴν</em></span> <span class='ocrx_word' id='word_1_76' title='bbox 459 693 535 745; x_wconf 79' lang='grc' dir='ltr'>τῆς</span> <span class='ocrx_word' id='word_1_77' title='bbox 561 692 810 732; x_wconf 83' lang='grc' dir='ltr'><em>καλλοποιοῦ</em></span> <span class='ocrx_word' id='word_1_78' title='bbox 835 691 918 731; x_wconf 84' lang='grc' dir='ltr'>τῶν</span> <span class='ocrx_word' id='word_1_79' title='bbox 938 686 1069 731; x_wconf 78' lang='grc' dir='ltr'><em>ὅντων</em></span> <span class='ocrx_word' id='word_1_80' title='bbox 1088 688 1236 737; x_wconf 78' lang='grc' dir='ltr'><em>αἰτίας.</em></span> <span class='ocrx_word' id='word_1_81' title='bbox 1283 684 1304 730; x_wconf 82' lang='grc' dir='ltr'><em>ὃ</em></span> <span class='ocrx_word' id='word_1_82' title='bbox 1328 686 1373 729; x_wconf 81' lang='grc' dir='ltr'>δὲ</span> <span class='ocrx_word' id='word_1_83' title='bbox 1395 685 1496 736; x_wconf 88' lang='grc' dir='ltr'><em>θεὸς</em></span> <span class='ocrx_word' id='word_1_84' title='bbox 1519 689 1652 728; x_wconf 86' lang='grc' dir='ltr'><em>ταῦτα</em></span> <span class='ocrx_word' id='word_1_85' title='bbox 1675 683 1743 726; x_wconf 87' lang='grc' dir='ltr'>λέ-</span> 
     </span>
     <span class='ocr_line' id='line_1_9' title="bbox 263 752 1741 819; baseline -0.005 -15"><span class='ocrx_word' id='word_1_86' title='bbox 263 778 376 819; x_wconf 72' lang='grc' dir='ltr'><em>γεται</em></span> <span class='ocrx_word' id='word_1_87' title='bbox 389 793 403 815; x_wconf 84' lang='lat'><em>,</em></span> <span class='ocrx_word' id='word_1_88' title='bbox 443 757 500 809; x_wconf 82' lang='grc' dir='ltr'>ὥς</span> <span class='ocrx_word' id='word_1_89' title='bbox 521 758 651 809; x_wconf 71' lang='grc' dir='ltr'><em>αἴτιος</em></span> <span class='ocrx_word' id='word_1_90' title='bbox 669 756 841 802; x_wconf 79' lang='grc' dir='ltr'><em>τούτων.</em></span> <span class='ocrx_word' id='word_1_91' title='bbox 890 758 933 800; x_wconf 70' lang='grc' dir='ltr'>ἐκ</span> <span class='ocrx_word' id='word_1_92' title='bbox 962 761 1067 800; x_wconf 85' lang='grc' dir='ltr'><em>θεοῦ</em></span> <span class='ocrx_word' id='word_1_93' title='bbox 1093 756 1171 815; x_wconf 75' lang='grc' dir='ltr'><em>γὰρ</em></span> <span class='ocrx_word' id='word_1_94' title='bbox 1204 757 1271 799; x_wconf 82' lang='grc' dir='ltr'>καὶ</span> <span class='ocrx_word' id='word_1_95' title='bbox 1297 757 1339 799; x_wconf 77' lang='grc' dir='ltr'>ἒν</span> <span class='ocrx_word' id='word_1_96' title='bbox 1361 760 1449 815; x_wconf 78' lang='grc' dir='ltr'><em>θεῷ</em></span> <span class='ocrx_word' id='word_1_97' title='bbox 1471 756 1539 798; x_wconf 82' lang='grc' dir='ltr'>καὶ</span> <span class='ocrx_word' id='word_1_98' title='bbox 1567 753 1668 798; x_wconf 78' lang='grc' dir='ltr'><em>αὐτὸ</em></span> <span class='ocrx_word' id='word_1_99' title='bbox 1692 752 1741 796; x_wconf 81' lang='grc' dir='ltr'>τὸ</span> 
     </span>
     <span class='ocr_line' id='line_1_10' title="bbox 268 822 1745 884; baseline -0.006 -10"><span class='ocrx_word' id='word_1_100' title='bbox 268 829 389 882; x_wconf 76' lang='grc' dir='ltr'><em>εἶναι,</em></span> <span class='ocrx_word' id='word_1_101' title='bbox 426 830 494 872; x_wconf 83' lang='grc' dir='ltr'>καὶ</span> <span class='ocrx_word' id='word_1_102' title='bbox 515 828 559 872; x_wconf 82' lang='grc' dir='ltr'>αἶ</span> <span class='ocrx_word' id='word_1_103' title='bbox 581 832 665 871; x_wconf 83' lang='grc' dir='ltr'>τῶν</span> <span class='ocrx_word' id='word_1_104' title='bbox 684 827 814 872; x_wconf 74' lang='grc' dir='ltr'><em>ὄντων</em></span> <span class='ocrx_word' id='word_1_105' title='bbox 834 825 1000 871; x_wconf 82' lang='grc' dir='ltr'><em>πάντων</em></span> <span class='ocrx_word' id='word_1_106' title='bbox 1021 826 1143 884; x_wconf 80' lang='grc' dir='ltr'><em>ἀρχαὶ</em></span> <span class='ocrx_word' id='word_1_107' title='bbox 1154 859 1168 880; x_wconf 88' lang='grc'>,</span> <span class='ocrx_word' id='word_1_108' title='bbox 1203 827 1273 869; x_wconf 82' lang='grc' dir='ltr'>καὶ</span> <span class='ocrx_word' id='word_1_109' title='bbox 1291 825 1343 869; x_wconf 78' lang='grc' dir='ltr'>τὰ</span> <span class='ocrx_word' id='word_1_110' title='bbox 1371 824 1471 869; x_wconf 70' lang='grc' dir='ltr'><em>ὄντα</em></span> <span class='ocrx_word' id='word_1_111' title='bbox 1492 822 1642 878; x_wconf 80' lang='grc' dir='ltr'><em>πάντα,</em></span> <span class='ocrx_word' id='word_1_112' title='bbox 1675 823 1745 866; x_wconf 86' lang='grc' dir='ltr'>καὶ</span> 
     </span>
     <span class='ocr_line' id='line_1_11' title="bbox 266 895 1794 955; baseline -0.005 -12"><span class='ocrx_word' id='word_1_113' title='bbox 266 900 321 944; x_wconf 77' lang='grc' dir='ltr'>τὰ</span> <span class='ocrx_word' id='word_1_114' title='bbox 341 897 533 955; x_wconf 81' lang='grc' dir='ltr'><em>ἀλλήλοις</em></span> <span class='ocrx_word' id='word_1_115' title='bbox 553 898 739 941; x_wconf 72' lang='grc' dir='ltr'><em>ἐναντία·</em></span> <span class='ocrx_word' id='word_1_116' title='bbox 777 898 844 940; x_wconf 78' lang='grc' dir='ltr'>καὶ</span> <span class='ocrx_word' id='word_1_117' title='bbox 866 901 988 940; x_wconf 86' lang='grc' dir='ltr'><em>τοῦτο</em></span> <span class='ocrx_word' id='word_1_118' title='bbox 1019 896 1201 952; x_wconf 74' lang='grc' dir='ltr'><em>ἀσχέτως</em></span> <span class='ocrx_word' id='word_1_119' title='bbox 1224 897 1291 939; x_wconf 86' lang='grc' dir='ltr'>καὶ</span> <span class='ocrx_word' id='word_1_120' title='bbox 1321 895 1535 953; x_wconf 69' lang='grc' dir='ltr'><em>ἐξαιρέτως</em></span> <span class='ocrx_word' id='word_1_121' title='bbox 1556 895 1621 937; x_wconf 81' lang='grc' dir='ltr'>καὶ</span> <span class='ocrx_word' id='word_1_122' title='bbox 1643 910 1743 936; x_wconf 87' lang='grc' dir='ltr'><em>συν-</em></span> <span class='ocrx_word' id='word_1_123' title='bbox 1757 900 1794 935; x_wconf 75' lang='lat'>10</span> 
     </span>
     <span class='ocr_line' id='line_1_12' title="bbox 229 961 1746 1026; baseline -0.005 -13"><span class='ocrx_word' id='word_1_124' title='bbox 229 969 522 1026; x_wconf 88' lang='grc' dir='ltr'><em>Βειλημμένως</em></span> <span class='ocrx_word' id='word_1_125' title='bbox 550 969 618 1011; x_wconf 83' lang='grc' dir='ltr'>καὶ</span> <span class='ocrx_word' id='word_1_126' title='bbox 656 966 827 1017; x_wconf 74' lang='grc' dir='ltr'><em>ἕνιαίως.</em></span> <span class='ocrx_word' id='word_1_127' title='bbox 874 968 942 1010; x_wconf 80' lang='grc' dir='ltr'>καὶ</span> <span class='ocrx_word' id='word_1_128' title='bbox 969 966 1047 1024; x_wconf 79' lang='grc' dir='ltr'><em>γὰρ</em></span> <span class='ocrx_word' id='word_1_129' title='bbox 1080 967 1122 1009; x_wconf 76' lang='grc' dir='ltr'>ἓν</span> <span class='ocrx_word' id='word_1_130' title='bbox 1142 963 1294 1021; x_wconf 79' lang='grc' dir='ltr'><em>μονάδι</em></span> <span class='ocrx_word' id='word_1_131' title='bbox 1313 970 1395 1016; x_wconf 82' lang='grc' dir='ltr'>πᾶς</span> <span class='ocrx_word' id='word_1_132' title='bbox 1414 964 1596 1022; x_wconf 81' lang='grc' dir='ltr'><em>ἀριθμὸς</em></span> <span class='ocrx_word' id='word_1_133' title='bbox 1619 961 1746 1007; x_wconf 73' lang='grc' dir='ltr'><em>ἕνοει-</em></span> 
     </span>
     <span class='ocr_line' id='line_1_13' title="bbox 270 1033 1747 1096; baseline -0.005 -13"><span class='ocrx_word' id='word_1_134' title='bbox 270 1041 353 1090; x_wconf 86' lang='grc' dir='ltr'>δῶς</span> <span class='ocrx_word' id='word_1_135' title='bbox 371 1037 682 1096; x_wconf 75' lang='grc' dir='ltr'><em>προϋφέστηκε,</em></span> <span class='ocrx_word' id='word_1_136' title='bbox 714 1039 780 1080; x_wconf 81' lang='grc' dir='ltr'>καὶ</span> <span class='ocrx_word' id='word_1_137' title='bbox 800 1037 876 1092; x_wconf 65' lang='grc' dir='ltr'><em>ἔχει</em></span> <span class='ocrx_word' id='word_1_138' title='bbox 898 1034 1034 1080; x_wconf 80' lang='grc' dir='ltr'><em>πάντα</em></span> <span class='ocrx_word' id='word_1_139' title='bbox 1054 1036 1237 1094; x_wconf 79' lang='grc' dir='ltr'><em>ἀριθμὸν</em></span> <span class='ocrx_word' id='word_1_140' title='bbox 1258 1033 1284 1092; x_wconf 72' lang='grc' dir='ltr'><em>ἦ</em></span> <span class='ocrx_word' id='word_1_141' title='bbox 1303 1035 1435 1090; x_wconf 75' lang='grc' dir='ltr'><em>μονὰς</em></span> <span class='ocrx_word' id='word_1_142' title='bbox 1456 1036 1498 1078; x_wconf 76' lang='grc' dir='ltr'><em>έν</em></span> <span class='ocrx_word' id='word_1_143' title='bbox 1522 1033 1649 1092; x_wconf 67' lang='grc' dir='ltr'><em>ἑαυτῇ</em></span> <span class='ocrx_word' id='word_1_144' title='bbox 1666 1049 1747 1088; x_wconf 86' lang='grc' dir='ltr'><em>μο-</em></span> 
     </span>
     <span class='ocr_line' id='line_1_14' title="bbox 268 1102 1747 1164; baseline -0.005 -11"><span class='ocrx_word' id='word_1_145' title='bbox 268 1113 406 1164; x_wconf 84' lang='grc' dir='ltr'><em>ναχῶς</em></span> <span class='ocrx_word' id='word_1_146' title='bbox 419 1141 433 1163; x_wconf 82' lang='grc'>,</span> <span class='ocrx_word' id='word_1_147' title='bbox 472 1105 528 1158; x_wconf 80' lang='grc' dir='ltr'>ὥς</span> <span class='ocrx_word' id='word_1_148' title='bbox 549 1109 661 1151; x_wconf 84' lang='grc' dir='ltr'><em>αῗτία</em></span> <span class='ocrx_word' id='word_1_149' title='bbox 679 1106 834 1157; x_wconf 86' lang='grc' dir='ltr'><em>παντὸς</em></span> <span class='ocrx_word' id='word_1_150' title='bbox 854 1105 1039 1163; x_wconf 79' lang='grc' dir='ltr'><em>ἀριθμοῦ</em></span> <span class='ocrx_word' id='word_1_151' title='bbox 1056 1120 1066 1130; x_wconf 85' lang='grc'><em>·</em></span> <span class='ocrx_word' id='word_1_152' title='bbox 1102 1107 1172 1149; x_wconf 85' lang='grc' dir='ltr'>καὶ</span> <span class='ocrx_word' id='word_1_153' title='bbox 1190 1110 1273 1157; x_wconf 82' lang='grc' dir='ltr'>πᾶς</span> <span class='ocrx_word' id='word_1_154' title='bbox 1290 1103 1473 1163; x_wconf 79' lang='grc' dir='ltr'><em>ἀριθμὸς</em></span> <span class='ocrx_word' id='word_1_155' title='bbox 1498 1103 1652 1162; x_wconf 75' lang='grc' dir='ltr'><em>ἥνωται</em></span> <span class='ocrx_word' id='word_1_156' title='bbox 1671 1102 1747 1158; x_wconf 76' lang='grc' dir='ltr'>μὲν</span> 
     </span>
     <span class='ocr_line' id='line_1_15' title="bbox 271 1173 1749 1237; baseline -0.003 -16"><span class='ocrx_word' id='word_1_157' title='bbox 271 1179 315 1222; x_wconf 74' lang='grc' dir='ltr'>ἓν</span> <span class='ocrx_word' id='word_1_158' title='bbox 336 1182 387 1237; x_wconf 82' lang='grc' dir='ltr'>τῇ</span> <span class='ocrx_word' id='word_1_159' title='bbox 407 1174 583 1233; x_wconf 57' lang='lat' dir='ltr'>nomi&amp;-</span> <span class='ocrx_word' id='word_1_160' title='bbox 620 1176 728 1220; x_wconf 83' lang='grc' dir='ltr'><em>καθ’</em></span> <span class='ocrx_word' id='word_1_161' title='bbox 759 1174 857 1219; x_wconf 81' lang='grc' dir='ltr'><em>ὅσον</em></span> <span class='ocrx_word' id='word_1_162' title='bbox 880 1177 924 1219; x_wconf 77' lang='grc' dir='ltr'>δὲ</span> <span class='ocrx_word' id='word_1_163' title='bbox 949 1180 1024 1232; x_wconf 81' lang='grc' dir='ltr'>τῆς</span> <span class='ocrx_word' id='word_1_164' title='bbox 1045 1173 1230 1230; x_wconf 79' lang='grc' dir='ltr'><em>μονάδος</em></span> <span class='ocrx_word' id='word_1_165' title='bbox 1250 1174 1430 1233; x_wconf 87' lang='grc' dir='ltr'><em>πρόεισι,</em></span> <span class='ocrx_word' id='word_1_166' title='bbox 1464 1173 1570 1217; x_wconf 82' lang='grc' dir='ltr'><em>κατὰ</em></span> <span class='ocrx_word' id='word_1_167' title='bbox 1598 1175 1749 1217; x_wconf 88' lang='grc' dir='ltr'><em>τοσοῦ-</em></span> 
     </span>
     <span class='ocr_line' id='line_1_16' title="bbox 271 1243 1794 1305; baseline -0.002 -14"><span class='ocrx_word' id='word_1_168' title='bbox 271 1265 346 1292; x_wconf 90' lang='grc' dir='ltr'>τον</span> <span class='ocrx_word' id='word_1_169' title='bbox 368 1247 615 1305; x_wconf 84' lang='grc' dir='ltr'><em>διακρίνεται</em></span> <span class='ocrx_word' id='word_1_170' title='bbox 634 1248 704 1290; x_wconf 85' lang='grc' dir='ltr'>καὶ</span> <span class='ocrx_word' id='word_1_171' title='bbox 726 1243 1006 1303; x_wconf 77' lang='grc' dir='ltr'><em>πληθύνεται·</em></span> <span class='ocrx_word' id='word_1_172' title='bbox 1044 1243 1100 1296; x_wconf 78' lang='grc' dir='ltr'>ὡς</span> <span class='ocrx_word' id='word_1_173' title='bbox 1121 1247 1187 1288; x_wconf 82' lang='grc' dir='ltr'>καὶ</span> <span class='ocrx_word' id='word_1_174' title='bbox 1208 1247 1250 1288; x_wconf 73' lang='grc' dir='ltr'>ἓν</span> <span class='ocrx_word' id='word_1_175' title='bbox 1274 1245 1426 1304; x_wconf 79' lang='grc' dir='ltr'><em>κέντρῳ</em></span> <span class='ocrx_word' id='word_1_176' title='bbox 1445 1248 1575 1287; x_wconf 79' lang='grc' dir='ltr'><em>πᾶσαι</em></span> <span class='ocrx_word' id='word_1_177' title='bbox 1599 1243 1643 1286; x_wconf 77' lang='grc' dir='ltr'>αἱ</span> <span class='ocrx_word' id='word_1_178' title='bbox 1673 1245 1748 1285; x_wconf 86' lang='grc' dir='ltr'>τοῦ</span> <span class='ocrx_word' id='word_1_179' title='bbox 1760 1249 1794 1288; x_wconf 75' lang='grc' dir='ltr'>1Ξ</span> 
     </span>
     <span class='ocr_line' id='line_1_17' title="bbox 273 1309 1750 1374; baseline -0.004 -14"><span class='ocrx_word' id='word_1_180' title='bbox 273 1315 424 1360; x_wconf 78' lang='grc' dir='ltr'><em>κύκλου</em></span> <span class='ocrx_word' id='word_1_181' title='bbox 452 1318 639 1374; x_wconf 77' lang='grc' dir='ltr'><em>γραμμαὶ</em></span> <span class='ocrx_word' id='word_1_182' title='bbox 665 1316 772 1360; x_wconf 78' lang='grc' dir='ltr'><em>κατὰ</em></span> <span class='ocrx_word' id='word_1_183' title='bbox 803 1317 902 1370; x_wconf 86' lang='grc' dir='ltr'><em>μίαν</em></span> <span class='ocrx_word' id='word_1_184' title='bbox 938 1315 1080 1359; x_wconf 67' lang='grc' dir='ltr'><em>ἕνωσιν</em></span> <span class='ocrx_word' id='word_1_185' title='bbox 1111 1312 1466 1373; x_wconf 79' lang='grc' dir='ltr'><em>συνυφεστήκασι,</em></span> <span class='ocrx_word' id='word_1_186' title='bbox 1513 1315 1582 1357; x_wconf 85' lang='grc' dir='ltr'>καὶ</span> <span class='ocrx_word' id='word_1_187' title='bbox 1610 1309 1750 1362; x_wconf 78' lang='grc' dir='ltr'><em>πάσας</em></span> 
     </span>
     <span class='ocr_line' id='line_1_18' title="bbox 232 1381 1752 1444; baseline -0.003 -14"><span class='ocrx_word' id='word_1_188' title='bbox 232 1386 352 1442; x_wconf 60' lang='grc' dir='ltr'><em>Εἴχει</em></span> <span class='ocrx_word' id='word_1_189' title='bbox 383 1386 430 1430; x_wconf 80' lang='grc' dir='ltr'>τὸ</span> <span class='ocrx_word' id='word_1_190' title='bbox 461 1386 627 1444; x_wconf 88' lang='grc' dir='ltr'><em>κέντρον</em></span> <span class='ocrx_word' id='word_1_191' title='bbox 661 1385 737 1436; x_wconf 83' lang='grc' dir='ltr'>τὰς</span> <span class='ocrx_word' id='word_1_192' title='bbox 768 1385 932 1436; x_wconf 75' lang='grc' dir='ltr'><em>εὐθείας</em></span> <span class='ocrx_word' id='word_1_193' title='bbox 953 1383 1153 1435; x_wconf 75' lang='grc' dir='ltr'><em>ἒνοειδιῦς.</em></span> <span class='ocrx_word' id='word_1_194' title='bbox 1199 1384 1307 1428; x_wconf 77' lang='grc' dir='ltr'><em>ἀλλὰ</em></span> <span class='ocrx_word' id='word_1_195' title='bbox 1337 1386 1405 1427; x_wconf 83' lang='grc' dir='ltr'>καὶ</span> <span class='ocrx_word' id='word_1_196' title='bbox 1429 1384 1469 1427; x_wconf 76' lang='grc' dir='ltr'>ἓν</span> <span class='ocrx_word' id='word_1_197' title='bbox 1491 1387 1541 1442; x_wconf 79' lang='grc' dir='ltr'>τῇ</span> <span class='ocrx_word' id='word_1_198' title='bbox 1562 1381 1638 1440; x_wconf 81' lang='grc' dir='ltr'><em>ὅλῃ</em></span> <span class='ocrx_word' id='word_1_199' title='bbox 1667 1385 1752 1425; x_wconf 85' lang='grc' dir='ltr'>τῶν</span> 
     </span>
     <span class='ocr_line' id='line_1_19' title="bbox 276 1450 1752 1514; baseline -0.004 -14"><span class='ocrx_word' id='word_1_200' title='bbox 276 1455 384 1501; x_wconf 80' lang='grc' dir='ltr'><em>ὅλων</em></span> <span class='ocrx_word' id='word_1_201' title='bbox 415 1453 536 1514; x_wconf 75' lang='grc' dir='ltr'><em>φύσει</em></span> <span class='ocrx_word' id='word_1_202' title='bbox 575 1453 723 1506; x_wconf 83' lang='grc' dir='ltr'><em>πάντες</em></span> <span class='ocrx_word' id='word_1_203' title='bbox 757 1456 795 1499; x_wconf 79' lang='grc' dir='ltr'><em>οἱ</em></span> <span class='ocrx_word' id='word_1_204' title='bbox 828 1453 940 1511; x_wconf 79' lang='grc' dir='ltr'><em>λόγοι</em></span> <span class='ocrx_word' id='word_1_205' title='bbox 972 1459 1047 1511; x_wconf 82' lang='grc' dir='ltr'>τῆς</span> <span class='ocrx_word' id='word_1_206' title='bbox 1077 1453 1184 1498; x_wconf 68' lang='grc' dir='ltr'><em>καθ’</em></span> <span class='ocrx_word' id='word_1_207' title='bbox 1225 1455 1398 1498; x_wconf 69' lang='grc' dir='ltr'><em>ἕκαστον</em></span> <span class='ocrx_word' id='word_1_208' title='bbox 1427 1450 1590 1511; x_wconf 79' lang='grc' dir='ltr'><em>φύσεως</em></span> <span class='ocrx_word' id='word_1_209' title='bbox 1617 1468 1752 1496; x_wconf 83' lang='grc' dir='ltr'><em>συνει-</em></span> 
     </span>
     <span class='ocr_line' id='line_1_20' title="bbox 275 1522 1752 1584; baseline -0.003 -15"><span class='ocrx_word' id='word_1_210' title='bbox 275 1525 475 1582; x_wconf 83' lang='grc' dir='ltr'><em>λημμένοι</em></span> <span class='ocrx_word' id='word_1_211' title='bbox 505 1527 582 1569; x_wconf 81' lang='grc' dir='ltr'><em>εἶσὶ</em></span> <span class='ocrx_word' id='word_1_212' title='bbox 611 1525 718 1569; x_wconf 77' lang='grc' dir='ltr'><em>κατὰ</em></span> <span class='ocrx_word' id='word_1_213' title='bbox 737 1526 836 1580; x_wconf 87' lang='grc' dir='ltr'><em>μίαν</em></span> <span class='ocrx_word' id='word_1_214' title='bbox 867 1522 1095 1581; x_wconf 64' lang='grc' dir='ltr'><em>ἆσῦγχυτον</em></span> <span class='ocrx_word' id='word_1_215' title='bbox 1125 1524 1267 1568; x_wconf 65' lang='grc' dir='ltr'><em>ἕνωσιν</em></span> <span class='ocrx_word' id='word_1_216' title='bbox 1280 1558 1293 1579; x_wconf 84' lang='grc'>,</span> <span class='ocrx_word' id='word_1_217' title='bbox 1320 1526 1386 1567; x_wconf 77' lang='grc' dir='ltr'>καὶ</span> <span class='ocrx_word' id='word_1_218' title='bbox 1406 1523 1448 1567; x_wconf 75' lang='grc' dir='ltr'>ἓν</span> <span class='ocrx_word' id='word_1_219' title='bbox 1467 1527 1519 1582; x_wconf 83' lang='grc' dir='ltr'>τῇ</span> <span class='ocrx_word' id='word_1_220' title='bbox 1534 1526 1652 1584; x_wconf 75' lang='grc' dir='ltr'><em>’ψυχῇ</em></span> <span class='ocrx_word' id='word_1_221' title='bbox 1670 1538 1752 1577; x_wconf 93' lang='grc' dir='ltr'><em>μο-</em></span> 
     </span>
     <span class='ocr_line' id='line_1_21' title="bbox 276 1589 1794 1652; baseline -0.003 -13"><span class='ocrx_word' id='word_1_222' title='bbox 276 1598 445 1646; x_wconf 80' lang='grc' dir='ltr'><em>νοειδῶς</em></span> <span class='ocrx_word' id='word_1_223' title='bbox 469 1595 512 1638; x_wconf 81' lang='grc' dir='ltr'>αἶ</span> <span class='ocrx_word' id='word_1_224' title='bbox 532 1599 615 1639; x_wconf 82' lang='grc' dir='ltr'>τῶν</span> <span class='ocrx_word' id='word_1_225' title='bbox 639 1595 745 1639; x_wconf 80' lang='grc' dir='ltr'><em>κατὰ</em></span> <span class='ocrx_word' id='word_1_226' title='bbox 763 1595 888 1652; x_wconf 82' lang='grc' dir='ltr'><em>μέρος</em></span> <span class='ocrx_word' id='word_1_227' title='bbox 908 1593 1074 1638; x_wconf 81' lang='grc' dir='ltr'><em>πάντων</em></span> <span class='ocrx_word' id='word_1_228' title='bbox 1101 1593 1365 1652; x_wconf 81' lang='grc' dir='ltr'><em>προνοητικάὶ</em></span> <span class='ocrx_word' id='word_1_229' title='bbox 1393 1597 1468 1637; x_wconf 87' lang='grc' dir='ltr'>τοῦ</span> <span class='ocrx_word' id='word_1_230' title='bbox 1490 1591 1587 1637; x_wconf 78' lang='grc' dir='ltr'><em>ὅλου</em></span> <span class='ocrx_word' id='word_1_231' title='bbox 1607 1589 1794 1647; x_wconf 71' lang='grc' dir='ltr'><em>στόμα-2(</em></span> 
     </span>
     <span class='ocr_line' id='line_1_22' title="bbox 277 1659 1751 1721; baseline -0.003 -13"><span class='ocrx_word' id='word_1_232' title='bbox 277 1683 352 1716; x_wconf 87' lang='grc' dir='ltr'>τος</span> <span class='ocrx_word' id='word_1_233' title='bbox 389 1663 593 1721; x_wconf 79' lang='grc' dir='ltr'><em>δυνάμεις.</em></span> <span class='ocrx_word' id='word_1_234' title='bbox 640 1662 769 1709; x_wconf 76' lang='grc' dir='ltr'><em>οὐδὲν</em></span> <span class='ocrx_word' id='word_1_235' title='bbox 789 1660 862 1709; x_wconf 72' lang='grc' dir='ltr'><em>οῦν</em></span> <span class='ocrx_word' id='word_1_236' title='bbox 892 1664 1070 1719; x_wconf 74' lang='grc' dir='ltr'><em>ἄτοπον,</em></span> <span class='ocrx_word' id='word_1_237' title='bbox 1114 1666 1157 1716; x_wconf 72' lang='grc' dir='ltr'>ἐξ</span> <span class='ocrx_word' id='word_1_238' title='bbox 1185 1664 1382 1720; x_wconf 79' lang='grc' dir='ltr'><em>ἀμυδρῶν</em></span> <span class='ocrx_word' id='word_1_239' title='bbox 1412 1660 1578 1707; x_wconf 82' lang='grc' dir='ltr'><em>εῗκόνων</em></span> <span class='ocrx_word' id='word_1_240' title='bbox 1610 1662 1675 1705; x_wconf 72' lang='grc' dir='ltr'>ἐπὶ</span> <span class='ocrx_word' id='word_1_241' title='bbox 1702 1659 1751 1704; x_wconf 81' lang='grc' dir='ltr'>τὸ</span> 
     </span>
     <span class='ocr_line' id='line_1_23' title="bbox 278 1732 1755 1793; baseline -0.003 -15"><span class='ocrx_word' id='word_1_242' title='bbox 278 1733 441 1780; x_wconf 68' lang='grc' dir='ltr'><em>πάντων</em></span> <span class='ocrx_word' id='word_1_243' title='bbox 485 1735 616 1779; x_wconf 75' lang='grc' dir='ltr'><em>αἴτιον</em></span> <span class='ocrx_word' id='word_1_244' title='bbox 656 1733 894 1790; x_wconf 81' lang='grc' dir='ltr'><em>ἀναβάντας</em></span> <span class='ocrx_word' id='word_1_245' title='bbox 934 1732 1223 1793; x_wconf 81' lang='grc' dir='ltr'><em>ὗπερκοσμιόις</em></span> <span class='ocrx_word' id='word_1_246' title='bbox 1266 1734 1506 1793; x_wconf 73' lang='grc' dir='ltr'><em>ὀφθαλμοῖς</em></span> <span class='ocrx_word' id='word_1_247' title='bbox 1538 1735 1755 1790; x_wconf 76' lang='grc' dir='ltr'><em>θεωρῆσαι</em></span> 
     </span>
     <span class='ocr_line' id='line_1_24' title="bbox 370 1816 1755 1870; baseline -0.004 -10"><span class='ocrx_word' id='word_1_248' title='bbox 370 1825 406 1860; x_wconf 84' lang='grc'>3.</span> <span class='ocrx_word' id='word_1_249' title='bbox 430 1823 548 1858; x_wconf 78' lang='lat' dir='ltr'>Verba</span> <span class='ocrx_word' id='word_1_250' title='bbox 567 1819 689 1859; x_wconf 76' lang='grc' dir='ltr'><em>πάντα</em></span> <span class='ocrx_word' id='word_1_251' title='bbox 708 1821 851 1867; x_wconf 78' lang='grc' dir='ltr'><em>ἐφίεται</em></span> <span class='ocrx_word' id='word_1_252' title='bbox 863 1823 975 1870; x_wconf 82' lang='lat' dir='ltr'>Capp.</span> <span class='ocrx_word' id='word_1_253' title='bbox 990 1822 1068 1859; x_wconf 85' lang='lat' dir='ltr'>add.</span> <span class='ocrx_word' id='word_1_254' title='bbox 1088 1835 1132 1857; x_wconf 86' lang='lat' dir='ltr'>ex</span> <span class='ocrx_word' id='word_1_255' title='bbox 1151 1822 1296 1868; x_wconf 85' lang='lat' dir='ltr'><strong>Dionys.</strong></span> <span class='ocrx_word' id='word_1_256' title='bbox 1314 1821 1357 1857; x_wconf 87' lang='lat' dir='ltr'>de</span> <span class='ocrx_word' id='word_1_257' title='bbox 1375 1821 1445 1856; x_wconf 80' lang='lat' dir='ltr'>div.</span> <span class='ocrx_word' id='word_1_258' title='bbox 1463 1832 1551 1856; x_wconf 90' lang='lat' dir='ltr'>nom.</span> <span class='ocrx_word' id='word_1_259' title='bbox 1577 1832 1606 1854; x_wconf 89' lang='lat' dir='ltr'>c.</span> <span class='ocrx_word' id='word_1_260' title='bbox 1625 1816 1661 1856; x_wconf 87' lang='grc'>4.</span> <span class='ocrx_word' id='word_1_261' title='bbox 1679 1831 1706 1853; x_wconf 88' lang='lat' dir='ltr'>s.</span> <span class='ocrx_word' id='word_1_262' title='bbox 1719 1818 1755 1854; x_wconf 88' lang='lat'>7.</span> 
     </span>
    </p>
   </div>
   <div class='ocr_carea' id='block_1_3' title="bbox 371 1865 1753 1963">
    <p class='ocr_par' dir='ltr' id='par_1_3' title="bbox 371 1865 1753 1963">
     <span class='ocr_line' id='line_1_25' title="bbox 371 1865 1753 1915; baseline -0.006 -9"><span class='ocrx_word' id='word_1_263' title='bbox 371 1872 406 1906; x_wconf 89' lang='lat'>7.</span> <span class='ocrx_word' id='word_1_264' title='bbox 429 1871 504 1906; x_wconf 79' lang='grc' dir='ltr'>τῶν</span> <span class='ocrx_word' id='word_1_265' title='bbox 530 1867 626 1906; x_wconf 79' lang='grc' dir='ltr'><em>ὅλων</em></span> <span class='ocrx_word' id='word_1_266' title='bbox 649 1872 773 1908; x_wconf 77' lang='grc' dir='ltr'><em>καλῶν</em></span> <span class='ocrx_word' id='word_1_267' title='bbox 802 1871 855 1906; x_wconf 94' lang='lat' dir='ltr'>ed.</span> <span class='ocrx_word' id='word_1_268' title='bbox 977 1871 1031 1906; x_wconf 87' lang='lat'>13.</span> <span class='ocrx_word' id='word_1_269' title='bbox 1059 1867 1108 1912; x_wconf 80' lang='grc' dir='ltr'>ὥς</span> <span class='ocrx_word' id='word_1_270' title='bbox 1131 1871 1234 1905; x_wconf 81' lang='grc' dir='ltr'><em>αἰτία</em></span> <span class='ocrx_word' id='word_1_271' title='bbox 1261 1867 1401 1910; x_wconf 81' lang='grc' dir='ltr'><em>παντὸς</em></span> <span class='ocrx_word' id='word_1_272' title='bbox 1419 1865 1587 1915; x_wconf 65' lang='grc' dir='ltr'><em>ἀριθμοῦ</em></span> <span class='ocrx_word' id='word_1_273' title='bbox 1616 1878 1679 1902; x_wconf 85' lang='lat' dir='ltr'>om.</span> <span class='ocrx_word' id='word_1_274' title='bbox 1697 1865 1753 1900; x_wconf 87' lang='lat' dir='ltr'>ed.</span> 
     </span>
     <span class='ocr_line' id='line_1_26' title="bbox 374 1913 1599 1963; baseline -0.004 -10"><span class='ocrx_word' id='word_1_275' title='bbox 374 1916 431 1953; x_wconf 88' lang='lat'>15.</span> <span class='ocrx_word' id='word_1_276' title='bbox 455 1913 504 1958; x_wconf 77' lang='grc' dir='ltr'><em>ὣς</em></span> <span class='ocrx_word' id='word_1_277' title='bbox 522 1929 587 1953; x_wconf 85' lang='lat' dir='ltr'>om.</span> <span class='ocrx_word' id='word_1_278' title='bbox 607 1917 663 1954; x_wconf 88' lang='lat' dir='ltr'>ed.</span> <span class='ocrx_word' id='word_1_279' title='bbox 757 1919 813 1955; x_wconf 90' lang='grc'>17.</span> <span class='ocrx_word' id='word_1_280' title='bbox 837 1918 907 1952; x_wconf 86' lang='lat' dir='ltr'>Pro</span> <span class='ocrx_word' id='word_1_281' title='bbox 925 1915 1077 1961; x_wconf 83' lang='grc' dir='ltr'><em>κέντρον</em></span> <span class='ocrx_word' id='word_1_282' title='bbox 1102 1917 1157 1952; x_wconf 85' lang='lat' dir='ltr'>ed.</span> <span class='ocrx_word' id='word_1_283' title='bbox 1177 1920 1330 1963; x_wconf 84' lang='grc' dir='ltr'><em>σημεῖον</em></span> <span class='ocrx_word' id='word_1_284' title='bbox 1352 1916 1469 1951; x_wconf 89' lang='lat' dir='ltr'>eodem</span> <span class='ocrx_word' id='word_1_285' title='bbox 1488 1926 1599 1949; x_wconf 90' lang='lat' dir='ltr'>sensu.</span> 
     </span>
    </p>
   </div>
   <div class='ocr_carea' id='block_1_4' title="bbox 282 1981 1781 2922">
    <p class='ocr_par' dir='ltr' id='par_1_4' title="bbox 282 1981 1781 2922">
     <span class='ocr_line' id='line_1_27' title="bbox 283 1981 1755 2034; baseline -0.003 -13"><span class='ocrx_word' id='word_1_286' title='bbox 283 1999 322 2021; x_wconf 82' lang='lat' dir='ltr'>se</span> <span class='ocrx_word' id='word_1_287' title='bbox 335 1987 412 2032; x_wconf 89' lang='lat' dir='ltr'>ipso</span> <span class='ocrx_word' id='word_1_288' title='bbox 430 1987 643 2022; x_wconf 79' lang='lat' dir='ltr'>uniformiter</span> <span class='ocrx_word' id='word_1_289' title='bbox 662 1990 766 2034; x_wconf 85' lang='lat' dir='ltr'>atque</span> <span class='ocrx_word' id='word_1_290' title='bbox 784 1987 964 2022; x_wconf 83' lang='lat' dir='ltr'>inconfuse</span> <span class='ocrx_word' id='word_1_291' title='bbox 982 1985 1222 2032; x_wconf 80' lang='lat' dir='ltr'>anticipavit.&#39;&#39;</span> <span class='ocrx_word' id='word_1_292' title='bbox 1245 1987 1374 2022; x_wconf 87' lang='lat' dir='ltr'>Iterum</span> <span class='ocrx_word' id='word_1_293' title='bbox 1393 1985 1481 2020; x_wconf 89' lang='lat' dir='ltr'>idem</span> <span class='ocrx_word' id='word_1_294' title='bbox 1496 1983 1685 2030; x_wconf 80' lang='lat' dir='ltr'>Dionysius</span> <span class='ocrx_word' id='word_1_295' title='bbox 1704 1981 1755 2017; x_wconf 87' lang='lat' dir='ltr'>sic</span> 
     </span>
     <span class='ocr_line' id='line_1_28' title="bbox 282 2031 1756 2080; baseline -0.003 -13"><span class='ocrx_word' id='word_1_296' title='bbox 282 2034 400 2068; x_wconf 82' lang='lat' dir='ltr'>habet.</span> <span class='ocrx_word' id='word_1_297' title='bbox 447 2034 511 2076; x_wconf 85' lang='lat' dir='ltr'>„ln</span> <span class='ocrx_word' id='word_1_298' title='bbox 530 2034 605 2069; x_wconf 86' lang='lat' dir='ltr'>Deo</span> <span class='ocrx_word' id='word_1_299' title='bbox 625 2034 713 2069; x_wconf 88' lang='lat' dir='ltr'>idem</span> <span class='ocrx_word' id='word_1_300' title='bbox 735 2037 788 2068; x_wconf 88' lang='lat' dir='ltr'>est</span> <span class='ocrx_word' id='word_1_301' title='bbox 816 2033 994 2080; x_wconf 86' lang='lat' dir='ltr'>pulchrum</span> <span class='ocrx_word' id='word_1_302' title='bbox 1019 2038 1055 2068; x_wconf 85' lang='lat' dir='ltr'>et</span> <span class='ocrx_word' id='word_1_303' title='bbox 1080 2035 1216 2068; x_wconf 87' lang='lat' dir='ltr'>bonum.</span> <span class='ocrx_word' id='word_1_304' title='bbox 1262 2033 1447 2068; x_wconf 88' lang='lat' dir='ltr'>Pulchrum</span> <span class='ocrx_word' id='word_1_305' title='bbox 1465 2031 1552 2067; x_wconf 90' lang='lat' dir='ltr'>enim</span> <span class='ocrx_word' id='word_1_306' title='bbox 1572 2036 1608 2066; x_wconf 91' lang='lat' dir='ltr'>et</span> <span class='ocrx_word' id='word_1_307' title='bbox 1632 2031 1756 2065; x_wconf 84' lang='lat' dir='ltr'>bonum</span> 
     </span>
     <span class='ocr_line' id='line_1_29' title="bbox 283 2077 1758 2126; baseline -0.003 -12"><span class='ocrx_word' id='word_1_308' title='bbox 283 2082 397 2115; x_wconf 84' lang='lat' dir='ltr'>omnia</span> <span class='ocrx_word' id='word_1_309' title='bbox 408 2086 587 2126; x_wconf 86' lang='lat' dir='ltr'>appetunt.</span> <span class='ocrx_word' id='word_1_310' title='bbox 627 2081 812 2115; x_wconf 87' lang='lat' dir='ltr'>Pulchrum</span> <span class='ocrx_word' id='word_1_311' title='bbox 832 2084 946 2114; x_wconf 84' lang='lat' dir='ltr'>autem</span> <span class='ocrx_word' id='word_1_312' title='bbox 966 2086 1001 2116; x_wconf 90' lang='lat' dir='ltr'>et</span> <span class='ocrx_word' id='word_1_313' title='bbox 1022 2080 1239 2126; x_wconf 79' lang='lat' dir='ltr'>pulchritudo</span> <span class='ocrx_word' id='word_1_314' title='bbox 1259 2079 1454 2126; x_wconf 81' lang='lat' dir='ltr'>separanda</span> <span class='ocrx_word' id='word_1_315' title='bbox 1475 2090 1542 2113; x_wconf 86' lang='lat' dir='ltr'>non</span> <span class='ocrx_word' id='word_1_316' title='bbox 1560 2082 1642 2112; x_wconf 89' lang='lat' dir='ltr'>sunt</span> <span class='ocrx_word' id='word_1_317' title='bbox 1660 2077 1696 2112; x_wconf 86' lang='lat' dir='ltr'>iu</span> <span class='ocrx_word' id='word_1_318' title='bbox 1715 2086 1758 2110; x_wconf 81' lang='lat' dir='ltr'>ea</span> 
     </span>
     <span class='ocr_line' id='line_1_30' title="bbox 284 2126 1760 2173; baseline -0.003 -12"><span class='ocrx_word' id='word_1_319' title='bbox 284 2138 403 2169; x_wconf 82' lang='lat' dir='ltr'>causa,</span> <span class='ocrx_word' id='word_1_320' title='bbox 422 2139 509 2172; x_wconf 84' lang='lat' dir='ltr'>quae</span> <span class='ocrx_word' id='word_1_321' title='bbox 524 2128 686 2162; x_wconf 80' lang='lat' dir='ltr'>universa</span> <span class='ocrx_word' id='word_1_322' title='bbox 696 2128 730 2162; x_wconf 90' lang='lat' dir='ltr'>in</span> <span class='ocrx_word' id='word_1_323' title='bbox 748 2139 815 2162; x_wconf 93' lang='lat' dir='ltr'>uno</span> <span class='ocrx_word' id='word_1_324' title='bbox 830 2128 1099 2173; x_wconf 84' lang='lat' dir='ltr'>comprehendit.</span> <span class='ocrx_word' id='word_1_325' title='bbox 1121 2127 1219 2162; x_wconf 86' lang='lat' dir='ltr'>Haec</span> <span class='ocrx_word' id='word_1_326' title='bbox 1231 2128 1318 2161; x_wconf 86' lang='lat' dir='ltr'>enim</span> <span class='ocrx_word' id='word_1_327' title='bbox 1334 2127 1370 2160; x_wconf 88' lang='lat' dir='ltr'>in</span> <span class='ocrx_word' id='word_1_328' title='bbox 1382 2126 1535 2160; x_wconf 88' lang='lat' dir='ltr'>omnibus</span> <span class='ocrx_word' id='word_1_329' title='bbox 1545 2126 1649 2159; x_wconf 84' lang='lat' dir='ltr'>rebus</span> <span class='ocrx_word' id='word_1_330' title='bbox 1662 2134 1760 2158; x_wconf 88' lang='lat' dir='ltr'>crea-</span> 
     </span>
     <span class='ocr_line' id='line_1_31' title="bbox 285 2171 1760 2220; baseline -0.002 -13"><span class='ocrx_word' id='word_1_331' title='bbox 285 2173 332 2207; x_wconf 87' lang='lat' dir='ltr'>tis</span> <span class='ocrx_word' id='word_1_332' title='bbox 353 2173 535 2208; x_wconf 86' lang='lat' dir='ltr'>dividimus</span> <span class='ocrx_word' id='word_1_333' title='bbox 552 2175 586 2208; x_wconf 92' lang='lat' dir='ltr'>in</span> <span class='ocrx_word' id='word_1_334' title='bbox 604 2174 910 2220; x_wconf 82' lang='lat' dir='ltr'>participationes,</span> <span class='ocrx_word' id='word_1_335' title='bbox 934 2180 969 2209; x_wconf 86' lang='lat' dir='ltr'>et</span> <span class='ocrx_word' id='word_1_336' title='bbox 987 2175 1022 2209; x_wconf 90' lang='lat' dir='ltr'>in</span> <span class='ocrx_word' id='word_1_337' title='bbox 1044 2174 1138 2209; x_wconf 85' lang='lat' dir='ltr'>entia</span> <span class='ocrx_word' id='word_1_338' title='bbox 1155 2173 1418 2220; x_wconf 84' lang='lat' dir='ltr'>participantia3</span> <span class='ocrx_word' id='word_1_339' title='bbox 1441 2173 1561 2218; x_wconf 83' lang='lat' dir='ltr'>sicque</span> <span class='ocrx_word' id='word_1_340' title='bbox 1582 2171 1760 2217; x_wconf 86' lang='lat' dir='ltr'>pulchrum</span> 
     </span>
     <span class='ocr_line' id='line_1_32' title="bbox 287 2219 1760 2267; baseline -0.003 -13"><span class='ocrx_word' id='word_1_341' title='bbox 287 2219 442 2262; x_wconf 84' lang='lat' dir='ltr'>dicimus,</span> <span class='ocrx_word' id='word_1_342' title='bbox 461 2221 553 2265; x_wconf 88' lang='lat' dir='ltr'>quod</span> <span class='ocrx_word' id='word_1_343' title='bbox 578 2220 841 2266; x_wconf 88' lang='lat' dir='ltr'>pulchritudinis</span> <span class='ocrx_word' id='word_1_344' title='bbox 866 2225 921 2255; x_wconf 86' lang='lat' dir='ltr'>est</span> <span class='ocrx_word' id='word_1_345' title='bbox 951 2221 1147 2267; x_wconf 79' lang='lat' dir='ltr'>particeps3</span> <span class='ocrx_word' id='word_1_346' title='bbox 1175 2220 1463 2266; x_wconf 87' lang='lat' dir='ltr'>pulchritudinem</span> <span class='ocrx_word' id='word_1_347' title='bbox 1487 2229 1571 2253; x_wconf 88' lang='lat' dir='ltr'>vero</span> <span class='ocrx_word' id='word_1_348' title='bbox 1599 2227 1760 2252; x_wconf 84' lang='lat' dir='ltr'>vocamus</span> 
     </span>
     <span class='ocr_line' id='line_1_33' title="bbox 286 2262 1762 2313; baseline -0.003 -12"><span class='ocrx_word' id='word_1_349' title='bbox 286 2266 587 2313; x_wconf 83' lang='lat' dir='ltr'>participationem</span> <span class='ocrx_word' id='word_1_350' title='bbox 604 2279 730 2302; x_wconf 82' lang='lat' dir='ltr'>causae</span> <span class='ocrx_word' id='word_1_351' title='bbox 752 2267 862 2302; x_wconf 81' lang='lat' dir='ltr'>omnia</span> <span class='ocrx_word' id='word_1_352' title='bbox 879 2267 1024 2313; x_wconf 86' lang='lat' dir='ltr'>pulchra</span> <span class='ocrx_word' id='word_1_353' title='bbox 1044 2267 1237 2302; x_wconf 79' lang='lat' dir='ltr'>efficientis.</span> <span class='ocrx_word' id='word_1_354' title='bbox 1261 2267 1356 2301; x_wconf 85' lang='lat' dir='ltr'>Deus</span> <span class='ocrx_word' id='word_1_355' title='bbox 1368 2271 1481 2301; x_wconf 82' lang='lat' dir='ltr'>autem</span> <span class='ocrx_word' id='word_1_356' title='bbox 1503 2267 1587 2300; x_wconf 84' lang='lat' dir='ltr'>haec</span> <span class='ocrx_word' id='word_1_357' title='bbox 1609 2275 1687 2299; x_wconf 87' lang='lat' dir='ltr'>esse</span> <span class='ocrx_word' id='word_1_358' title='bbox 1706 2262 1762 2297; x_wconf 90' lang='lat' dir='ltr'>di·-</span> 
     </span>
     <span class='ocr_line' id='line_1_34' title="bbox 288 2311 1762 2360; baseline -0.002 -13"><span class='ocrx_word' id='word_1_359' title='bbox 288 2313 398 2355; x_wconf 88' lang='lat' dir='ltr'>citur,</span> <span class='ocrx_word' id='word_1_360' title='bbox 422 2317 590 2360; x_wconf 83' lang='lat' dir='ltr'>quatenus</span> <span class='ocrx_word' id='word_1_361' title='bbox 606 2314 724 2349; x_wconf 89' lang='lat' dir='ltr'>horum</span> <span class='ocrx_word' id='word_1_362' title='bbox 741 2326 846 2349; x_wconf 82' lang='lat' dir='ltr'>causa</span> <span class='ocrx_word' id='word_1_363' title='bbox 862 2319 926 2349; x_wconf 86' lang='lat' dir='ltr'>est.</span> <span class='ocrx_word' id='word_1_364' title='bbox 959 2316 1014 2349; x_wconf 87' lang='lat' dir='ltr'>Ex</span> <span class='ocrx_word' id='word_1_365' title='bbox 1034 2316 1110 2351; x_wconf 89' lang='lat' dir='ltr'>Deo</span> <span class='ocrx_word' id='word_1_366' title='bbox 1130 2314 1218 2349; x_wconf 90' lang='lat' dir='ltr'>enim</span> <span class='ocrx_word' id='word_1_367' title='bbox 1234 2317 1270 2348; x_wconf 90' lang='lat' dir='ltr'>et</span> <span class='ocrx_word' id='word_1_368' title='bbox 1287 2314 1323 2347; x_wconf 90' lang='lat' dir='ltr'>in</span> <span class='ocrx_word' id='word_1_369' title='bbox 1349 2313 1423 2347; x_wconf 92' lang='lat' dir='ltr'>Deo</span> <span class='ocrx_word' id='word_1_370' title='bbox 1441 2317 1522 2347; x_wconf 85' lang='lat' dir='ltr'>sunt</span> <span class='ocrx_word' id='word_1_371' title='bbox 1540 2311 1652 2356; x_wconf 81' lang='lat' dir='ltr'>ipsum</span> <span class='ocrx_word' id='word_1_372' title='bbox 1672 2321 1762 2352; x_wconf 85' lang='lat' dir='ltr'>esse,</span> 
     </span>
     <span class='ocr_line' id='line_1_35' title="bbox 289 2356 1763 2407; baseline -0.003 -13"><span class='ocrx_word' id='word_1_373' title='bbox 289 2359 419 2395; x_wconf 88' lang='lat' dir='ltr'>entium</span> <span class='ocrx_word' id='word_1_374' title='bbox 432 2360 576 2395; x_wconf 87' lang='lat' dir='ltr'>omnium</span> <span class='ocrx_word' id='word_1_375' title='bbox 586 2360 768 2406; x_wconf 79' lang='lat' dir='ltr'>principia,</span> <span class='ocrx_word' id='word_1_376' title='bbox 781 2361 875 2396; x_wconf 82' lang='lat' dir='ltr'>entia</span> <span class='ocrx_word' id='word_1_377' title='bbox 890 2362 1014 2404; x_wconf 88' lang='lat' dir='ltr'>omnia,</span> <span class='ocrx_word' id='word_1_378' title='bbox 1024 2366 1060 2396; x_wconf 89' lang='lat' dir='ltr'>et</span> <span class='ocrx_word' id='word_1_379' title='bbox 1070 2373 1157 2407; x_wconf 89' lang='lat' dir='ltr'>quae</span> <span class='ocrx_word' id='word_1_380' title='bbox 1170 2361 1235 2395; x_wconf 84' lang='lat' dir='ltr'>sibi</span> <span class='ocrx_word' id='word_1_381' title='bbox 1245 2360 1392 2395; x_wconf 87' lang='lat' dir='ltr'>invicem</span> <span class='ocrx_word' id='word_1_382' title='bbox 1404 2363 1483 2394; x_wconf 87' lang='lat' dir='ltr'>sunt</span> <span class='ocrx_word' id='word_1_383' title='bbox 1496 2357 1691 2400; x_wconf 80' lang='lat' dir='ltr'>contraria3</span> <span class='ocrx_word' id='word_1_384' title='bbox 1706 2356 1763 2391; x_wconf 87' lang='lat' dir='ltr'>id-</span> 
     </span>
     <span class='ocr_line' id='line_1_36' title="bbox 289 2403 1763 2455; baseline -0.003 -14"><span class='ocrx_word' id='word_1_385' title='bbox 289 2419 358 2452; x_wconf 90' lang='lat' dir='ltr'>que</span> <span class='ocrx_word' id='word_1_386' title='bbox 373 2406 447 2441; x_wconf 86' lang='lat' dir='ltr'>sine</span> <span class='ocrx_word' id='word_1_387' title='bbox 464 2406 534 2441; x_wconf 81' lang='lat' dir='ltr'>ulla</span> <span class='ocrx_word' id='word_1_388' title='bbox 551 2407 784 2453; x_wconf 85' lang='lat' dir='ltr'>proportione,</span> <span class='ocrx_word' id='word_1_389' title='bbox 808 2408 944 2451; x_wconf 77' lang='lat' dir='ltr'>eximie,</span> <span class='ocrx_word' id='word_1_390' title='bbox 969 2409 1226 2455; x_wconf 80' lang='lat' dir='ltr'>comprehense,</span> <span class='ocrx_word' id='word_1_391' title='bbox 1249 2411 1285 2442; x_wconf 92' lang='lat' dir='ltr'>et</span> <span class='ocrx_word' id='word_1_392' title='bbox 1299 2405 1531 2452; x_wconf 79' lang='lat' dir='ltr'>singulariter.</span> <span class='ocrx_word' id='word_1_393' title='bbox 1567 2404 1704 2440; x_wconf 88' lang='lat' dir='ltr'>Etenim</span> <span class='ocrx_word' id='word_1_394' title='bbox 1726 2403 1763 2437; x_wconf 90' lang='lat' dir='ltr'>in</span> 
     </span>
     <span class='ocr_line' id='line_1_37' title="bbox 288 2449 1764 2501; baseline -0.003 -13"><span class='ocrx_word' id='word_1_395' title='bbox 288 2453 423 2488; x_wconf 87' lang='lat' dir='ltr'>unitate</span> <span class='ocrx_word' id='word_1_396' title='bbox 440 2465 598 2488; x_wconf 89' lang='lat' dir='ltr'>numerus</span> <span class='ocrx_word' id='word_1_397' title='bbox 617 2454 724 2488; x_wconf 90' lang='lat' dir='ltr'>omnis</span> <span class='ocrx_word' id='word_1_398' title='bbox 743 2455 957 2491; x_wconf 82' lang='lat' dir='ltr'>uniformiter</span> <span class='ocrx_word' id='word_1_399' title='bbox 977 2454 1220 2501; x_wconf 70' lang='lat' dir='ltr'>praeexsistit3</span> <span class='ocrx_word' id='word_1_400' title='bbox 1244 2458 1279 2488; x_wconf 87' lang='lat' dir='ltr'>et</span> <span class='ocrx_word' id='word_1_401' title='bbox 1306 2454 1440 2494; x_wconf 85' lang='lat' dir='ltr'>unitas,</span> <span class='ocrx_word' id='word_1_402' title='bbox 1464 2458 1628 2498; x_wconf 83' lang='lat' dir='ltr'>tanquam</span> <span class='ocrx_word' id='word_1_403' title='bbox 1655 2449 1764 2485; x_wconf 79' lang='lat' dir='ltr'>omnis</span> 
     </span>
     <span class='ocr_line' id='line_1_38' title="bbox 289 2495 1764 2549; baseline -0.002 -15"><span class='ocrx_word' id='word_1_404' title='bbox 289 2500 422 2534; x_wconf 88' lang='lat' dir='ltr'>numeri</span> <span class='ocrx_word' id='word_1_405' title='bbox 449 2511 574 2543; x_wconf 81' lang='lat' dir='ltr'>causa,</span> <span class='ocrx_word' id='word_1_406' title='bbox 598 2501 820 2546; x_wconf 82' lang='lat' dir='ltr'>singulariter</span> <span class='ocrx_word' id='word_1_407' title='bbox 841 2503 878 2537; x_wconf 86' lang='lat' dir='ltr'>in</span> <span class='ocrx_word' id='word_1_408' title='bbox 906 2515 944 2537; x_wconf 91' lang='lat' dir='ltr'>se</span> <span class='ocrx_word' id='word_1_409' title='bbox 970 2502 1048 2549; x_wconf 85' lang='lat' dir='ltr'>ipsa</span> <span class='ocrx_word' id='word_1_410' title='bbox 1074 2513 1203 2536; x_wconf 87' lang='lat' dir='ltr'>omnem</span> <span class='ocrx_word' id='word_1_411' title='bbox 1226 2511 1400 2535; x_wconf 90' lang='lat' dir='ltr'>numerum</span> <span class='ocrx_word' id='word_1_412' title='bbox 1423 2499 1538 2534; x_wconf 87' lang='lat' dir='ltr'>habet.</span> <span class='ocrx_word' id='word_1_413' title='bbox 1586 2498 1634 2532; x_wconf 83' lang='lat' dir='ltr'>Et</span> <span class='ocrx_word' id='word_1_414' title='bbox 1657 2495 1764 2532; x_wconf 75' lang='lat' dir='ltr'>omnis</span> 
     </span>
     <span class='ocr_line' id='line_1_39' title="bbox 290 2542 1764 2595; baseline -0.003 -14"><span class='ocrx_word' id='word_1_415' title='bbox 290 2558 449 2582; x_wconf 87' lang='lat' dir='ltr'>numerus</span> <span class='ocrx_word' id='word_1_416' title='bbox 469 2546 506 2581; x_wconf 88' lang='lat' dir='ltr'>in</span> <span class='ocrx_word' id='word_1_417' title='bbox 526 2546 658 2582; x_wconf 81' lang='lat' dir='ltr'>unitate</span> <span class='ocrx_word' id='word_1_418' title='bbox 676 2548 792 2582; x_wconf 85' lang='lat' dir='ltr'>unitus</span> <span class='ocrx_word' id='word_1_419' title='bbox 813 2553 883 2584; x_wconf 88' lang='lat' dir='ltr'>est:</span> <span class='ocrx_word' id='word_1_420' title='bbox 907 2549 942 2583; x_wconf 90' lang='lat' dir='ltr'>in</span> <span class='ocrx_word' id='word_1_421' title='bbox 964 2552 1125 2595; x_wconf 85' lang='lat' dir='ltr'>quantum</span> <span class='ocrx_word' id='word_1_422' title='bbox 1143 2559 1227 2582; x_wconf 79' lang='lat' dir='ltr'>vero</span> <span class='ocrx_word' id='word_1_423' title='bbox 1247 2548 1290 2582; x_wconf 88' lang='lat' dir='ltr'>ab</span> <span class='ocrx_word' id='word_1_424' title='bbox 1312 2546 1444 2581; x_wconf 85' lang='lat' dir='ltr'>unitate</span> <span class='ocrx_word' id='word_1_425' title='bbox 1460 2545 1704 2592; x_wconf 87' lang='lat' dir='ltr'>progreditur,</span> <span class='ocrx_word' id='word_1_426' title='bbox 1726 2542 1764 2577; x_wconf 87' lang='lat' dir='ltr'>in</span> 
     </span>
     <span class='ocr_line' id='line_1_40' title="bbox 291 2590 1765 2642; baseline -0.003 -15"><span class='ocrx_word' id='word_1_427' title='bbox 291 2596 424 2629; x_wconf 83' lang='lat' dir='ltr'>tantum</span> <span class='ocrx_word' id='word_1_428' title='bbox 453 2593 620 2629; x_wconf 85' lang='lat' dir='ltr'>dividitur</span> <span class='ocrx_word' id='word_1_429' title='bbox 645 2598 681 2628; x_wconf 89' lang='lat' dir='ltr'>et</span> <span class='ocrx_word' id='word_1_430' title='bbox 710 2594 981 2641; x_wconf 53' lang='lat' dir='ltr'>multiplicatum</span> <span class='ocrx_word' id='word_1_431' title='bbox 1006 2594 1283 2642; x_wconf 79' lang='lat' dir='ltr'>quemadmodum</span> <span class='ocrx_word' id='word_1_432' title='bbox 1311 2598 1348 2628; x_wconf 86' lang='lat' dir='ltr'>et</span> <span class='ocrx_word' id='word_1_433' title='bbox 1373 2604 1487 2628; x_wconf 83' lang='lat' dir='ltr'>omnes</span> <span class='ocrx_word' id='word_1_434' title='bbox 1513 2591 1632 2627; x_wconf 89' lang='lat' dir='ltr'>circuli</span> <span class='ocrx_word' id='word_1_435' title='bbox 1651 2590 1765 2625; x_wconf 81' lang='lat' dir='ltr'>lineae</span> 
     </span>
     <span class='ocr_line' id='line_1_41' title="bbox 291 2639 1766 2687; baseline -0.003 -13"><span class='ocrx_word' id='word_1_436' title='bbox 291 2639 329 2674; x_wconf 89' lang='lat' dir='ltr'>iu</span> <span class='ocrx_word' id='word_1_437' title='bbox 345 2643 463 2675; x_wconf 85' lang='lat' dir='ltr'>centro</span> <span class='ocrx_word' id='word_1_438' title='bbox 480 2640 615 2682; x_wconf 88' lang='lat' dir='ltr'>unitae,</span> <span class='ocrx_word' id='word_1_439' title='bbox 639 2644 676 2675; x_wconf 87' lang='lat' dir='ltr'>et</span> <span class='ocrx_word' id='word_1_440' title='bbox 696 2640 842 2687; x_wconf 87' lang='lat' dir='ltr'>simplici</span> <span class='ocrx_word' id='word_1_441' title='bbox 860 2642 1013 2678; x_wconf 87' lang='lat' dir='ltr'>unitione</span> <span class='ocrx_word' id='word_1_442' title='bbox 1036 2641 1270 2682; x_wconf 68' lang='lat' dir='ltr'>coexsistunt‚</span> <span class='ocrx_word' id='word_1_443' title='bbox 1295 2645 1331 2675; x_wconf 84' lang='lat' dir='ltr'>et</span> <span class='ocrx_word' id='word_1_444' title='bbox 1347 2644 1501 2674; x_wconf 87' lang='lat' dir='ltr'>centrum</span> <span class='ocrx_word' id='word_1_445' title='bbox 1518 2649 1634 2673; x_wconf 86' lang='lat' dir='ltr'>omnes</span> <span class='ocrx_word' id='word_1_446' title='bbox 1653 2641 1766 2672; x_wconf 78' lang='lat' dir='ltr'>rectas</span> 
     </span>
     <span class='ocr_line' id='line_1_42' title="bbox 291 2685 1764 2724; baseline -0.003 -4"><span class='ocrx_word' id='word_1_447' title='bbox 291 2685 400 2721; x_wconf 79' lang='lat' dir='ltr'>lineas</span> <span class='ocrx_word' id='word_1_448' title='bbox 428 2686 642 2723; x_wconf 83' lang='lat' dir='ltr'>uniformiter</span> <span class='ocrx_word' id='word_1_449' title='bbox 667 2687 784 2723; x_wconf 86' lang='lat' dir='ltr'>habet.</span> <span class='ocrx_word' id='word_1_450' title='bbox 851 2689 922 2724; x_wconf 86' lang='lat' dir='ltr'>Imo</span> <span class='ocrx_word' id='word_1_451' title='bbox 955 2693 991 2724; x_wconf 88' lang='lat' dir='ltr'>et</span> <span class='ocrx_word' id='word_1_452' title='bbox 1017 2689 1053 2723; x_wconf 89' lang='lat' dir='ltr'>in</span> <span class='ocrx_word' id='word_1_453' title='bbox 1080 2692 1156 2723; x_wconf 78' lang='lat' dir='ltr'>tota</span> <span class='ocrx_word' id='word_1_454' title='bbox 1185 2687 1287 2722; x_wconf 86' lang='lat' dir='ltr'>huius</span> <span class='ocrx_word' id='word_1_455' title='bbox 1314 2685 1469 2721; x_wconf 80' lang='lat' dir='ltr'>universi</span> <span class='ocrx_word' id='word_1_456' title='bbox 1497 2689 1618 2720; x_wconf 79' lang='lat' dir='ltr'>natura</span> <span class='ocrx_word' id='word_1_457' title='bbox 1650 2693 1764 2718; x_wconf 76' lang='lat' dir='ltr'>omnes</span> 
     </span>
     <span class='ocr_line' id='line_1_43' title="bbox 292 2732 1781 2780; baseline -0.001 -14"><span class='ocrx_word' id='word_1_458' title='bbox 292 2732 560 2780; x_wconf 88' lang='lat' dir='ltr'>uniuscuiusque</span> <span class='ocrx_word' id='word_1_459' title='bbox 586 2738 732 2769; x_wconf 79' lang='lat' dir='ltr'>naturae</span> <span class='ocrx_word' id='word_1_460' title='bbox 750 2734 901 2770; x_wconf 87' lang='lat' dir='ltr'>rationes</span> <span class='ocrx_word' id='word_1_461' title='bbox 913 2761 924 2778; x_wconf 94' lang='lat'>‚</span> <span class='ocrx_word' id='word_1_462' title='bbox 949 2736 1051 2770; x_wconf 84' lang='lat' dir='ltr'>unica</span> <span class='ocrx_word' id='word_1_463' title='bbox 1076 2739 1112 2770; x_wconf 83' lang='lat' dir='ltr'>et</span> <span class='ocrx_word' id='word_1_464' title='bbox 1132 2734 1314 2769; x_wconf 83' lang='lat' dir='ltr'>inconfusa</span> <span class='ocrx_word' id='word_1_465' title='bbox 1333 2733 1487 2768; x_wconf 83' lang='lat' dir='ltr'>unitione</span> <span class='ocrx_word' id='word_1_466' title='bbox 1507 2735 1587 2766; x_wconf 87' lang='lat' dir='ltr'>suut</span> <span class='ocrx_word' id='word_1_467' title='bbox 1610 2740 1781 2775; x_wconf 87' lang='lat' dir='ltr'>compre-·</span> 
     </span>
     <span class='ocr_line' id='line_1_44' title="bbox 292 2773 1768 2828; baseline -0.002 -16"><span class='ocrx_word' id='word_1_468' title='bbox 292 2778 441 2822; x_wconf 79' lang='lat' dir='ltr'>hensae3</span> <span class='ocrx_word' id='word_1_469' title='bbox 466 2785 503 2815; x_wconf 88' lang='lat' dir='ltr'>et</span> <span class='ocrx_word' id='word_1_470' title='bbox 524 2791 638 2816; x_wconf 84' lang='lat' dir='ltr'>omnes</span> <span class='ocrx_word' id='word_1_471' title='bbox 656 2780 861 2824; x_wconf 77' lang='lat' dir='ltr'>facultates,</span> <span class='ocrx_word' id='word_1_472' title='bbox 885 2794 974 2827; x_wconf 90' lang='lat' dir='ltr'>quae</span> <span class='ocrx_word' id='word_1_473' title='bbox 999 2782 1144 2828; x_wconf 83' lang='lat' dir='ltr'>singulis</span> <span class='ocrx_word' id='word_1_474' title='bbox 1161 2780 1269 2826; x_wconf 83' lang='lat' dir='ltr'>totius</span> <span class='ocrx_word' id='word_1_475' title='bbox 1293 2779 1449 2825; x_wconf 81' lang='lat' dir='ltr'>corporis</span> <span class='ocrx_word' id='word_1_476' title='bbox 1469 2777 1628 2825; x_wconf 83' lang='lat' dir='ltr'>partibus</span> <span class='ocrx_word' id='word_1_477' title='bbox 1649 2773 1768 2823; x_wconf 83' lang='lat' dir='ltr'>provi-</span> 
     </span>
     <span class='ocr_line' id='line_1_45' title="bbox 291 2824 1768 2874; baseline -0.002 -15"><span class='ocrx_word' id='word_1_478' title='bbox 291 2824 397 2867; x_wconf 87' lang='lat' dir='ltr'>dent,</span> <span class='ocrx_word' id='word_1_479' title='bbox 420 2827 636 2862; x_wconf 82' lang='lat' dir='ltr'>uniformiter</span> <span class='ocrx_word' id='word_1_480' title='bbox 657 2826 694 2861; x_wconf 88' lang='lat' dir='ltr'>in</span> <span class='ocrx_word' id='word_1_481' title='bbox 721 2827 833 2863; x_wconf 81' lang='lat' dir='ltr'>anima</span> <span class='ocrx_word' id='word_1_482' title='bbox 855 2829 1035 2874; x_wconf 86' lang='lat' dir='ltr'>copulatae</span> <span class='ocrx_word' id='word_1_483' title='bbox 1055 2831 1145 2863; x_wconf 82' lang='lat' dir='ltr'>suut.</span> <span class='ocrx_word' id='word_1_484' title='bbox 1192 2827 1273 2862; x_wconf 90' lang='lat' dir='ltr'>Non</span> <span class='ocrx_word' id='word_1_485' title='bbox 1294 2830 1348 2861; x_wconf 86' lang='lat' dir='ltr'>est</span> <span class='ocrx_word' id='word_1_486' title='bbox 1366 2825 1474 2871; x_wconf 83' lang='lat' dir='ltr'>igitur</span> <span class='ocrx_word' id='word_1_487' title='bbox 1493 2824 1701 2864; x_wconf 76' lang='lat' dir='ltr'>absurdum,</span> <span class='ocrx_word' id='word_1_488' title='bbox 1724 2830 1768 2856; x_wconf 82' lang='lat' dir='ltr'>ex</span> 
     </span>
     <span class='ocr_line' id='line_1_46' title="bbox 292 2867 1769 2922; baseline 0 -16"><span class='ocrx_word' id='word_1_489' title='bbox 292 2871 452 2909; x_wconf 83' lang='lat' dir='ltr'>obscuris</span> <span class='ocrx_word' id='word_1_490' title='bbox 479 2872 683 2922; x_wconf 82' lang='lat' dir='ltr'>imaginibus</span> <span class='ocrx_word' id='word_1_491' title='bbox 700 2873 746 2911; x_wconf 78' lang='lat' dir='ltr'>ad</span> <span class='ocrx_word' id='word_1_492' title='bbox 772 2874 1000 2911; x_wconf 80' lang='lat' dir='ltr'>universalem</span> <span class='ocrx_word' id='word_1_493' title='bbox 1022 2874 1167 2912; x_wconf 85' lang='lat' dir='ltr'>omnium</span> <span class='ocrx_word' id='word_1_494' title='bbox 1192 2884 1330 2909; x_wconf 80' lang='lat' dir='ltr'>causam</span> <span class='ocrx_word' id='word_1_495' title='bbox 1351 2871 1625 2914; x_wconf 77' lang='lat' dir='ltr'>adscendentes,</span> <span class='ocrx_word' id='word_1_496' title='bbox 1656 2867 1769 2905; x_wconf 71' lang='lat' dir='ltr'>omnia</span> 
     </span>
    </p>
   </div>
  </div>
 </body>
</html>
