1794 3172
364 133 682 181 HISTORIAE
702 130 1077 179 BYZANTINAE
1097 130 1240 177 XXII.
1258 131 1299 180 4.
1426 122 1560 174 1057

79 262 160 298 σας
187 244 358 290 τακτέον
388 242 517 302 ἔλεγεν
542 242 643 289 εἶναι
671 245 740 288 καὶ
767 242 844 300 τὴν
862 243 927 286 ἐπὶ
944 246 1021 286 τοῦ
1044 245 1237 302 Χριστοῦ
1253 241 1666 300 βαπτιζομένουὰσ.
1685 253 1776 294 1351

79 323 281 373 φανεῖσαν
301 312 557 372 περιστεράν.
593 318 727 358 ταῦτα
744 312 825 371 γὰρ
843 313 944 356 ποτὲ
959 313 1035 368 μὲν
1053 309 1270 367 πνεύματα
1289 317 1427 358 καλεῖν
1448 303 1778 386 οἷδενῐωῐξὲξέῗιι·

77 382 105 440 ἦ
134 384 302 443 γραφὴ,
330 384 494 428 nor-{15²
528 384 725 441 ἐνεργείας
755 382 975 433 ἀκτίστους
1015 384 1083 426 καὶ
1105 380 1285 440 χάριτας
1323 385 1395 427 καὶ
1428 382 1558 429 δυνά-
1579 395 1622 433 Ρ.
1638 397 1707 433 665

77 471 180 509 μεις.
231 456 300 497 καὶ
325 451 483 504 ταύτας
511 454 587 508 μὲν
615 451 717 496 εἶναι
746 452 823 502 τὰς
853 459 940 502 τοῖς
978 453 1174 506 κτίσμασι
1207 453 1439 508 μεθεκτᾶς,
1487 455 1558 498 καὶ

48 523 186 580 5πρός
215 520 381 573 τούτοις
401 522 620 573 ἀκτίστους
642 523 832 579 γίνεσθαι
862 521 962 572 τούς
989 519 1244 580 ἀνθρώπους
1252 556 1268 576 ,
1303 524 1374 567 καὶ
1397 521 1560 580 ἁγιάζε-

77 597 184 637 σθαι
204 591 259 635 τὰ
275 589 522 648 ἁγιαζόμενοι
547 589 708 647 πάντα,
736 589 789 634 τά
808 608 851 635 τε
871 590 980 634 ἄλλα
1008 593 1077 634 καὶ
1105 591 1153 635 τὸ
1182 596 1301 636 θεῖον
1330 590 1451 649 ἡμῶν
1471 591 1556 649 βοί-

77 678 260 716 πτισμα,
293 662 363 705 καὶ
380 659 485 719 πρός
505 678 548 718 γε
568 659 590 705 ὁ
612 659 820 716 θυόμενος
844 662 911 704 καὶ
926 660 1347 717 μεταλαμβανόμενος
1364 660 1463 719 ἦμΐν
1480 662 1560 722 ἅρ-

76 747 149 781 τος
166 732 209 774 ἐν
230 737 323 782 ταῖς
340 732 477 782 θείαις
498 732 828 788 μυσταγωγίαις·
864 730 942 786 τὴν
962 731 1008 773 δὲ
1027 732 1149 774 θείαν
1172 730 1317 775 οὐσίαν
1337 730 1597 777 nandum-B

76 817 144 843 σιν
162 798 263 844 εἶναι
285 799 515 856 ἆμέθεκτον
531 799 674 844 ἅπασι.
747 799 841 860 (Ζ.)
875 801 963 844 Καὶ
984 800 1047 842 ἐπὶ
1070 797 1234 852 τούτοις
1253 799 1276 844 ὃ
1298 802 1559 858 συμμαχικὸς

21 882 67 917 10
77 867 257 926 εἰσήγετο
277 868 458 926 πόλεμος
483 870 589 926 μετὰ
619 875 704 914 τῶν
728 866 1066 926 ὑποδειγμάτων
1101 870 1205 926 λέγω
1237 870 1290 927 δὴ
1311 872 1386 915 τὸν
1411 870 1488 916 σύν
1513 890 1558 930 γε

76 938 191 998 αὐτῷ
217 939 323 996 πρὸς
351 945 427 996 τῆς
458 944 757 997 πατριαρχικῆς
784 939 1003 997 γερουσίας
1040 937 1279 995 ἐληλυθότα
1313 938 1412 997 ἡμῖν
1421 974 1436 995 ,
1473 946 1559 986 τῶν

74 1010 300 1066 ἐλλογίμων
317 1006 419 1053 εἶναι
430 1007 645 1066 λεγόμενον
665 1011 734 1053 καὶ
752 1007 892 1053 αὐτόν.
930 1007 977 1059 ὃς
996 1008 1048 1064 δὴ
1067 1010 1135 1052 καὶ
1154 1009 1282 1066 λέγειν
1300 1026 1558 1068 παρεσκευα-

74 1077 158 1128 κὼς
190 1077 340 1123 ἑαυτὸν
375 1078 429 1123 τὰ
465 1079 657 1122 ἐνδέοντα
694 1077 939 1136 δριμύτερον
976 1076 1076 1134 ἡμῖν
1097 1077 1319 1136 ἀντέστησε
1347 1082 1417 1123 καὶ
1444 1075 1556 1137 ἦθος

73 1149 142 1190 καὶ
161 1145 400 1206 ὀφθαλμόν.
436 1152 539 1192 πᾶσι
558 1147 637 1205 γὰρ
657 1150 752 1204 ἐξῆν
769 1147 852 1204 ἤδη
878 1146 956 1198 τὰς
977 1147 1078 1203 ἐμὰς
1097 1155 1241 1192 πατεῖν
1261 1150 1331 1193 καὶ
1349 1155 1591 1208 περιφρο-0

17 1228 64 1264 15
74 1223 155 1260 νεῖν
175 1215 329 1273 τύχας,
357 1218 650 1274 μεμονωμένου
679 1235 724 1261 τε
761 1217 850 1273 ἅμα
879 1218 949 1260 καὶ
971 1220 1256 1269 παντοδαποῖς
1286 1218 1553 1275 πανταχόθεν

72 1287 410 1344 περιειλημμένον
430 1294 519 1338 τοῖς
538 1285 822 1345 δεσμοφύλαξι
837 1302 848 1313 ·
884 1284 1077 1344 καθάπερ
1103 1289 1173 1331 καὶ
1196 1288 1323 1346 δρυὸς
1349 1288 1555 1346 πεσούσης

71 1361 199 1400 πᾶσιν
224 1357 354 1411 ἐξείη,
392 1356 451 1408 ὥς
476 1374 629 1415 φασιν,
669 1355 847 1414 ἀνδράσι
878 1354 1148 1408 ξυλεύεσθαι·
1199 1358 1331 1408 αἰδώς
1359 1359 1406 1402 δὲ
1435 1364 1552 1403 πᾶσα

72 1425 182 1468 καθ’
215 1423 354 1484 ὑγρῶν
387 1424 464 1487 (ὥς
491 1425 635 1484 ἔοικεν)
671 1424 821 1485 ἐῤῥύη,
855 1428 925 1470 καὶ
950 1425 1139 1480 ἄμπωτις
1167 1425 1399 1485 ἀφελομένη
1429 1446 1552 1472 κατε-

70 1492 260 1549 βάπτισε.
313 1494 558 1553 δριμύτερον
588 1491 662 1539 οὖν
690 1497 829 1555 ἐκείνῳ
856 1494 934 1551 τὴν
954 1493 1149 1552 τοιαύτην
1167 1497 1447 1557 διαδεξαμένῳ
1466 1496 1551 1541 πά-

14 1567 151 1619 Ξολην
182 1564 255 1608 τὸν
292 1567 384 1622 περὶ
424 1564 655 1620 ἇμεθέκτου
690 1566 759 1607 καὶ
780 1569 989 1619 μεθεκτοῦ
1019 1564 1079 1608 δι’
1107 1562 1409 1622 ὖποδείγματος
1438 1565 1591 1625 ἐπῄειΙ)

71 1631 208 1690 λόγον.
243 1666 258 1686 ,
261 1635 369 1687 ,Καὶ
388 1634 441 1690 δὴ
461 1635 530 1677 καὶ
547 1631 742 1692 καθάπερ
751 1633 797 1687 ,”
818 1635 969 1692 φησὶν,
1000 1634 1100 1688 ,,ἐπὶ
1119 1638 1194 1678 τοῦ
1213 1632 1332 1691 ἡλίου
1342 1668 1359 1689 ,
1379 1639 1456 1692 τῆς
1474 1637 1551 1691 μὲν

72 1702 243 1756 οὐσίας,
284 1701 477 1759 ἀκινήτου
509 1701 716 1759 μενούσης
751 1703 795 1746 ἐν
827 1702 1015 1762 οὐρανῷ,
1055 1703 1236 1759 μετέχειν
1266 1703 1343 1747 οὐκ
1379 1704 1548 1761 ἔχομεν·

71 1776 149 1829 τῆς
166 1773 212 1816 δὲ
236 1777 486 1830 φωτιστικῆς
506 1773 703 1832 ἐνεργείας
724 1771 855 1817 αὐτοῦ
866 1806 881 1827 ,
904 1771 1011 1831 πρὸς
1031 1770 1143 1835 ᾗμᾶς
1159 1771 1395 1831 κατιούσης,
1412 1775 1550 1830 ,μετέ-

164 1871 199 1906 7.
219 1867 289 1907 τὸν
307 1868 502 1917 θυόμενον
522 1870 611 1907 coni.
636 1871 748 1918 Capp-

55 1950 258 1986 columbam
274 1950 382 1994 illam,
397 1963 488 1999 quae
502 1963 608 1999 super
626 1951 816 1995 Clu-istum,
839 1951 918 1987 dum
929 1951 987 1987 hic
1001 1951 1253 1999 baptizaretur,
1276 1956 1463 1999 conspecta
1479 1956 1547 1991 est.

69 1997 163 2033 Nam
178 1999 267 2032 haec
286 1999 400 2034 omnia
419 2000 520 2034 modo
545 1999 690 2046 spiritus
704 2010 834 2034 vocare
850 1999 939 2034 solet
955 2011 1056 2035 sacra
1072 1999 1275 2045 Scriptura,
1296 2001 1395 2035 modo
1410 2000 1548 2036 increa-

70 2049 127 2079 tas
147 2044 388 2090 operationes,
410 2050 447 2080 et
466 2046 622 2092 gratias,
645 2050 684 2081 et
705 2047 866 2081 virtutes.
921 2046 1066 2081 Addidit
1095 2046 1301 2090 Cabasilas3
1321 2047 1443 2082 harum
1468 2047 1547 2093 qui-

69 2090 148 2125 dem
172 2091 363 2138 participes
387 2091 465 2126 fieri
490 2104 592 2138 posse
617 2097 815 2135 creaturas,
839 2096 878 2128 et
900 2092 1023 2128 iisdem
1047 2093 1189 2139 insuper
1202 2092 1377 2128 increatus
1393 2094 1547 2129 homines

70 2137 243 2180 evadere,
267 2138 481 2173 sanctificari
500 2139 614 2174 omnia
630 2150 721 2185 quae
739 2139 999 2175 sanctificantur
1011 2165 1023 2182 ,
1047 2145 1084 2175 et
1106 2144 1247 2186 praeter
1265 2145 1408 2175 caetera
1422 2152 1546 2186 panem

70 2183 185 2226 illum,
208 2184 269 2229 qui
287 2185 326 2220 in
349 2185 544 2220 divinorum
569 2185 810 2230 mysteriorum
838 2186 1069 2221 celebratione
1090 2186 1306 2222 sacrificatur
1334 2192 1372 2221 et
1395 2198 1418 2221 a
1443 2187 1545 2222 nobis

69 2230 320 2276 participatur:
358 2243 478 2266 verum
506 2232 657 2266 divinam
697 2232 923 2267 substantiam
957 2233 1153 2268 nullatenus
1190 2245 1294 2279 posse
1327 2233 1545 2279 participari.

69 2277 190 2322 (Vll.)
205 2278 286 2332 ⁸Sul>
304 2279 392 2314 haec
411 2278 539 2314 sociale
556 2278 683 2313 bellum
700 2278 801 2333 nobis
818 2279 1032 2333 inferebatur
1050 2291 1072 2314 a
1083 2279 1266 2334 Cabasilae
1279 2279 1459 2322 adiutore,
1483 2279 1544 2334 qui

68 2323 1056 2414 ffifflsshioemvssssrl'fflssbss‘ffiffffiffifflzrssusssss
1069 2327 1300 2409 Ξῗέἕωιὼῗο
1310 2331 1542 2408 ἔξωέιῗωωῖἰᾱ

69 2415 219 2450 dicenda
242 2428 332 2462 quae
357 2417 504 2453 deerant
529 2430 607 2453 sese
634 2418 863 2460 accinxisset,
885 2423 956 2453 tum
979 2420 1091 2454 animo
1106 2424 1180 2454 tum
1195 2419 1303 2454 oculis
1319 2417 1546 2454 truculentior

68 2462 151 2496 mibi
178 2463 324 2498 obstitit.
381 2465 454 2499 Iam
481 2465 572 2499 enim
595 2465 752 2500 fortunas
782 2476 877 2500 meas
902 2465 1106 2501 conculcare
1130 2474 1167 2501 et
1191 2465 1370 2512 despicere
1386 2463 1541 2499 omnibus

67 2508 218 2550 licebat,
239 2514 313 2544 tum
329 2509 410 2556 quia
425 2511 602 2546 solitarius
615 2511 804 2557 degebam,
826 2515 899 2546 tum
917 2511 1002 2558 quia
1025 2512 1197 2558 omnigeni
1214 2524 1269 2547 me
1291 2510 1452 2546 custodes
1475 2521 1542 2544 un-

67 2555 254 2600 dequaque
271 2556 607 2592 circumcludebant:
633 2563 669 2592 et
685 2558 750 2592 hoc
764 2562 821 2592 est
839 2558 934 2603 quod
947 2558 1034 2594 trito
1049 2560 1162 2594 fertur
1178 2558 1320 2602 adagio:
1348 2567 1424 2591 cum
1440 2555 1540 2601 lapsa

67 2607 126 2635 est
145 2613 313 2646 quercus,
336 2603 433 2648 ligna
452 2603 566 2650 quivis
584 2604 738 2648 colligite
761 2604 870 2639 omnis
885 2616 971 2640 vero
990 2605 1125 2651 pudor,
1148 2611 1190 2639 ut
1204 2603 1365 2644 videtur,
1386 2602 1424 2637 in
1444 2613 1540 2637 mare

67 2647 320 2694 praecipitatus
343 2654 440 2692 erat,
464 2662 607 2696 eumque
622 2650 811 2686 maritimus
826 2655 943 2686 aestus
960 2652 1132 2686 sublatum
1149 2651 1369 2686 demerserat.
1414 2648 1540 2693 Itaque

69 2705 146 2728 cum
166 2694 233 2728 hoc
257 2699 428 2730 certamen
451 2696 635 2732 Cabasilae
659 2697 797 2732 adiutor
818 2697 1047 2733 truculentius
1075 2696 1301 2743 suscepisset,
1325 2695 1371 2729 de
1392 2693 1538 2740 partici-

67 2740 177 2794 pabili
191 2745 229 2774 et
250 2740 534 2788 impartidpabili
553 2743 726 2779 disserere
742 2743 856 2778 allatis
866 2743 1033 2790 exemplis
1055 2748 1199 2778 conatus
1219 2747 1284 2796 eft-
1307 2741 1385 2783 „Et
1401 2739 1535 2782 “emh”

67 2786 192 2831 inquit,
216 2786 335 2828 „sicut
350 2787 396 2823 de
412 2790 486 2824 sole
503 2789 659 2825 iudicare
676 2789 842 2832 solemus3
863 2790 965 2826 cuius
978 2789 1213 2830 substantiam,
1232 2799 1269 2822 m
1282 2788 1379 2823 caelo
1395 2798 1537 2822 mm·

68 2839 138 2868 tem
153 2833 348 2878 immotam,
370 2835 586 2884 participare
610 2848 679 2872 non
704 2848 905 2885 possumus,
926 2837 990 2874 sed
1018 2836 1092 2873 eius
1116 2834 1361 2871 illuminativae
1379 2832 1536 2888 rirtntis,
