1794 3172
304 80 622 169 HISTORIAE
648 116 1023 167 BYZANTINAE
1051 114 1208 163 XVIII.
1225 120 1265 163 6.
1423 106 1522 157 897

44 237 91 280 δὲ
118 235 170 279 τὰ
196 237 273 291 τῆς
301 233 529 292 θεραπείας
560 231 712 287 ἐκείνης
752 228 828 274 οὐκ
854 226 1091 287 ἀμβροσίαν
1121 226 1189 271 καὶ
1215 224 1364 283 νέκταρ
1395 220 1525 283 οῧρᾶ-
1548 230 1637 267 A.C.
1655 228 1744 268 1351

44 319 151 350 νιον·
189 299 215 360 ’ἦ
242 303 321 362 γὰρ
351 303 401 346 ἄν
423 319 529 353 τινες
557 296 666 357 ἦσαν
693 299 912 354 ἇναίμονες
939 301 1007 342 καὶ
1030 295 1180 350 αὐτοὶ,
1218 297 1286 340 καὶ
1314 279 1747 360 ἀθάνατοιωὲἒῐυζῗέψ

44 375 264 418 ἐκαλοῦντο
282 387 292 397 ·
329 372 425 416 ἀλλ’
462 371 649 426 εὖωχίαι,
687 371 756 413 καὶ
785 366 981 426 τράπεζαι
1011 371 1269 421 πολυτελεῖς,
1300 366 1369 410 καὶ
1390 364 1526 409 ἄνθο-

45 445 179 499 σμίαι,
207 444 275 486 καὶ
294 441 603 501 ἀκρατοποσίας
623 437 752 498 φάναι
782 438 954 495 ἀγῶνες·
989 438 1085 496 πρὶν
1106 433 1209 494 ὑπὲρ
1236 435 1311 480 τὸν
1335 433 1524 493 ὁρίζοντα

17 514 239 571 ὄγενὲσθαι
269 511 344 562 τὰς
374 516 448 555 τοῦ
477 508 596 566 ἡλίου
617 508 745 566 αὐγὰς
757 541 770 561 ,
807 505 1220 565 παρασκευασθεῖσαί
1235 522 1280 549 τε
1302 507 1369 549 καὶ
1391 521 1523 563 καρυ-
1545 518 1590 555 v,
1607 516 1676 556 457

45 587 258 627 κευθεῒσαι
279 583 370 624 λίαν
390 582 588 635 ἐπιμελῶς
607 580 675 622 καὶ
698 578 920 632 ἀνενδεῶς,
945 579 1014 621 καὶ
1036 574 1091 627 ὥς
1116 582 1204 626 τοῖς
1224 573 1335 619 οὕτω
1353 566 1567 634 γαστρι-Ῑ)

47 651 229 707 ζομένοις
247 648 377 708 ἁγίοις
398 651 442 693 ἐκ
464 648 670 704 βασιλέως
693 647 873 705 ἥρμοττε
894 647 996 705 πρὸς
1021 643 1174 702 ἡδονήν
1188 659 1199 670 ·
1231 646 1303 689 ἵνα
1325 645 1403 702 τὴν
1426 647 1527 703 σφί-

47 738 112 765 σιν
139 723 339 764 εἰωθυῖαν
372 720 590 772 ἐντεῦθεν,
627 716 682 768 ὥς
714 717 863 771 ἔοικεν,
902 717 963 773 εἴη
992 712 1232 772 ἀνειληφόσι
1264 719 1339 759 τοῦ
1372 713 1526 772 ἡγεμο-

46 794 158 834 νικοῦ
185 788 417 846 κάθαρσιν,
455 786 782 846 εὐπλαστότερον
807 782 917 831 οὕτω
937 804 1012 844 περ
1039 787 1104 829 ἐπὶ
1125 786 1347 836 θεοπτειάς
1369 785 1525 829 ἀνατυ-

0 871 36 907 [0
47 860 278 915 πουμένου,
301 856 646 918 θαρραλεώτερόν
660 874 703 901 τε
721 858 789 901 καὶ
813 857 1076 913 ἀδεέστερον,
1114 853 1170 906 ὥς
1189 854 1269 898 ἀπὸ
1295 852 1524 912 σκήπτρου,

45 927 304 985 θεμιστεύειν
334 930 404 972 καὶ
433 925 716 971 ἀποδισκεύειν
746 927 845 978 τούς
873 925 1020 983 λόγους
1044 932 1130 976 τοῖς
1158 924 1379 982 ἐφημέροις
1409 923 1568 981 ἡμῖν,Ε

44 999 194 1056 ἣκιστα
215 998 456 1054 δυναμένοις
475 997 556 1041 ἀπὸ
582 998 739 1047 κοιλίας
770 1003 942 1054 φωνεῖν,
980 995 1086 1038 ἀλλὰ
1109 992 1257 1050 μόναις
1286 993 1527 1052 ε’γκεκυφόσι

47 1071 115 1113 καὶ
139 1069 261 1113 οἱονεὶ
279 1066 788 1126 προσπεπατταλευμένοις
805 1073 897 1116 ταῖς
911 1066 1100 1123 πατρίοις
1116 1066 1301 1120 βίβλοις,
1339 1067 1408 1108 καὶ
1435 1072 1527 1114 ταῖς

46 1140 203 1182 ἐκεῖθεν
234 1137 520 1196 ἐξηρτημένοις
551 1135 676 1190 εἶναι,
715 1133 908 1194 καθάπερ
943 1135 1241 1191 ἀδαμαντίνως
1269 1133 1330 1177 ἀεὶ
1358 1142 1526 1193 σειραῖς,

0 1219 35 1256 [5
47 1209 315 1264 νομοθεσίαις
335 1210 616 1264 δογματικαῖς.
676 1204 767 1265 (Β.)
799 1208 886 1250 Καὶ
908 1198 1042 1249 ταῦτα
1063 1205 1139 1260 μὲν
1162 1208 1312 1247 τοῦτον
1335 1203 1426 1261 ἔσχε
1454 1204 1527 1248 τὸν

45 1276 227 1336 τρόπον’
264 1279 334 1321 καὶ
361 1274 479 1334 ἡμεῖς
510 1275 635 1327 ἄλλος
664 1275 816 1319 ἄλλοθι
850 1279 924 1330 τῆς
952 1276 1164 1331 βασιλείου
1198 1275 1351 1330 ἐκείνης
1382 1274 1526 1330 αὐλῆς,

45 1348 152 1391 κατὰ
187 1348 381 1405 συζυγίας
410 1346 525 1396 τινὰς
553 1347 621 1389 καὶ
655 1344 858 1399 δεκάδας,
898 1346 943 1387 ἐκ
976 1342 1260 1399 διαστήματος
1285 1343 1419 1401 ἠρέμα
1459 1345 1527 1387 καὶ

44 1416 183 1474 βάδην
213 1415 472 1471 σκιδνάμενοι
507 1412 718 1474 περιπάτῳ
747 1413 993 1472 ἐχρώμεθα,
1032 1412 1225 1470 καθάπερ
1261 1413 1301 1456 οἳ
1331 1414 1374 1456 ἐν
1401 1413 1526 1457 isim-
1550 1421 1591 1457 Ρ.
1612 1422 1683 1459 565

46 1489 176 1548 δημίᾳ
197 1485 326 1530 πάλαι
347 1487 627 1543 Σωκρατικοί·
651 1485 756 1541 πλὴν
780 1484 806 1541 ἢ
827 1483 891 1528 ὅτι
910 1483 963 1526 τὰ
983 1487 1082 1527 θεῖα
1096 1488 1173 1539 τῆς
1193 1483 1408 1538 ἐκκλησίας
1428 1481 1527 1539 ἡμῖν

0 1569 36 1604 20
47 1557 113 1600 ε’πὶ
137 1554 346 1612 στόματος
365 1551 472 1612 ἦσαν
491 1552 695 1611 δόγματα.
733 1549 840 1610 ἦσαν
862 1553 906 1596 δ’
933 1552 979 1595 οἳ
996 1554 1065 1596 καὶ
1089 1550 1145 1603 ὥς
1177 1551 1316 1607 ἔτυχεν
1346 1552 1417 1595 ἐπ’
1449 1553 1527 1595 αὐ-

46 1627 261 1682 τοσχεδίου
287 1623 495 1681 ἐκάθηντο
504 1658 519 1678 ,
560 1623 637 1668 οὐκ
667 1624 730 1667 ἐπὶ
758 1621 973 1678 ποταμοὺς
991 1625 1272 1677 Βαβυλῶνος,
1309 1622 1413 1678 πρὸς
1429 1622 1528 1665 Ἀσ-

48 1697 196 1752 συριάν
226 1691 370 1753 πόρῥω
401 1696 602 1753 πατρίδος
633 1691 888 1749 αἰχμάλωτοι
922 1689 1194 1748 ἀπαγόμενοι·
1231 1690 1331 1734 ἀλλ’
1359 1692 1422 1734 ε’πὶ
1452 1696 1528 1748 γῆς

48 1765 269 1824 ἀλλοτρίας
277 1797 292 1818 ,
330 1766 475 1818 εἰπεῖν,
515 1763 746 1822 ἀλλοτρίοις
763 1759 942 1820 δόγμασι
963 1765 1156 1820 χρῆσθαι
1185 1762 1255 1804 καὶ
1283 1768 1526 1819 προσκυνεῖν

138 1887 172 1923 9.
194 1898 275 1929 πως
300 1884 389 1923 coni.
413 1885 514 1922 Boiv.

46 2001 115 2026 non
139 1990 312 2026 ambrosia
336 1992 399 2026 aut
424 1988 567 2026 caelesti
593 1990 758 2032 nectare3
782 1985 913 2034 alioqui
934 1986 1023 2022 enim
1049 1986 1187 2022 futuros
1213 1985 1299 2022 istos
1325 1986 1525 2033 similes-iis,

72 2038 109 2072 ui
140 2049 333 2083 exsangues
358 2037 482 2072 vivunt
511 2036 787 2081 immortalesque
820 2039 1011 2077 vocantur3
1036 2034 1098 2068 sed
1125 2033 1231 2068 lautis
1259 2037 1295 2070 et
1318 2034 1526 2081 sumptuosis

46 2050 212 2130 dapibus,
244 2090 280 2119 et
301 2082 382 2118 vino
405 2084 605 2128 fragrante,
636 2086 673 2118 et
697 2081 842 2117 meracis
864 2080 1082 2128 potionibus,
1106 2084 1143 2115 et
1166 2080 1308 2115 bibendi
1329 2080 1525 2116 certamini-

46 2131 132 2165 bus:
155 2142 244 2177 quae
262 2130 400 2176 quidem
416 2130 527 2165 omnia
551 2133 631 2164 aute
654 2129 737 2164 solis
761 2133 872 2163 ortum
892 2132 1061 2174 apparata
1085 2132 1121 2162 et
1148 2127 1253 2162 multo
1276 2128 1423 2163 artificio
1450 2127 1528 2162 ela-

46 2176 170 2212 borata
188 2178 356 2219 fuissent,
379 2181 425 2213 ut
437 2176 522 2210 nihil
541 2177 680 2211 deesset
697 2175 741 2210 ad
762 2175 975 2221 voluptatem
986 2200 998 2217 ‚
1023 2186 1122 2221 quam
1141 2174 1271 2209 sanctis
1286 2173 1355 2215 illis
1371 2173 1526 2208 abdomi-

47 2224 148 2259 nibus
165 2224 208 2258 ab
225 2224 433 2270 imperatore
452 2223 610 2258 adhiberi
639 2234 704 2268 par
720 2225 832 2257 esset:
856 2222 1012 2256 nimirum
1034 2226 1073 2255 ut
1096 2221 1142 2260 ii,
1167 2220 1290 2255 mentis
1319 2220 1395 2255 acie
1422 2221 1526 2255 solito

47 2270 114 2305 hoc
133 2282 226 2305 more
244 2275 454 2315 repurgata,
477 2274 513 2305 et
534 2269 578 2304 ad
599 2268 817 2314 accipiendas
834 2268 1000 2303 divinitus
1018 2267 1168 2302 visiones
1183 2267 1219 2301 in
1236 2267 1409 2302 meliorem
1428 2267 1528 2301 habi-

47 2320 120 2351 tum
141 2317 348 2359 reformata,
373 2316 602 2351 confidentius
623 2316 787 2360 deinceps
805 2319 843 2349 et
863 2314 1039 2357 securius,
1065 2315 1164 2360 quasi
1180 2318 1319 2359 sceptro
1336 2313 1452 2358 potiti,
1475 2313 1528 2347 le-

47 2375 112 2408 ges
132 2364 224 2398 ferre
236 2389 247 2406 ‚
271 2368 307 2398 et
320 2363 420 2397 nobis
442 2363 568 2397 vilibus
589 2361 798 2397 homunculis
814 2373 894 2396 suas
912 2373 1014 2396 voces
1034 2363 1163 2396 eminus
1186 2364 1330 2407 possent
1346 2360 1526 2404 intorque-

46 2421 107 2451 τος
130 2410 241 2452 nobis,
260 2410 408 2455 inquam,
436 2410 498 2455 qui
516 2409 598 2444 solis
614 2409 758 2443 Patrum
772 2408 870 2442 libris
892 2408 991 2454 proni
1007 2407 1222 2449 incubantes,
1245 2411 1281 2442 et
1298 2406 1393 2440 velut
1411 2405 1523 2448 affixi,

46 2467 152 2490 voces
172 2467 192 2490 e
210 2461 333 2491 ventre
347 2456 473 2490 elicere
492 2456 628 2490 minime
649 2455 899 2496 didicissemus,
923 2455 984 2490 sed
999 2455 1133 2488 illorum
1153 2452 1357 2498 dogmaticis
1374 2451 1524 2497 legibus,

47 2501 157 2537 veluti
175 2502 275 2537 nodis
293 2501 498 2548 quibusdam
515 2502 763 2546 adamantinis,
786 2501 946 2536 obstricti
969 2501 1205 2547 penderemus.
1253 2499 1339 2543 (ΙΙ.)
1363 2498 1414 2532 Et
1436 2498 1526 2532 haec

47 2549 186 2593 quidem
204 2547 256 2583 ita
271 2560 310 2583 se
327 2549 532 2584 habuerunt.
579 2550 657 2584 Nos
668 2559 751 2583 vero
769 2547 828 2582 alii
844 2547 912 2582 alio
924 2560 988 2594 per
1005 2546 1242 2593 imperatoriae
1261 2545 1380 2579 domus
1399 2544 1525 2584 atrium

47 2594 220 2639 dispersi,
245 2599 282 2629 et
308 2596 408 2640 quasi
435 2595 470 2630 in
496 2596 625 2631 classes
650 2600 686 2629 et
712 2594 870 2629 decurias
895 2606 960 2641 per
982 2594 1164 2629 intervalla
1189 2591 1391 2633 distributi,
1423 2594 1527 2625 tran-

47 2641 154 2686 quille
178 2646 215 2675 et
237 2640 330 2675 lento
356 2641 466 2686 gradu
486 2642 761 2683 ambulabamus,
786 2640 1065 2686 quemadmodum
1084 2639 1164 2675 olim
1190 2640 1225 2674 in
1254 2636 1439 2673 Academia
1458 2638 1528 2671 So-

48 2686 170 2721 cratici
197 2687 391 2730 auditores3
420 2687 488 2722 nisi
518 2688 609 2735 quod
634 2688 733 2722 nobis
761 2686 879 2721 divina
900 2687 1067 2722 ecclesiae
1089 2687 1250 2730 dogmata
1269 2684 1305 2719 in
1326 2695 1388 2719 ore
1414 2687 1526 2726 erant.

49 2733 199 2774 Quidam
223 2733 328 2768 etiam
353 2733 390 2768 in
415 2734 555 2769 sedibus
577 2735 721 2770 fortuito
749 2739 786 2768 et
811 2736 940 2768 temere
970 2733 1095 2768 oblatis
1113 2731 1362 2772 considebant,
1384 2741 1452 2764 non
1474 2729 1526 2765 illi

47 2779 185 2823 quidem
217 2791 322 2824 super
350 2779 488 2815 flumina
513 2781 721 2827 Babylonis,
744 2779 780 2814 in
800 2779 981 2824 Assyriam
1002 2779 1106 2825 longe
1127 2790 1149 2812 a
1176 2777 1293 2824 patria
1311 2775 1443 2822 captivi
1463 2776 1524 2810 ab⁴

49 2825 171 2869 ducti3
195 2830 233 2862 at
249 2826 353 2869 iidem
373 2830 486 2863 tamen
507 2826 542 2863 in
568 2832 662 2876 terra
682 2826 928 2874 quodammodo
956 2825 1145 2874 peregrina
1165 2835 1238 2860 eam
1255 2822 1326 2873 yim
1361 2822 1525 2874 subituri,
