1794 3172
356 139 677 188 HISTORIAE
697 137 1074 187 BYZANTINAE
1093 136 1235 186 XVII.
1247 143 1290 186 3.
1466 125 1568 181 853

80 259 231 309 νεῖται,
261 253 480 305 πλείστους
501 250 752 308 καταβαλὼν
767 251 1002 308 πολεμίους.
1051 248 1142 311 (Ε.)
1173 248 1286 294 Ἐπεὶ
1303 249 1350 294 δὲ
1366 253 1444 307 τῆς
1462 246 1567 306 ἦμέ-
1590 256 1628 289 A.
1645 257 1684 290 C.
1701 253 1792 316 1348

81 342 161 383 ρας
178 321 397 381 κλινούσης
414 324 495 381 ἤδη
506 357 521 378 ,
553 324 622 367 καὶ
641 326 725 366 τῶν
745 322 952 378 πολεμίων
971 317 1278 378 ἀπεγνωκότων,
1314 319 1384 364 διὰ
1403 319 1454 364 τὸ
1476 305 1793 386 ἔπι-ωῐῑζεῗΐέ““

81 394 311 438 λελοιπέναι
327 392 428 445 τούς
446 411 489 437 τε
507 392 604 436 κατ’
626 391 798 449 ἐκλογὴν
817 392 993 442 ἐκείνους
1014 388 1186 442 ὁπλίτας
1203 389 1350 446 σχεδὸν
1376 388 1568 442 ἅπαντας

81 464 224 515 αὐτοῖς
251 464 388 520 βέλεσι
416 465 485 508 καὶ
523 461 671 513 αὖταΐς
710 461 854 505 ἀσπίσι
886 463 956 505 καὶ
990 458 1071 504 ὅσα
1103 460 1428 519 προτειχίσματα
1456 455 1568 517 ἦσαν

51 533 225 584 5αὗτοΐς
257 535 326 577 καὶ
355 535 565 592 φραγμοὶ,
599 533 667 576 καὶ
699 529 947 585 δεισάντων,
989 530 1050 587 μὴ
1081 532 1149 574 καὶ
1175 529 1496 587 εἰσπηδήσαντες
1528 531 1606 574 οἶΒ

81 601 304 657 Βυζάντιοι
332 605 402 647 καὶ
428 602 558 659 αὐτὴν
587 603 663 657 μὲν
692 600 926 660 αὔτανδρον
958 600 1079 644 ἕλωσι
1105 599 1182 656 τὴν
1203 597 1362 644 ὁλκάδα
1371 634 1386 655 ,
1414 604 1500 644 τῶν
1518 600 1565 644 δ’

82 674 127 717 ἓν
154 679 246 724 ταῖς
272 671 455 731 τριήρεσι
484 673 746 730 τραυματίας
775 671 875 722 τούς
895 671 1113 720 πλείστους
1139 667 1418 728 ἐργάσωνται,
1451 667 1506 713 τά
1523 687 1567 715 τε

81 740 321 801 πρυμνήσια
350 744 541 786 εἵλκυσαν
583 744 652 786 καὶ
686 742 763 792 τὰς
796 739 976 799 τριήρεις
1007 742 1063 791 εἰς
1092 741 1335 795 συμμαχίαν
1354 745 1429 797 τῆς
1451 740 1565 784 ἀπα-

81 817 216 870 γωγῆς
235 813 572 870 συγκαλέσαντες,
603 811 771 870 σφόδρα
791 809 1012 868 ἡττημένοι
1034 811 1101 853 καὶ
1122 810 1415 867 δεδακρυμένοι
1435 808 1566 868 ἀπῄε-

27 897 72 932 10
83 900 163 926 σαν
181 883 281 938 μὲν,
321 881 470 939 ἣκιστά
496 899 538 939 γε
562 882 646 939 μὴν
674 887 734 941 τῷ
759 883 890 941 οἰκείῳ
915 880 1147 938 προσέσχον
1175 881 1218 923 ἐκ
1235 884 1312 923 τοῦ
1335 880 1481 931 εὐθέος
1501 883 1566 923 λι-

80 953 198 1009 μένι·
235 953 343 996 ἀλλὰ
372 953 517 1011 μέχρις
543 950 661 1008 ἡλίου
689 950 839 1003 δύντος
870 949 1080 1008 πελάγιοι,
1117 949 1194 1000 τὰς
1219 950 1369 1001 οἰκείας
1399 949 1566 994 ἀνακω-

78 1020 302 1079 χεύσαντες
331 1027 457 1078 ναῦς,
498 1021 598 1073 τοὺς
627 1023 801 1072 οἰκειόυς
838 1020 1106 1064 συνέστελλον
1136 1019 1305 1078 νεκροὺς
1336 1021 1405 1063 καὶ
1433 1022 1606 1077 ‘rpem-C

79 1093 234 1149 ματιάς
254 1090 542 1148 ἀνελάμβανόν
566 1109 609 1135 τε
629 1093 696 1135 καὶ
716 1089 984 1150 ἐθεράπευον.
1023 1088 1201 1148 ἑσπέρας
1227 1089 1269 1133 δ’
1281 1123 1297 1144 ,
1334 1088 1401 1134 ὅτ’
1429 1089 1564 1134 οὐκέτι
1615 1122 1620 1128 .

81 1160 229 1222 ῥᾴδιον
257 1158 309 1219 ἦν
338 1169 426 1213 τοῖς
458 1162 574 1213 ε’ντός
600 1163 805 1220 φρουρίου
834 1165 1094 1219 παραχρῆμα
1112 1160 1189 1217 τὴν
1207 1164 1292 1204 τῶν
1315 1161 1474 1204 οἰκείων
1495 1161 1565 1204 αἰ-

24 1232 268 1281 15σθέσθαι
298 1232 495 1291 φθορὰν,
527 1233 596 1275 καὶ
628 1229 819 1290 θόρυβόν
849 1247 966 1290 σφισι
990 1231 1183 1288 γενέσθαι
1201 1229 1314 1283 τινὰ,
1345 1231 1412 1273 καὶ
1433 1247 1565 1288 κραυ-

79 1301 156 1359 γὴν
177 1300 368 1360 μανιώδη
399 1306 758 1360 παρεισπεσοῦσαν
784 1303 841 1353 εἰς
860 1301 909 1345 τὸ
933 1298 1135 1359 φρούριον
1163 1302 1343 1359 ταρᾶξαι
1372 1302 1442 1344 καὶ
1479 1302 1564 1344 δει-

79 1373 173 1415 λίαν
192 1379 285 1423 ταῖς
304 1380 462 1429 ψυχαῖς
479 1376 562 1416 τῶν
581 1372 830 1427 λειπομένων
851 1371 1015 1429 ἀνδρῶν
1034 1371 1269 1428 ἐμποιῆσαι,
1298 1369 1376 1422 ἔξω
1395 1373 1480 1414 τῶν
1500 1371 1564 1414 οἰ-

80 1443 199 1486 κείων
220 1441 327 1501 ὅρων
347 1440 622 1499 κατήχθησαν
636 1457 646 1467 ·
683 1444 751 1486 καὶ
772 1439 995 1498 θάψαντες
1016 1441 1102 1485 ἐκεῖ
1113 1441 1213 1492 τούς
1230 1440 1399 1499 νεκροὺς
1427 1437 1563 1496 ἡσυχῆ
1571 1446 1605 1481 D

79 1515 140 1571 τῷ
162 1513 294 1572 οἰκείῳ
316 1512 545 1571 προσέσχον
564 1511 645 1569 ἤδη
669 1514 800 1567 λιμένι
814 1544 827 1565 ,
861 1512 992 1572 δειλίᾳ
1013 1528 1056 1554 τε
1077 1514 1211 1569 πολλῇ
1231 1510 1309 1561 τὰς
1326 1509 1469 1566 ψυχὰς
1484 1513 1561 1553 τοῦ

21 1585 226 1629 Ξολοιποῧ
250 1579 452 1640 γινόμενοι
472 1582 632 1637 δέσμιοι
654 1584 723 1625 καὶ
753 1579 861 1624 πάνυ
885 1599 949 1624 τοι
971 1578 1138 1638 σφόδρα
1162 1579 1221 1624 δι’
1248 1580 1426 1638 ἐφέσεως
1443 1577 1564 1635 μάλα

79 1656 246 1709 μακρᾶς
267 1651 342 1706 τὴν
367 1655 442 1707 τῆς
467 1649 604 1708 μάχης
625 1650 866 1708 ἀπαλλαγὴν
886 1650 1100 1708 τιθέμενοί
1113 1667 1158 1694 τε
1183 1647 1271 1705 ἅμα
1291 1650 1360 1692 καὶ
1380 1651 1568 1706 προσδο-

80 1725 244 1772 κῶντες.
302 1718 393 1780 (ς’.)
422 1721 540 1764 Ἀλλ’
571 1721 652 1777 ὀψὲ
683 1721 759 1772 τὰς
785 1721 954 1771 ἐλπίδας
980 1716 1144 1776 ἀπάτην
1171 1717 1302 1770 οὔσας
1315 1716 1567 1775 μεμαθηκό-

78 1808 145 1841 τες
174 1790 359 1852 ἴπεμπον
382 1791 459 1846 μὲν
487 1792 708 1849 πρεσβείαν
735 1788 839 1848 ὑπὲρ
877 1786 1041 1849 εἰρήνης
1070 1789 1113 1840 ἐς
1137 1789 1338 1844 βασιλέα,
1387 1792 1565 1845 συνῆγον

79 1862 107 1903 δ
113 1860 126 1876 ²
150 1855 224 1905 οὖν
244 1862 312 1904 καὶ
332 1858 578 1917 συμμάχους
607 1859 779 1912 ὁπλίτας
808 1859 853 1904 ἴκ
878 1877 922 1904 τε
944 1863 1028 1904 τῶν
1052 1861 1210 1904 οἰκείων
1238 1860 1308 1903 καὶ
1338 1862 1423 1902 τῶν
1459 1857 1560 1902 ὅθεν

21 1928 236 1987 25δήποτε
270 1932 403 1989 φίλων
431 1932 501 1974 καὶ
543 1936 769 1989 συγγενῶν·
814 1931 883 1974 καὶ
913 1926 1266 1988 ἀποτυγχάνοντες
1293 1932 1371 1986 τῆς
1398 1926 1561 1988 εἰρήνης

174 2009 230 2044 18.
254 2005 497 2054 κατήχθησαν
520 2020 585 2043 em.
609 2007 708 2044 Boiv.
732 2019 795 2054 pro
818 2004 1043 2054 κατήχησαν.

79 2065 291 2109 cumberent‚
316 2065 474 2112 pluribus
494 2071 575 2102 ante
594 2066 753 2101 hostibus
771 2065 973 2112 prostratis,
1021 2064 1106 2111 (V.)
1126 2063 1195 2100 Die
1212 2063 1280 2100 iam
1307 2063 1475 2100 inclinato
1495 2062 1562 2100 ho-

79 2118 152 2147 stes
173 2124 236 2158 spe
255 2112 403 2155 deiecti,
428 2114 521 2159 quod
540 2113 743 2148 lectissimos
762 2113 839 2149 illos
854 2113 984 2148 milites
1005 2124 1074 2148 una
1092 2124 1167 2147 cum
1191 2111 1286 2157 telis,
1310 2111 1455 2158 clypeis,
1478 2122 1563 2156 pro-

79 2159 298 2206 pugnaculis,
321 2163 358 2194 et
377 2161 534 2195 omnibus
551 2160 818 2202 munitionibus,
841 2160 968 2206 quibus
990 2159 1138 2206 protecti
1158 2160 1318 2202 fuerant,
1341 2158 1561 2199 amisissent3

80 2217 158 2240 cum
178 2212 215 2241 et
230 2212 341 2242 metus
359 2211 474 2249 esset,
497 2219 542 2242 ne
558 2206 741 2253 Byzantii,
765 2207 859 2242 facta
882 2206 1098 2253 irruptione,
1121 2206 1236 2241 navim
1261 2205 1451 2241 onerariam
1473 2204 1560 2251 ipsis

78 2264 156 2287 cum
173 2253 364 2288 hominibus
382 2254 720 2299 comprehenderent,
738 2265 780 2289 ac
799 2265 926 2296 eorum,
947 2253 1007 2301 qui
1028 2253 1064 2288 in
1077 2253 1275 2288 triremibus
1295 2256 1408 2295 erant,
1424 2251 1561 2298 pleros-

79 2311 150 2345 que
172 2300 418 2342 vulnerarent3
440 2301 541 2335 funes
567 2300 783 2343 convellunt,
806 2305 845 2335 et
862 2300 1061 2336 convocatis
1079 2300 1295 2342 triremibus,
1320 2310 1409 2345 quae
1429 2298 1497 2333 sibi
1515 2296 1561 2333 ad

78 2346 191 2381 navim
213 2347 448 2382 abducendam
471 2346 624 2382 subsidio
644 2347 736 2390 sint,
758 2346 862 2382 fracti
879 2347 1056 2383 admodum
1077 2352 1114 2383 et
1135 2345 1394 2394 lacrymabundi
1420 2346 1560 2380 abeunt.

78 2392 160 2428 Non
178 2398 292 2428 tamen
313 2394 359 2429 ad
379 2405 477 2429 suum
495 2394 612 2429 statim
630 2399 767 2440 portum
785 2394 981 2440 appellunt:
1005 2395 1067 2430 sed
1084 2406 1196 2441 usque
1212 2394 1321 2429 donec
1351 2392 1402 2427 sol
1421 2390 1560 2426 occidat

79 2438 116 2472 in
135 2439 206 2475 alto
225 2441 434 2483 commorati,
457 2441 560 2477 iactis
579 2441 733 2484 ancoris,
766 2447 918 2476 mortuos
937 2442 1124 2488 colligunt,
1158 2445 1195 2476 et
1210 2443 1373 2486 receptos
1394 2438 1560 2473 vulnera-

78 2490 134 2520 tos
151 2493 284 2522 curant.
317 2487 486 2533 Vespere,
511 2499 586 2523 cum
605 2500 677 2531 eos,
696 2487 755 2534 qui
778 2488 814 2523 in
832 2489 974 2524 castello
987 2493 1118 2531 essent,
1136 2499 1277 2523 suorum
1296 2485 1428 2521 cladem
1439 2484 1557 2519 statim

78 2533 293 2577 persentire,
315 2534 564 2580 tumultumque
585 2535 668 2570 inde
686 2534 790 2577 oriri,
813 2534 1023 2571 furiosumve
1042 2535 1148 2570 ullum
1174 2534 1356 2569 clamorem
1374 2531 1412 2566 in
1428 2531 1558 2566 castel-

77 2578 146 2613 lum
164 2586 362 2625 penetrare,
387 2593 430 2618 ac
446 2581 644 2616 relictorum
659 2581 710 2617 ibi
726 2581 898 2617 hominum
914 2582 1036 2618 animis
1053 2581 1346 2628 perturbationem
1363 2582 1558 2624 metumque

77 2625 227 2669 afferre,
250 2626 311 2662 vix
326 2627 395 2662 iam
410 2628 515 2663 facile
534 2633 631 2672 erat,
657 2633 756 2663 extra
772 2628 860 2664 fines
875 2640 956 2664 suos
973 2629 1199 2670 deferuntur,
1221 2639 1263 2662 ac
1279 2630 1431 2661 mortuos
1454 2636 1557 2670 sepe·

75 2671 176 2707 liunt.
220 2673 365 2708 Demum
388 2674 509 2709 animis
529 2674 652 2710 timore
675 2675 778 2721 gravi
802 2676 1002 2722 oppressis,
1025 2675 1070 2711 ad
1093 2680 1231 2722 portum
1252 2683 1350 2708 suum
1368 2671 1556 2717 applicant,

6 2728 9 2731 ’
76 2718 120 2752 ab
146 2718 249 2754 armis
274 2719 406 2755 discedi
433 2722 731 2757 vehementissime
763 2721 965 2768 cupientes,
1000 2722 1261 2767 discessumque
1286 2718 1331 2753 iri
1360 2723 1555 2765 sperantes.

74 2765 178 2810 (VI.)
201 2766 360 2802 Tandem
374 2767 432 2802 ubi
451 2779 532 2814 spes
551 2780 630 2804 suas
650 2768 816 2814 deceptas
834 2768 973 2812 vident,
996 2769 1131 2815 legatos
1149 2767 1195 2803 ad
1212 2767 1454 2813 imperatorem
1473 2764 1555 2799 mit-

73 2817 176 2854 tunt,
201 2812 262 2858 qui
286 2813 331 2848 de
355 2825 443 2859 pace
467 2818 594 2860 agant3
616 2815 789 2862 iidemque
811 2814 1032 2852 nihilominus
1053 2814 1240 2851 auxiliares
1265 2811 1384 2858 copias
1409 2816 1552 2856 cogunt,

72 2861 144 2894 tum
165 2859 211 2895 ab
230 2859 316 2905 suis,
338 2864 410 2896 tum
428 2861 655 2910 undecunque
677 2863 722 2899 ab
740 2862 860 2899 amicis
880 2868 918 2900 et
936 2863 1110 2910 cognatis.
1156 2861 1250 2897 Pace
1265 2870 1333 2895 non
1351 2859 1551 2906 impetrata,
