1794 3172
361 131 676 178 HISTORIAE
699 130 1074 177 BYZANTINAE
1104 130 1224 178 XIX.
1242 139 1280 182 1.
1446 123 1548 174 ,933

70 243 176 288 κατὰ
194 242 354 300 μηδένα
374 243 422 300 γέ
438 261 529 287 τινα
547 247 736 299 χρῆσθαι
754 241 948 298 δεομένου
967 240 1041 285 τὸν
1057 238 1225 300 τρόπον,
1242 242 1311 286 καὶ
1333 239 1469 302 ῥᾷστα
1494 241 1545 297 δὴ
1570 247 1607 280 A.
1624 248 1662 280 C.
1679 245 1768 293 1351

70 314 318 358 τούντεῦθεν
336 319 411 370 τῆς
425 314 696 371 φιλαλληλίας
711 311 1014 367 ὑποτέμνεσθαι
1029 313 1240 368 συνέβαινε
1259 311 1359 361 τούς
1375 309 1522 368 λόγους
1535 295 1770 376 ’ϊωέζὲξπζοέω

70 383 208 439 ἐπειδὴ
236 384 280 426 δ’
314 382 392 426 ἔδει
425 382 619 426 κοινωνὸν
646 383 718 426 τὸν
752 382 978 440 ἄνθρωπον
1007 379 1108 424 εἶναι
1130 381 1198 424 διὰ
1221 381 1268 425 τὸ
1289 386 1366 438 τῆς
1387 379 1550 438 ἀγάπης

67 452 273 510 χρήσιμον
294 454 362 495 καὶ
379 452 652 509 ἀνακὲκραται
680 452 825 495 λοιπὸν
853 459 940 502 τοῖς
965 455 1164 508 λυπηροῖς
1183 450 1237 494 τὰ
1268 449 1393 507 ἦδεά,
1431 454 1554 496 λυπεῖ

42 524 148 577 ὁμὲν
165 527 225 581 τῷ
246 523 376 574 ἐνδεῖ,
412 521 549 579 τέρπει
574 521 619 564 δ’
643 516 695 564 αὖ
719 522 761 564 ἓν
781 519 1010 579 προθύροις
1028 522 1186 574 οῗκίζων
1208 519 1282 576 τὴν
1305 521 1450 563 ἐλπίδα
1470 524 1586 576 τῆςΕἶ

71 592 265 648 εὐπορίας
271 625 285 644 ,
323 593 522 634 διδοῦσαν
560 589 755 647 παλάμην
793 591 1018 634 ἀντίπαλον
1049 594 1102 647 τῇ
1138 591 1347 650 πλεονεξίᾳ
1375 593 1450 633 τοῦ
1481 590 1550 638 ἔν,-

71 663 213 711 δεοῦς·
249 662 318 704 καὶ
345 662 457 715 ζητεῖ
471 660 546 715 μὲν
567 654 713 713 οὗτος,
752 662 895 704 δίδωσι
926 661 952 703 δ
961 659 973 676 ’
1005 660 1175 709 ἐκεῖνος·
1212 660 1279 702 καὶ
1307 658 1548 703 τούναντίον

72 726 199 780 αὖθις
227 731 295 773 καὶ
319 729 387 772 διὰ
417 728 552 773 πάντα
581 728 796 787 ἑκάτερον·
832 732 900 773 καὶ
923 727 1050 784 νόμος
1070 732 1195 772 τοῦτο
1228 730 1378 784 γίνεται
1408 730 1549 786 φιλίας

71 801 139 842 καὶ
168 799 320 855 δεσμὸς
351 797 543 855 ἀλλήλοις
572 798 736 857 ἄφυκτα
766 797 941 856 ι’σχῦων·
978 799 1046 842 καὶ
1069 796 1190 840 τοῦτ’
1222 796 1331 841 ἔστιν
1353 797 1375 841 ὃ
1396 802 1448 855 γῇ
1470 799 1548 852 μὲν

15 879 60 913 10
71 869 236 924 πλωτὴν
265 867 472 925 ἐργάζεται
500 867 726 913 θάλασσαν
756 871 823 912 καὶ
853 866 1008 924 ταύτην
1034 861 1161 918 αὖθις
1186 867 1315 925 ἐκείνῃ
1340 866 1546 922 βάσιμον·

71 940 139 982 καὶ
164 937 322 988 Τάναϊς
350 939 426 993 μὲν
446 938 505 981 δι’
526 936 628 982 αὐτό
648 939 696 996 γέ
711 957 774 982 τοι
793 943 917 982 τοῦτο
944 935 1101 994 δρόμον
1131 929 1373 991 ποιούμενος
1393 933 1546 995 ὖπερό-

71 1025 160 1065 ριον
190 1007 348 1066 ἐπιρῤεΐ
370 1012 422 1065 τῇ
447 1005 625 1061 Ἑλλάδι,
662 1010 730 1051 καὶ
750 1008 912 1066 ’Ἴστρος
931 1007 1002 1050 ἐπ’
1023 1007 1239 1063 Αἴγυπτον
1261 1004 1435 1062 ἔρχεται,
1471 1006 1583 1048 xaiF

73 1075 290 1121 Mandu&
310 1080 460 1127 Νεῖλος
484 1082 688 1121 κοινοῦται
709 1078 757 1121 τὸ
778 1077 932 1136 ῥεῧμα”
968 1074 1078 1120 οὕτω
1101 1074 1322 1119 κάνταῦθα
1349 1076 1552 1118 δι’δοσθαί

70 1163 172 1204 φησι
199 1144 220 1190 ὃ
251 1151 367 1197 θεῖος
399 1145 632 1197 ἀπόστολος
658 1147 772 1204 παρὰ
799 1151 873 1191 τοῦ
906 1144 1136 1200 πνεύματος
1170 1144 1281 1204 ἄλλῳ
1311 1146 1388 1200 μὲν
1423 1142 1546 1201 λόγον

14 1226 59 1263 15
71 1218 247 1273 σοφίας,
286 1215 399 1275 ἄλλῳ
424 1216 469 1259 δ’
495 1215 710 1274 ἑρμηνείαν
732 1221 951 1274 γλωσσῶν,
982 1215 1094 1274 ἄλλῳ
1117 1215 1162 1258 δὲ
1181 1215 1449 1272 προφητείαν,
1477 1215 1547 1257 καὶ

70 1285 182 1345 ἄλλῳ
201 1285 276 1340 μὲν
299 1283 487 1341 ἰαμάτων
504 1288 771 1344 χαρίσματα,
809 1286 920 1346 ἄλλῳ
953 1286 994 1328 δ’
1028 1282 1282 1341 ἐνεργήματα
1306 1282 1544 1339 δυνάμεων·

69 1356 137 1398 καὶ
156 1354 297 1406 ἄλλοις
316 1355 391 1410 μὲν
414 1354 534 1408 ἄλλα,
557 1358 624 1399 καὶ
645 1354 797 1414 ἑτέροις
819 1357 939 1412 ἕτερα
952 1369 963 1379 ·
998 1356 1041 1398 ἓν
1062 1352 1123 1405 οἷς
1142 1355 1268 1397 ἐνίοτε
1288 1355 1356 1396 καὶ
1376 1354 1546 1409 ἐπιστῆ-

68 1443 145 1480 μαι
167 1426 234 1467 καὶ
266 1425 403 1481 τέχναι
429 1425 476 1468 τὸ
506 1424 658 1482 κράτος
684 1425 844 1481 ἔχουσι·
881 1424 937 1476 ὥς
961 1422 1064 1480 μήτ’
1089 1426 1145 1474 εἰς
1170 1422 1303 1480 ὀφρὺν
1331 1423 1542 1481 ἕκφὲροιτο

70 1493 138 1537 διὰ
160 1493 207 1537 τὸ
226 1493 408 1545 ἆνενδεές
427 1494 475 1538 τὸ
497 1499 571 1551 τῆς
592 1493 745 1545 εἷκόνος
765 1494 994 1551 ἀρχέτυπον
1015 1490 1320 1547 ἐνθυμούμενός
1339 1509 1415 1545 τις,
1434 1490 1539 1548 μήτ’

11 1565 127 1614 εοεῗς
146 1561 416 1620 ἀπογνώσεως
433 1563 664 1607 ὄλισθαίνοι
690 1564 878 1618 βυθοὺς,
917 1560 1172 1620 ἀχορήγητον
1196 1561 1298 1616 ἔχων
1318 1560 1394 1617 τὴν
1413 1559 1537 1619 φύσιν
1560 1566 1603 1602 Ρ.
1626 1567 1697 1603 587

69 1631 225 1683 παντὸς
251 1631 416 1688 ἀγαθοῦ
443 1634 510 1675 καὶ
532 1635 707 1689 μηδαμῆ
729 1633 832 1690 παρ’
865 1632 1030 1682 οὐδενὸς
1051 1633 1107 1682 εἷς
1138 1628 1376 1687 οἶανδήτινα
1398 1631 1542 1688 χρείαν
1564 1613 1610 1648 v'
1629 1612 1700 1651 47⁵

70 1701 178 1744 κατὰ
196 1701 354 1757 μηδένα
377 1700 627 1757 καλούμενος
647 1700 824 1760 χρόνον·
861 1699 919 1753 ὥς
939 1702 1127 1759 γίνεσθαι
1156 1702 1284 1756 δῆλον
1308 1700 1354 1743 ἐκ
1381 1698 1543 1743 τούτων

70 1769 290 1823 ἁπάντων,
322 1768 397 1827 τήν
414 1788 457 1815 τε
480 1776 564 1815 τῶν
582 1771 813 1828 ἀναγκαίων
829 1769 955 1829 φύσιν
974 1769 1075 1814 εἶναι
1094 1770 1194 1826 μίαν
1218 1771 1286 1813 καὶ
1306 1768 1394 1821 ἅμα
1415 1774 1541 1813 πᾶσιν

70 1838 222 1897 ὁμοίαν
250 1840 328 1897 τὴν
346 1845 513 1897 κτῆσιν·
549 1841 626 1898 τὴν
651 1841 701 1885 δέ
716 1859 758 1899 γε
779 1846 863 1886 τῶν
884 1840 1152 1897 ἐνδεχομένων
1172 1838 1266 1884 οὕτε
1283 1840 1407 1894 μιάν,
1445 1838 1540 1883 οὔτε

160 1928 196 1962 8.
216 1926 358 1971 παντὸς
379 1927 469 1965 coni.
490 1927 590 1965 Boiv.

68 2008 170 2044 quam
195 2009 301 2044 opera
324 1997 368 2033 ad
391 1998 494 2033 ullam
509 2010 580 2034 rem
599 1998 794 2045 indigeret,
816 1997 979 2033 facillime
1000 1996 1129 2034 idcirco
1143 1995 1251 2033 mutui
1266 1994 1390 2032 amoris
1410 2006 1539 2030 causae

68 2044 371 2091 praeciderenturz
392 2056 433 2079 ac
456 2046 614 2091 quoniam
635 2045 788 2092 oportuit
815 2045 971 2080 caritatis
1002 2056 1105 2080 causa
1135 2044 1301 2080 hominem
1328 2041 1455 2078 homini
1483 2054 1541 2076 so-

70 2090 176 2133 ciari,
211 2095 248 2125 et
274 2091 418 2126 molesta
444 2091 574 2127 demum
602 2092 758 2126 iucundis
782 2092 989 2138 temperari,
1014 2091 1144 2126 idcirco
1174 2091 1292 2126 eadem
1322 2088 1541 2135 providentia

69 2149 135 2184 per
151 2136 375 2182 indigentiam
392 2138 595 2180 contristat,
617 2144 654 2173 et
671 2150 788 2172 rursus
806 2139 960 2184 proxima
980 2138 1100 2184 copiae
1120 2150 1184 2184 spe
1204 2137 1339 2178 oblata,
1362 2140 1398 2170 et
1418 2139 1538 2181 parato

68 2187 190 2218 contra
207 2183 431 2229 indigentiam
455 2185 583 2219 auxilio
603 2184 832 2219 abundantiae
846 2211 855 2227 ,
879 2185 1008 2220 animos
1032 2191 1186 2226 recreat3
1210 2184 1299 2219 unde
1317 2183 1370 2224 fit,
1390 2187 1429 2216 ut
1450 2181 1538 2215 alius

68 2234 191 2275 petat,
213 2230 301 2265 alius
320 2230 499 2276 largiatur,
524 2237 560 2266 et
578 2231 739 2276 utrinque
758 2242 875 2266 rursus
893 2233 1100 2267 contrarium
1117 2230 1248 2266 omnino
1269 2229 1423 2269 accidat3
1448 2239 1540 2273 quae

69 2276 240 2312 amicitiae
266 2277 322 2311 lex
349 2283 422 2320 eat,
447 2283 483 2313 et
508 2277 760 2313 coniunctionis
777 2277 945 2313 vinculum
961 2278 1091 2313 firmum
1106 2290 1147 2313 ac
1165 2277 1354 2323 irruptum:
1379 2280 1481 2319 atque
1498 2284 1541 2307 ea

69 2334 128 2358 res
149 2335 243 2358 mare
269 2324 374 2358 terris
399 2324 618 2370 navigabile,
644 2328 680 2358 et
697 2330 809 2359 terras
837 2325 923 2360 mari
946 2326 1087 2371 pervias
1112 2325 1279 2370 praebet;
1304 2334 1345 2356 ac
1367 2332 1431 2367 per
1456 2319 1541 2355 illud

69 2369 223 2411 Tanais,
245 2369 370 2405 limites
395 2382 477 2405 suos
504 2372 606 2417 longe
635 2375 933 2416 praetergressus,
956 2371 992 2406 in
1017 2371 1199 2406 Graeciam
1228 2369 1363 2410 influit,
1396 2370 1433 2401 et
1451 2367 1541 2400 Ister

67 2414 105 2449 in
116 2418 311 2462 Aegyptum
330 2418 500 2463 pervenit,
524 2424 559 2453 et
577 2418 681 2452 Nilus
699 2428 772 2452 cum
789 2418 965 2452 Maeotide
982 2430 1089 2464 aquas
1108 2416 1351 2452 communicat:
1375 2413 1425 2446 sic
1437 2412 1540 2449 etiam

68 2461 105 2494 in
123 2463 178 2495 his
198 2465 382 2507 Apostolus
405 2464 512 2506 dicit,
537 2464 611 2499 dari
631 2475 693 2510 per
718 2464 878 2509 spiritum
904 2464 963 2499 alii
980 2465 1117 2511 quidem
1133 2474 1316 2498 sermonem
1334 2458 1539 2505 sapientiae,

69 2508 130 2541 alii
152 2507 468 2554 interpretationem
494 2522 706 2553 sermonum,
739 2509 798 2544 alii
851 2511 1063 2557 rophetiam,
1087 2510 1146 2545 alii
1174 2508 1318 2555 gratiam
1343 2504 1539 2546 sanitatum,

69 2554 130 2588 alii
154 2555 387 2599 operationem
412 2557 598 2600 virtutum,
633 2563 669 2592 et
697 2556 774 2591 aliis
803 2557 892 2599 aia,
925 2561 962 2592 et
988 2557 1136 2593 diversis
1162 2557 1320 2594 diversa3
1353 2551 1390 2586 in
1416 2550 1540 2597 quibus

69 2611 307 2646 nonnunquam
325 2602 490 2638 scientiae
513 2609 549 2638 et
567 2608 661 2639 artes
679 2603 807 2649 primas
823 2608 962 2645 tenent3
986 2610 1025 2639 ut
1045 2615 1110 2638 noc
1130 2614 1192 2649 per
1211 2598 1442 2644 arrogantiam
1461 2608 1540 2651 sese

68 2647 249 2692 quisquam
280 2649 425 2692 efferat,
455 2651 679 2696 archetypum
704 2662 761 2691 se,
787 2660 864 2684 cum
885 2649 999 2696 imago
1023 2650 1092 2692 sit,
1118 2651 1162 2684 ob
1190 2648 1226 2682 id
1250 2649 1434 2691 reputws,
1457 2653 1540 2688 ‘1⁰¹⁸

69 2693 163 2727 nulia
188 2704 228 2727 re
250 2700 388 2738 careat;
410 2707 475 2730 nec
496 2696 540 2730 ad
571 2697 670 2732 imam
696 2695 969 2741 desperationem
986 2696 1182 2737 dilabatur,
1205 2705 1246 2728 eo
1265 2691 1358 2737 quod
1379 2696 1535 2724 naturam

69 2738 153 2773 boni
170 2739 278 2774 omnis
294 2747 465 2777 exsortem
480 2743 631 2786 habeat,
656 2747 692 2777 et
710 2754 731 2777 a
751 2742 885 2777 nemine
905 2754 1052 2789 unquam
1076 2742 1119 2777 ad
1141 2742 1240 2776 ullam
1262 2737 1379 2772 utilem
1398 2746 1535 2781 operam

68 2785 268 2822 advocetur.
315 2787 436 2834 ltaque
452 2800 494 2823 ex
520 2790 573 2824 his
593 2790 748 2824 omnibus
767 2793 883 2834 patet,
906 2790 1178 2824 necessariorum
1197 2788 1358 2837 bonorum
1378 2787 1535 2817 naturam

70 2842 194 2875 unam,
225 2843 268 2868 ac
292 2835 541 2881 possessionem
570 2836 664 2883 apud
693 2846 811 2871 omues
832 2835 975 2871 eandem
1002 2846 1101 2877 esse3
1130 2833 1399 2877 contingentium
1424 2833 1537 2866 autem
