1754 3164
485 158 732 198 NOMINUM
760 160 827 199 ΕΤ
855 158 1149 200 VERBORUM.

67 257 251 304 Magnesia
273 260 332 303 78,
343 260 380 297 2.
403 261 462 303 80,
482 260 537 298 15.
556 261 640 304 205,
659 261 718 304 22,
735 261 819 304 207,

111 307 147 341 5.
131 270 246 348 gn214,
267 309 320 344 19.

66 331 266 388 Maiestatis

113 401 194 441 625,
218 402 252 436 2.

66 446 323 484 Mandrabolas.
353 446 444 482 Vide
464 447 663 482 proverbia.

66 492 272 528 Manfredus
301 493 444 529 Siciliae
480 506 565 536 rex,
606 505 715 539 gener
749 493 818 528 Mi-

113 539 244 574 chaelis
272 540 412 586 Angeli:
446 552 523 575 cum
542 552 664 575 socero
690 540 725 575 in
743 540 818 575 Ro-

112 597 231 620 manos
258 586 345 620 fines
371 587 532 633 irrumpit
557 589 615 629 71,
643 585 701 622 24.
733 587 819 631 fuga

114 632 264 667 elabitur
271 634 330 675 75,
342 635 376 669 8.
394 634 485 667 Vide
495 636 598 668 Anna
610 635 817 668 Alemanna.

67 678 244 714 Manfredi
262 691 384 722 soror,
408 683 514 726 nupta
535 680 656 715 loanni
677 680 818 715 Ducae:

114 737 188 759 cum
225 726 378 761 Caesare
410 727 532 761 Alexio
568 727 818 775 Strategopulo

112 778 306 817 permutata
320 775 377 815 91,
393 775 452 809 23.

65 817 253 863 Mangana.
290 819 377 854 Vide
398 821 588 854 nonaster-

65 865 314 908 Manichaeus;
347 866 377 901 si
404 866 499 901 dicat
519 866 694 902 materiam
715 878 818 912 prae-

112 911 285 955 existere,
322 912 407 958 qui'd
438 913 619 947 dicendum
650 914 817 956 961,18.

111 957 308 994 Manichaei
324 960 443 994 eadem
460 959 622 994 dicebant
640 972 730 1005 quae
748 961 819 995 Pa-

112 1004 218 1040 lamas
246 1005 346 1048 1142,
378 1009 431 1042 16.
455 1006 736 1042 Manichaeorum
756 1007 819 1041 do-

113 1056 211 1093 ctor,
234 1064 310 1087 cum
330 1053 407 1087 aliis
423 1052 576 1087 eiusdem
596 1057 732 1095 sectae,
755 1055 820 1088 ab-

111 1097 235 1133 iuratis
254 1100 428 1133 erroribus
443 1099 643 1145 baptizatur
657 1098 817 1142 384,13.

66 1144 210 1180 Manuel
227 1146 330 1180 Asan
363 1146 453 1181 Vide
476 1149 586 1180 Asan.

65 1191 207 1227 Manuel
234 1192 414 1248 Despota3
454 1191 640 1227 Andronici
671 1191 818 1227 iunioris

110 1239 242 1280 frater,
267 1244 310 1273 ut
326 1239 460 1274 occisus
475 1240 558 1280 285,
573 1241 631 1274 21.

67 1284 211 1319 Manuel
224 1286 497 1322 Cantacuzenus.
529 1264 621 1321 Vide
642 1285 818 1322 Camaca-

109 1343 227 1366 zenas.

66 1377 255 1414 Marathon
273 1380 355 1421 337,
372 1381 427 1416 16.

66 1425 328 1460 Marbascianus
348 1425 451 1468 1274,
469 1426 504 1461 7.

65 1471 284 1515 Marcesina‚
314 1473 451 1507 Ioannis
476 1472 596 1507 Ducae
617 1471 727 1507 amica
755 1469 815 1514 45,

97 1522 170 1555 416.
207 1519 335 1564 templo
371 1518 565 1553 excluditur
589 1530 610 1552 a
638 1519 814 1552 monachis

112 1566 204 1600 iussu
222 1565 444 1611 Blemmydae
454 1566 513 1607 46,
529 1567 565 1601 3.
583 1564 815 1611 Blemmydam

113 1611 314 1647 criminatur
332 1612 390 1654 46,
414 1613 469 1648 18.

65 1659 306 1695 Marchionum
327 1658 475 1705 dignitas
493 1658 572 1701 238,
589 1658 625 1695 3.
648 1657 733 1704 ibiq.
753 1669 815 1694 an-

34 1718 42 1729 ·
110 1709 184 1741 not.

64 1752 224 1788 Marcion
243 1753 325 1794 961,
347 1753 401 1787 19.

320 351 644 400 (καθοσιώσεως)
693 352 820 389 crimen

63 1798 186 1841 Mare,
210 1798 421 1834 Adriaticum
440 1798 519 1840 110,
540 1798 594 1833 11.
627 1798 815 1842 Aegaeum.
853 1809 858 1812 ·

110 1846 203 1881 Vide
223 1847 261 1880 in
274 1847 336 1879 Ae.
358 1845 568 1880 Atlanticum
586 1846 620 1886 8,
636 1845 671 1880 5.
692 1845 771 1885 172,
780 1845 813 1879 7.

111 1893 372 1935 888,11.992,
399 1891 455 1928 15.
487 1890 649 1945 Caspium
672 1891 730 1932 33,
756 1869 814 1926 23.

108 1940 169 1981 35,
190 1939 246 1974 24.
264 1940 319 1979 18.
345 1939 404 1980 91,
428 1939 484 1974 13.
514 1937 706 1972 Euboicum
732 1937 814 1980 251,

111 1987 168 2021 19.
191 1985 386 2021 Galaticum
407 1983 487 2027 1,41
505 1986 539 2020 7.
562 1983 717 2018 Indicum
735 1985 815 2026 107,

110 2033 146 2068 5.
171 2032 324 2067 Inferum
357 2030 544 2073 416,1.1
577 2030 707 2064 Ionium
732 2033 812 2073 110,

113 2080 170 2116 12.
196 2077 275 2122 124,
301 2079 335 2114 5.
365 2080 448 2120 326,
478 2081 511 2114 1.
546 2077 814 2122 carium‚1.y-

111 2125 223 2168 cium,
246 2125 424 2160 Ponticum
443 2122 523 2167 141,
543 2125 576 2163 7.

65 2171 195 2214 Maria,
221 2171 295 2206 filia
313 2170 494 2206 Theodori
511 2169 668 2205 Lascaris
686 2169 812 2214 57,13.

112 2220 170 2262 63,
186 2219 221 2254 3.
245 2217 476 2265 despondetur
494 2216 717 2263 Nicephoro,
741 2216 813 2250 Mi-

113 2265 242 2300 chaelis
260 2265 358 2300 nothi
377 2264 447 2298 filio
462 2263 520 2306 47,
539 2265 596 2299 21.

65 2311 198 2354 Maria,
221 2311 403 2346 Michaelis
419 2307 618 2354 Palaeologi
635 2308 750 2354 neptis
770 2319 812 2344 ex

111 2369 231 2393 sorore
253 2358 426 2403 Eulogia,
451 2355 673 2391 Constantino
696 2355 812 2400 (Toe-

112 2405 196 2450 cho)
229 2404 380 2450 principi
408 2403 568 2448 Zagorae
596 2406 704 2447 nupta
730 2404 811 2445 130,

113 2452 171 2488 18.
195 2450 374 2486 Michaelis
391 2456 501 2484 mater
520 2449 598 2491 132,
614 2450 673 2484 20.

64 2496 183 2533 Maria
201 2498 348 2532 Armena
367 2497 475 2542 (quae
498 2501 534 2531 et
567 2496 693 2540 Xeno),
718 2494 811 2540 regis

111 2543 294 2579 Armeniae
319 2555 438 2585 soror,
468 2542 672 2588 Byzantium
699 2541 811 2576 addu-

112 2589 228 2631 citur,
249 2589 415 2624 Michaeli
429 2595 580 2634 nuptura
597 2588 676 2630 195,
699 2588 732 2622 6.
757 2587 811 2622 iu-

111 2635 217 2670 nioris
245 2635 434 2670 Andronici
458 2639 591 2677 mater,
623 2633 811 2670 Thessalo-

112 2681 212 2716 nicae
238 2682 504 2727 comprehensa,
538 2692 560 2716 a
585 2680 809 2716 Constantino

110 2727 267 2781 Despota
285 2728 493 2782 Byzantium
509 2727 655 2763 mittitur
678 2725 758 2769 354,
774 2726 809 2761 4.

111 2773 351 2809 Andronicus·
341 2773 456 2808 iunior
473 2785 546 2808 cum
563 2786 606 2808 ea
621 2773 808 2807 deliberat:

113 2821 200 2856 haec
220 2819 291 2857 filio
306 2819 427 2864 timet3
451 2831 529 2859 eum
548 2831 621 2858 cum
638 2819 810 2857 michaele

1481 151 1608 199 1361

911 261 1065 306 Bulgaro
1087 260 1288 296 reconciliat
1311 260 1394 304 430,
1422 262 1476 297 11.
1508 273 1613 307 prae-

911 309 1049 344 teritam
1083 320 1121 343 se
1154 313 1362 344 testamento
1397 308 1458 342 filii
1498 309 1611 343 dolet:

911 355 1139 400 Syrgiannem
1169 355 1333 400 adoptat:
1386 355 1611 390 Thessaloni-

911 413 1031 436 censes
1052 406 1264 436 sacramento
1289 401 1357 437 sibi
1376 402 1510 446 obligat
1531 402 1612 445 440,

912 449 947 485 5.
980 448 1250 482 Thessalonicae
1278 448 1423 482 moritur
1448 449 1528 490 490,
1556 451 1612 485 11.

910 495 1020 530 oratio
1045 493 1089 528 de
1107 494 1179 529 eius
1195 494 1291 529 obitu
1308 493 1464 536 490,14.
1497 495 1612 530 Maria

909 553 931 576 a
949 540 1115 584 religione
1127 542 1242 586 patria
1251 542 1295 575 ad
1305 542 1476 576 Graecum
1488 541 1612 587 dogma

908 588 1048 622 transiit
1077 586 1157 629 493,
1196 589 1228 622 8.
1273 594 1383 622 mater
1421 590 1540 623 Annae
1575 593 1612 623 et

910 634 1118 670 Theodorae
1143 635 1224 676 283,
1248 635 1280 669 5.
1317 634 1551 668 Cantacuzeni
1575 640 1612 670 et

911 681 984 717 eius
1007 681 1126 715 matris
1152 681 1289 715 inimica
1310 680 1393 722 440,
1422 682 1474 716 12.
1502 682 1612 716 Wen-

912 727 1019 762 ceslai
1051 731 1087 761 et
1114 727 1294 762 Michaelis
1322 727 1466 772 Bulgari
1493 739 1611 762 socrus

910 776 992 816 390,
1012 775 1068 809 13.
1084 775 1164 814 391,
1192 777 1247 810 10.
1270 775 1325 809 16.
1358 774 1448 808 Vide
1468 777 1504 808 et
1528 774 1610 816 277,

910 823 967 857 20.
986 822 1066 862 283,
1085 822 1119 857 5.
1136 820 1218 863 354,
1237 820 1271 857 4.
1291 822 1346 857 17.
1369 822 1447 862 623,
1467 821 1501 855 8.

865 867 980 903 Maria
1013 867 1200 902 Andronici
1239 866 1384 902 senioris
1419 866 1534 911 neptis
1567 878 1611 901 ex

911 926 1051 955 sorore,
1082 914 1268 960 eademque
1292 913 1414 948 Asanis
1435 913 1507 948 filia
1527 915 1611 957 220,

912 962 966 996 12.
992 961 1091 994 nubit
1107 960 1282 1005 Rogerio,
1305 959 1390 994 ibid.

863 1006 980 1042 Maria
1003 1007 1128 1052 (immo
1146 1007 1355 1050 Theodora)
1379 1006 1610 1041 Cantacuzeni

910 1054 1003 1094 filia,
1038 1053 1136 1088 nubit
1158 1054 1322 1101 Hyrcano
1343 1053 1527 1099 Bithyniae
1554 1065 1609 1088 sa-

909 1106 1031 1146 trapae
1050 1101 1131 1142 762,
1151 1101 1208 1135 24.

863 1146 1001 1181 Marius
1024 1146 1172 1191 (Caius)
1197 1146 1355 1182 Cimbros
1376 1149 1412 1181 et
1429 1145 1610 1182 Teutonas

910 1193 997 1227 vicit
1011 1192 1069 1234 34,
1090 1192 1142 1228 14.

863 1239 1030 1274 Maronea
1048 1238 1129 1281 244,
1147 1237 1205 1276 24.

863 1286 1056 1328 Martinus,
1098 1286 1178 1320 Chii
1210 1289 1346 1328 rector3
1379 1285 1453 1321 eius
1478 1286 1610 1321 insulae

908 1312 1160 1388 praefecturam
1177 1337 1214 1367 ut
1234 1332 1384 1378 adeptus
1406 1333 1472 1368 sit·
1497 1334 1610 1369 multis

909 1380 1013 1414 rebus
1032 1379 1141 1424 gestis
1159 1379 1291 1419 clarus,
1315 1379 1465 1433 ideoque
1485 1392 1608 1433 suspe-

908 1431 1003 1460 ctus:
1029 1426 1167 1471 capitur
1192 1432 1228 1459 et
1250 1427 1302 1470 Β)
1304 1426 1454 1460 zantium
1471 1427 1607 1462 vinctus

907 1472 1053 1506 mittitur
1069 1473 1231 1513 438,13.

861 1518 1003 1553 Martini
1014 1519 1124 1553 frater
1134 1530 1154 1553 a
1164 1517 1314 1553 Martino
1329 1517 1443 1552 elusus
1458 1515 1538 1561 438,
1547 1520 1605 1555 21.

860 1565 1012 1599 Martius
1036 1565 1278 1610 (Coriolanus)
1303 1566 1383 1606 810,
1402 1566 1435 1599 8.

861 1611 1055 1656 Martyrum
1068 1611 1255 1646 certamina
1274 1611 1374 1650 1015,
1392 1612 1426 1647 3.

861 1657 1088 1709 Massagetae
1115 1657 1196 1702 (seu
1213 1657 1336 1701 Alani)
1358 1657 1416 1699 34,
1441 1658 1474 1692 1.
1498 1658 1556 1700 36,
1570 1659 1604 1692 2.

907 1696 1096 1739 Christiani
1112 1703 1317 1748 antiquitus.
1341 1715 1362 1737 a
1372 1702 1514 1749 Scythis
1525 1705 1604 1738 sub-

907 1750 998 1794 acti,
1021 1751 1154 1796 legatos
1168 1749 1306 1785 mittunt
1320 1750 1363 1783 ad
1378 1750 1603 1786 Andronicum

906 1797 1092 1832 seniorem.
1121 1808 1236 1832 eorum
1262 1796 1437 1842 postulata
1461 1801 1496 1831 et
1522 1808 1604 1842 pro-

906 1844 1011 1879 missa
1029 1844 1110 1885 204,
1136 1842 1189 1878 14.
1209 1855 1283 1879 cum
1308 1842 1473 1877 uxoribus
1499 1849 1536 1877 et
1560 1843 1603 1876 li-

906 1891 1000 1925 beris
1022 1869 1177 1932 admissi,
1209 1889 1342 1924 acerbis
1369 1888 1603 1924 exactionibus

906 1937 1117 1972 occasionem
1127 1936 1313 1982 praebent.
1322 1935 1357 1969 in
1366 1934 1477 1970 Asiam
1491 1940 1603 1970 trans

905 1989 1010 2027 eunt,
1033 1983 1213 2018 Michaelis
1232 1981 1448 2028 imperatoris
1475 1983 1602 2016 ductu·

906 2031 1000 2065 circa
1009 2029 1217 2075 Magnesiam
1231 2032 1514 2063 castrametantur
1521 2029 1603 2070 205,

904 2079 939 2114 9.
965 2088 987 2112 a
1006 2076 1133 2112 Turcis
1153 2075 1356 2110 funduntur:
1387 2074 1602 2110 Christiano-

903 2134 977 2159 rum
997 2134 1100 2168 agros
1120 2122 1328 2169 populantur
1342 2123 1423 2164 207,
1443 2123 1478 2156 2.
1503 2121 1602 2156 Mas-

904 2173 1068 2224 sagene,
1102 2176 1138 2204 et
1160 2168 1365 2224 Turcopuli
1399 2167 1600 2202 Michaelem

903 2215 1142 2298 gmpffiatorem
1136 2227 1195 2297 1,ἐιι
1212 2226 1341 2295 pugsna
1344 2215 1509 2296 {laeserunt
1517 2215 1598 2256 230,

1013 2274 1088 2298 assa
1117 2274 1135 2297 e
1173 2274 1193 2296 e
1211 2273 1248 2296 ιιι
1300 2273 1341 2306 cy
1384 2272 1450 2295 iam
1491 2259 1598 2293 ransi-

902 2308 984 2352 turi,
1011 2274 1250 2354 aTugrcopulis
1269 2314 1307 2343 et
1324 2306 1499 2342 Catalanis
1517 2317 1599 2351 pro-

902 2355 1008 2400 ffigan
1009 2359 1069 2390 tur
1093 2356 1175 2397 232,
1196 2352 1254 2390 24.
1288 2354 1378 2389 Vide
1397 2357 1433 2387 et
1456 2354 1538 2394 226,
1562 2353 1596 2387 8.

902 2402 1034 2444 228,1.
1056 2403 1137 2443 229,
1155 2380 1190 2437 9.
1208 2400 1264 2436 24.
1285 2401 1366 2442 230,
1382 2401 1415 2435 7-

856 2427 1058 2483 Massaliani
1077 2452 1113 2483 et
1126 2427 1203 2492 'Bog
1205 2447 1305 2483 οιιι111
1327 2446 1363 2480 in
1378 2447 1490 2479 monte
1504 2443 1595 2479 Atho

902 2494 1137 2549 comprehensi
1148 2460 1226 2535 714,
1236 2495 1292 2529 20.
1309 2492 1594 2546 deprehensorum

901 2540 1036 2577 nomina
1050 2541 1129 2583 718,
1149 2542 1182 2576 7.
1201 2540 1367 2594 dogmata
1374 2537 1594 2592 impura7,18

901 2589 959 2624 22.
968 2586 1085 2623 variis
1113 2585 1231 2639 poenis
1258 2583 1415 2619 coerciti.
1457 2582 1593 2628 quidam

901 2634 986 2678 fuga
1009 2633 1128 2687 elapsi,
1151 2631 1322 2685 recipiunt
1344 2642 1382 2664 se
1404 2630 1439 2664 in
1457 2640 1592 2674 magnas

901 2681 1022 2715 urbes:
1045 2679 1217 2714 imitantur
1238 2676 1332 2723 picus
1350 2675 1496 2710 Martios
1510 2677 1590 2715 719,

901 2729 957 2763 10.
981 2725 1068 2760 Vide
1091 2728 1126 2758 et
1147 2725 1226 2765 876,
1246 2725 1280 2759 5.
1308 2723 1389 2764 919,
1402 2723 1435 2756 8.
1458 2723 1539 2762 921,
1557 2722 1591 2756 3.

854 2773 1048 2812 Matthaeus
1073 2771 1342 2806 cantaouzenus.
1381 2767 1469 2804 Vide
1501 2767 1591 2803 Cars-

897 2825 1094 2858 taouzenus.
