1794 3172
240 174 373 229 '1070
466 166 468 168 ’
623 179 958 228 τΝΙοΕΡΗοΒΙ
986 178 1319 225 GREGORAE

17 309 56 345 A.
73 309 119 344 M.
135 307 369 345 6859κουσα
398 290 659 351 μεταβάλλει.
706 292 775 335 καὶ
803 291 883 349 γὰρ
914 289 962 335 οὗ
989 286 1188 348 πρότεραι
1205 292 1291 334 τῶν
1319 289 1470 335 οὗσιῶν
1500 289 1545 334 αἶ
1572 290 1719 342 λε’ξεις·

72 353 336 437 ¹¹²⁶·4Ee0u’
366 365 411 408 αἲ
437 363 573 408 οὐσίαι
606 365 796 421 πρῶτον,
827 363 896 404 καὶ
922 357 1107 418 δεύτεραι
1131 357 1293 404 τούτων
1321 360 1366 403 αἱ
1396 360 1533 413 λέξεις.
1589 357 1611 403 ὃ
1642 360 1720 417 γὰρ

237 436 362 489 θεὸς,
408 431 564 484 ἅπλοῦς
591 431 648 477 ὢν
677 433 746 475 καὶ
786 429 1020 480 ἀσύνθετος
1048 427 1192 488 φύσει,
1231 427 1373 480 ἅπλῶς
1403 432 1470 473 καὶ
1497 431 1723 485 μονοειδῶς

237 505 292 551 τὰ
313 501 433 564 φύσει
454 500 591 547 πάντα
608 502 786 560 πέφυκεν
807 499 910 545 εἶναι
938 499 1044 544 καλὰ
1064 497 1168 557 ὑπὲρ
1188 503 1289 543 νοῦν
1310 500 1378 542 καὶ
1404 497 1524 557 λόγον
1550 497 1723 557 ἀνθρώ-

238 593 367 619 πινον.
405 572 459 617 τὰ
489 572 532 615 δ’
564 573 607 616 ἓν
637 569 779 631 κόσμῳ
811 570 919 614 καλὰ
948 570 1064 614 θέσει
1091 570 1162 612 καὶ
1183 568 1232 612 οὗ
1254 569 1406 627 κυρίως
1435 571 1535 623 εἶσὶ,
1569 571 1638 612 καὶ
1661 570 1751 614 «εἲ-5

238 642 353 695 κόνες
381 642 567 701 ἀμυδραὶ
585 645 670 686 τῶν
702 641 854 684 ἐκείνου
878 643 1029 684 καλῶν.
1077 635 1194 695 ἡμεῖς
1222 638 1267 681 δ’
1302 636 1579 697 ὖστερογενεΐς
1608 637 1725 689 ὄντες

237 712 486 772 ὑστερογενῆ
517 711 664 755 καὶτὰ
692 709 838 768 ἀγαθὰ
877 705 1165 765 διδασκόμεθα
1198 706 1299 752 ὄντα
1334 708 1406 752 διὰ
1433 712 1511 766 τῆς
1553 709 1722 766 πείρας·

238 783 466 828 κάντεῦθεν
485 783 554 826 καὶ
581 781 686 841 πρὸς
705 780 808 825 θεὸν
833 779 886 824 τὰ
918 782 1094 824 τοιαῦτα
1123 775 1344 835 ἀνάγοντες
1379 777 1423 821 ἐκ
1449 776 1617 822 πάντων
1644 777 1724 820 αὖ-

200 853 313 901 Ετὸν
334 849 703 911 παρονομάζομεν,
742 848 770 894 ἅ
798 851 908 894 ἔστιν
939 848 1066 899 αὐτὸς
1091 845 1212 906 φύσει
1234 848 1303 890 καὶ
1331 846 1408 904 οὗχ
1435 845 1494 898 ὥς
1515 849 1559 899 ἐξ
1585 847 1723 891 αὐτῶν

241 922 394 979 ὁμοίως
418 920 518 979 ἡμῖν
552 921 821 979 συγκείμενος.
868 916 1055 975 ὀνόματα
1081 915 1160 976 γάρ
1189 919 1265 961 εἶσι
1285 921 1421 961 ταῦτα
1444 919 1513 961 καὶ
1532 914 1724 973 νοήματα
1737 924 1781 960 10

239 996 325 1037 τῶν
356 990 566 1049 ἡμετέρων
594 994 783 1046 ψυχικῶν
811 987 970 1033 ὠδίνων
979 1021 993 1042 ,
1032 985 1127 1032 ὅσαι
1155 991 1512 1046 πολυπραγμονεῖν
1539 991 1725 1042 τολμῶσι

240 1061 364 1116 θεὸν,
401 1062 444 1105 ἐν
462 1058 696 1118 προθύροις
719 1058 993 1113 αὖλιζομὲνων
1011 1061 1086 1101 τοῦ
1109 1055 1283 1112 ἀδύτου,
1315 1058 1383 1101 καὶ
1404 1056 1524 1101 οὐδὲν
1543 1057 1619 1112 μὲν
1641 1060 1725 1099 τῶν

88 1139 129 1176 Ρ.
150 1140 220 1176 673
243 1132 396 1175 ἐκείνου
419 1130 665 1187 ἐξαγγέλλειν
688 1129 870 1184 ἐχουσῶν
879 1161 893 1181 ,
926 1127 980 1170 τὰ
1004 1126 1045 1169 δ’
1072 1128 1199 1169 οἰκεῖα
1231 1123 1353 1183 πάθη
1377 1128 1469 1185 περὶ
1498 1125 1626 1170 αὗτὸν
1656 1127 1725 1169 καὶ

239 1200 318 1251 τὰς
340 1199 517 1257 ἀπορίας
536 1215 580 1242 τε
601 1199 669 1242 καὶ
690 1194 932 1247 διαπτώσεις
951 1199 1202 1252 μηνυουσῶν
1220 1193 1382 1239 ἑαυτῶν
1392 1230 1406 1250 ,
1442 1196 1539 1240 οὐδὲ
1559 1199 1721 1254 σαφῶς,

242 1268 349 1314 ἀλλὰ
371 1268 430 1312 δι’
452 1268 660 1319 ἐνδείξεων
681 1268 749 1310 καὶ
771 1270 928 1319 ταῦτα,
960 1267 1028 1308 καὶ
1049 1272 1135 1316 τοῖς
1155 1265 1307 1309 ἐπαΐειν
1325 1267 1393 1308 καὶ
1412 1263 1573 1309 τούτων
1596 1266 1725 1308 δυνα-
1737 1271 1782 1308 15

242 1339 393 1396 με’νοις.
440 1336 538 1381 ἀλλ’
571 1335 594 1381 ὅ
628 1335 826 1394 ὑμέτερος
855 1332 1105 1385 διδάσκαλος
1130 1337 1345 1391 Παλαμᾶς
1372 1332 1509 1378 πάντα
1538 1334 1593 1378 τὰ
1621 1338 1726 1378 θεο-

243 1411 379 1466 πρεπῆ
401 1404 586 1462 ὄνόματά
607 1423 651 1451 τε
671 1407 739 1450 καὶ
756 1401 948 1461 νοήματα
967 1401 1174 1460 θεότητας
1199 1402 1417 1455 ἀκτίστους
1435 1405 1601 1460 νομίζει,
1633 1405 1723 1462 διῃ-

246 1478 427 1535 ρημένας
449 1473 640 1532 ἀλλήλων
655 1476 723 1519 καὶ
741 1474 896 1524 ἀτελεῖς
915 1473 1020 1517 καθ’
1048 1471 1222 1527 ἑαυτὰς,
1256 1471 1323 1524 αἷς
1345 1471 1540 1519 συνάπτει
1558 1474 1627 1517 καὶ
1648 1473 1725 1530 τὴν

206 1548 379 1605 Βκρίσιν
409 1549 485 1590 τοῦ
514 1548 620 1589 θεοῦ
645 1546 714 1588 καὶ
744 1543 820 1600 τὴν
852 1540 1147 1599 αἲδεσιμότητα
1177 1542 1331 1598 αὐτοῦ,
1374 1544 1443 1587 καὶ
1472 1544 1626 1602 μυρίας
1655 1544 1725 1586 καὶ

243 1614 345 1666 ὅσας
367 1616 579 1670 δείξομεν,
613 1615 670 1665 εἲς
687 1612 814 1669 μέσον
841 1610 1148 1671 προαγαγόντες
1175 1611 1308 1664 αὗτάς
1327 1611 1404 1664 τὰς
1433 1610 1570 1671 ῥήσεις
1593 1611 1723 1655 αὐτοῦ
1734 1619 1781 1654 20

242 1684 378 1744 (καθὰ
410 1685 480 1728 καὶ
508 1683 700 1743 ἀνωτέρω
723 1700 804 1727 που
840 1679 1117 1739 πεποιήκαμεν
1148 1679 1327 1740 ὀλιγάκις
1353 1699 1399 1727 τε
1430 1683 1498 1726 καὶ
1527 1680 1722 1741 μετρίως)

331 1803 392 1843 14.
414 1802 573 1852 ἀσαφῶς
595 1803 686 1841 coni.
711 1802 826 1851 Capp.

238 1908 330 1945 Nam
348 1907 457 1943 verba
473 1918 541 1942 non
557 1909 636 1943 sunt
655 1905 860 1942 substantiis
880 1905 1017 1952 priora,
1045 1904 1109 1940 sed
1128 1905 1342 1949 substantiae
1361 1906 1520 1953 primitus
1539 1905 1724 1950 exsistunt,

220 1980 222 1982 v
238 1955 364 2001 quibus
380 1953 572 2000 posteriora
591 1957 671 2000 sunt
689 1954 810 1988 verba.
859 1952 953 1987 Deus
975 1951 1107 1998 quippe
1123 1964 1198 1987 cum
1221 1953 1269 1987 sit
1285 1965 1329 1988 ex
1347 1958 1471 1988 natura
1489 1965 1554 1989 sua
1580 1953 1723 2000 simplex

239 2004 277 2035 et
296 1999 553 2045 compositionis
573 2011 720 2047 expers,
744 1998 947 2045 simpliciter
968 1999 1071 2033 etiam
1090 2005 1126 2033 et
1145 1999 1361 2034 uniformiter
1379 2005 1432 2035 est
1450 2011 1493 2035 ex
1516 2004 1640 2035 natura
1658 2012 1724 2036 sua

239 2057 339 2081 omne
358 2047 503 2088 bonum,
528 2050 565 2081 et
585 2058 682 2081 omne
710 2046 889 2091 pulchrum
914 2045 1123 2089 essentiale,
1148 2057 1255 2092 supra
1281 2058 1383 2092 quam
1410 2046 1589 2093 quisquam
1613 2047 1723 2081 homi-

243 2104 322 2127 num
349 2092 546 2137 intelligere
575 2092 687 2139 possit
707 2095 770 2127 aut
789 2102 965 2126 enarrare.
1012 2091 1111 2134 Quae
1129 2103 1213 2126 vero
1230 2092 1266 2126 in
1286 2094 1352 2128 hac
1369 2104 1480 2128 rerum
1496 2093 1724 2128 universitate

242 2138 387 2186 pulchra
403 2139 591 2181 habentur,
615 2150 682 2174 non
699 2149 742 2173 ex
786 2136 904 2183 ropria
922 2140 1069 2180 natura,
1093 2149 1213 2173 verum
1232 2138 1466 2193 dependenter
1483 2151 1504 2174 a
1533 2140 1722 2175 constituto

243 2184 377 2230 aliquo,
401 2185 543 2230 pulchra
565 2188 644 2219 sunt
656 2210 668 2228 ,
691 2187 728 2220 et
749 2149 886 2219 divinae
903 2183 1168 2230 pulchritudinis
1186 2185 1322 2220 nonnisi
1339 2186 1518 2220 obscuram
1537 2186 1722 2231 imaginem

243 2230 417 2267 exhibent.
463 2231 540 2267 Nos
561 2235 694 2273 autem,
716 2230 925 2277 posteriores
945 2230 1044 2273 facti,
1068 2231 1159 2266 bona
1175 2231 1343 2278 quaedam
1362 2232 1530 2266 exsistere
1549 2233 1721 2278 posterius

245 2276 350 2312 etiam
371 2278 485 2319 facta,
509 2277 725 2323 experientia.
742 2279 834 2311 teste
858 2275 1043 2320 discimus3
1067 2281 1172 2324 atque
1192 2277 1317 2313 exinde
1341 2277 1385 2312 ad
1403 2278 1515 2313 Deum
1531 2278 1723 2314 huiusmodi

245 2323 337 2358 bona
357 2324 547 2358 referentes
560 2349 571 2368 ,
592 2335 636 2358 ex
659 2323 703 2358 iis
730 2322 884 2357 omnibus
903 2322 1012 2358 Deum
1042 2324 1146 2359 talem
1170 2323 1446 2366 denominamus,
1470 2324 1582 2370 qualis
1605 2329 1659 2359 est
1680 2337 1723 2360 ex

246 2374 371 2407 natura
391 2381 472 2404 sua:
495 2380 563 2404 non
587 2369 678 2415 quod
701 2381 745 2404 ex
774 2369 841 2403 illis
862 2370 1073 2415 compositus
1098 2370 1165 2413 sit,
1197 2369 1477 2414 quemadmodum
1498 2371 1598 2405 nobis
1627 2372 1724 2406 acci·-

245 2415 311 2451 dit.
356 2415 456 2451 Haec
478 2415 566 2451 enim
594 2419 676 2450 sunt
697 2415 833 2450 nomina
858 2419 894 2451 et
918 2420 1112 2451 nostrarum
1140 2416 1370 2462 cogitationes
1399 2416 1610 2460 animarum3
1634 2429 1724 2464 quae

246 2473 324 2499 cum
349 2462 386 2497 in
401 2461 511 2508 adyti-
523 2461 693 2497 vestibulo
719 2461 869 2506 degant,
891 2461 956 2497 Dei
978 2467 1092 2497 tamen
1119 2467 1275 2498 naturam
1297 2462 1469 2498 curiosius
1490 2464 1619 2499 audent
1640 2476 1724 2510 per-

247 2508 395 2543 scrutari
408 2534 420 2551 ‚
443 2519 562 2544 verum
589 2507 633 2543 de
653 2507 777 2543 divinis
795 2508 971 2543 attributis
991 2508 1076 2544 nihil
1101 2509 1285 2543 enunciare
1304 2514 1468 2555 possunt,
1495 2521 1576 2545 suas
1594 2510 1722 2545 dunta-

247 2559 309 2591 xat
332 2554 509 2600 passiones
531 2558 568 2590 et
585 2565 671 2609 erga
698 2555 806 2590 Deum
837 2554 1038 2590 affectiones
1065 2553 1265 2598 declarant,
1288 2561 1360 2590 tum
1386 2555 1608 2591 difficultates
1635 2568 1722 2612 quas

247 2600 427 2646 patiuntur
445 2605 481 2636 et
499 2604 616 2636 errata
633 2612 667 2635 ιιι
686 2612 777 2647 quae
793 2600 1010 2656 impingunt,
1033 2613 1101 2636 non
1119 2601 1253 2647 quidem
1272 2601 1469 2644 evidentem
1493 2604 1554 2637 sed
1582 2602 1722 2638 indlciis

247 2646 450 2691 quibusdam
467 2648 699 2683 demonstrant
714 2647 770 2690 iis,
796 2659 855 2692 qui
874 2659 915 2682 ea
931 2648 1049 2682 vaient
1064 2647 1295 2692 intelligere-'²
1341 2649 1468 2683 Vester
1481 2653 1593 2684 autem
1611 2650 1723 2694 magi-

247 2696 321 2726 ster
346 2693 524 2736 Palamas,
548 2705 771 2740 quaecunque
789 2693 833 2728 de
849 2693 923 2728 Deo
944 2698 1025 2740 apte
1043 2694 1303 2740 praedicantur,
1327 2698 1363 2730 et
1380 2694 1641 2739 intelliguntur,
1664 2700 1722 2729 to-

247 2737 353 2773 tidem
381 2739 580 2775 divinitates
605 2751 684 2775 esse
710 2739 905 2782 increatas,
929 2752 949 2775 a
974 2752 1012 2774 se
1040 2740 1187 2775 invicem
1217 2740 1419 2785 distinctas,
1450 2741 1721 2787 independentes

246 2784 440 2819 existimat:
467 2786 591 2831 quibus
615 2786 681 2821 Dei
701 2785 863 2820 iudicium
883 2789 919 2820 et
938 2786 1149 2826 maiestatem
1173 2792 1393 2829 annumerat,
1417 2791 1454 2821 et
1471 2786 1539 2821 alia
1563 2787 1721 2830 infinita;

245 2840 358 2874 quae,
384 2831 542 2867 adductis
562 2833 600 2867 in
624 2833 767 2867 medium
792 2831 900 2877 ipsius
929 2832 1092 2867 Palamae
1111 2833 1245 2874 verbis,
1271 2834 1509 2875 ostendemus;
1533 2837 1573 2867 ut
1599 2844 1718 2878 supra,

246 2875 420 2913 moderate
436 2878 519 2915 licet
545 2882 580 2916 et
604 2890 705 2922 rare,
730 2890 752 2915 a
773 2877 871 2915 nobis
897 2879 1024 2915 factum
1046 2882 1111 2915 est.
1167 2879 1338 2917 Nimirum
1362 2891 1430 2916 uon
1448 2879 1611 2926 intelligit
1632 2881 1718 2915 haec
