1794 3172
262 121 366 172 884
668 127 987 177 N1cEPHo1u
1017 90 1346 178 GREGoaAE

43 247 81 281 A.
100 245 146 280 Μ.
156 243 250 282 6859
267 243 343 296 τῆς
370 236 529 299 ἧμὲρας
567 240 635 285 καὶ
671 236 793 296 μόλις
821 239 1078 293 συλλαβίζειν
1107 235 1278 284 εῗὸὄτων
1309 239 1362 284 τὰ
1387 243 1473 286 τῶν
1494 239 1749 301 γραμμάτων

96 290 205 328 ωᾱ·4
267 317 474 366 στοιχεῖα·
513 311 553 354 οἳ
583 310 628 354 δὲ
658 313 742 353 τῶν
766 309 872 365 χθὲς
895 310 964 352 καὶ
991 306 1133 366 πρώην
1156 307 1406 367 ἱεροσύλων,
1443 310 1520 355 κάν
1539 330 1748 368 χαμαιτυ-

266 381 395 430 πείοις
417 378 746 435 καλινδουμένων
770 376 827 429 ὥς
845 377 898 422 τὰ
919 378 1076 432 πολλὰ,
1115 380 1181 422 καὶ
1201 380 1331 435 μηδὲν
1352 380 1476 424 πλέον
1496 398 1749 439 προεισενεγ-

112 450 158 488 P.
178 450 249 489 556
272 448 427 493 κόντων
450 452 507 500 εἷς
535 450 606 494 τὸν
626 447 822 504 βαθμὸν,
860 442 968 505 πλὴν
988 452 1064 492 τοῦ
1088 447 1330 508 αἶρεσιώτας
1353 447 1452 494 εἶναι
1473 452 1750 495 συντίθεσθαι

265 523 324 579 τῷ
343 521 540 574 δυσσεβεῖ
550 522 754 579 Παλαμᾷ.
1753 524 1776 561 5

112 587 158 625 V.
177 587 248 627 450
372 586 424 633 δ’.
466 586 638 632 Τούτων
665 588 707 631 δ’
738 585 869 637 οὕτως
889 584 1066 643 ἑχόντων
1078 621 1090 641 ,
1132 589 1459 645 προσεληλυθώς
1479 591 1564 652 ι’ὃία
1585 594 1645 649 τῷ
1666 594 1749 645 βα-

269 661 377 702 σιλεῖ’
405 655 481 715 τήν
512 675 555 702 τε
585 653 715 702 οὖσαν
743 655 840 713 ἡμῖν
861 657 905 699 ἐκ
926 661 1105 701 παλαιοῦ
1128 660 1268 715 φιλίαν
1299 660 1343 702 ἐκ
1370 662 1598 717 προοιμίων
1623 659 1749 718 διῄειν

265 727 344 785 ε’γὼ
353 761 367 781 ,
404 730 472 771 καὶ
492 727 593 784 ὅσην
613 727 689 784 τὴν
709 725 907 784 πρόνοιαν
927 724 1031 784 ὗπέρ
1059 732 1134 783 τῆς
1160 727 1289 772 αὐτοῦ
1311 733 1510 784 ποιοῦμαι
1539 734 1661 785 τιμῆς
1681 731 1750 772 καὶ

265 802 430 854 ψυχῆς,
468 799 537 841 καὶ
560 798 600 841 εἷ’
613 814 653 841 τι
676 797 779 855 πρὸς
800 796 1002 853 διαμονὴν
1026 799 1095 840 καὶ
1121 795 1321 841 σύστασιν
1345 798 1406 854 εἴη
1432 800 1527 853 βίου
1557 801 1625 842 καὶ
1649 800 1749 843 παί-

267 870 353 910 δων
372 867 515 912 αὐτοῦ.
554 866 691 910 ἔπειτα
709 866 813 925 πρὸς
832 865 1016 922 ἐλέγχους
1040 865 1230 924 ε’χώρησα
1263 867 1363 918 τοὺς
1391 866 1607 925 συνήθεις,
1642 867 1746 927 ὑπέρ
1762 876 1794 911 lt

266 954 311 980 τε
331 942 407 993 τῆς
425 941 562 994 κοινῆς
582 941 664 980 τῶν
684 938 904 992 ἐκκλησιῶν
925 934 1087 994 εῗρήνης
1114 939 1182 980 καὶ
1211 937 1418 992 εὐσεβείας
1438 936 1744 994 ἀγωνιζόμενος,

236 1005 318 1051 civ
348 1005 461 1064 ὅροις
493 1006 624 1062 μένειν
654 1014 740 1057 τοῖς
776 1007 966 1062 πατρίοις
1001 1006 1151 1060 αὐτὸν,
1195 1009 1262 1050 καὶ
1293 1007 1352 1064 μὴ
1391 1010 1528 1068 πηδᾷν
1559 1006 1662 1065 ὑπὲρ
1694 1008 1746 1051 τὰ

267 1076 525 1132 ἐσκαμμένα,
561 1076 668 1132 μηδ’
705 1075 838 1126 οὕτως
871 1075 1055 1130 ἀμαθέσι
1087 1078 1154 1119 καὶ
1187 1076 1379 1132 ἀσέμνοις
1401 1075 1577 1134 ἀνδράσι
1598 1078 1650 1121 τὰ
1673 1082 1749 1134 τῆς

267 1147 487 1203 θεολογίας
516 1143 758 1203 προδιδόναι
789 1142 1022 1202 μυστήρια,
1069 1145 1122 1189 τὰ
1154 1144 1249 1203 ἅγια
1281 1154 1369 1196 τοῖς
1398 1149 1513 1201 κυσὶ,
1552 1149 1619 1190 καὶ
1648 1147 1749 1198 τούς

266 1217 527 1273 μαργαρίτας
557 1223 644 1266 τοῖς
667 1216 837 1273 χοίροις.
910 1213 1002 1273 (Β.)
1041 1213 1108 1258 Τά
1127 1233 1170 1258 τε
1192 1211 1265 1259 οἷν
1286 1217 1330 1259 εἰς
1350 1220 1426 1273 τῆς
1442 1218 1563 1268 θείας
1581 1221 1746 1274 γραφῆς
1761 1224 1794 1260 15

268 1287 337 1327 καὶ
357 1285 409 1328 τὰ
429 1283 605 1342 ἡμέτερα
626 1286 846 1341 συνείρων,
884 1285 964 1337 ,,τί
979 1285 1125 1344 δρᾷς”,-
1150 1283 1353 1342 ἔφασκον,
1386 1290 1480 1342 ,,πῆ
1501 1291 1662 1344 φρενῶν
1684 1285 1746 1342 5:1³,-

269 1356 315 1397 τί
335 1356 514 1412 σφηκίας
534 1355 695 1411 ἒγείρεις
723 1353 829 1396 κατὰ
853 1357 927 1409 τῆς
956 1355 1154 1410 πίστεως,·
1189 1356 1234 1398 τί
1249 1354 1346 1405 τοὺς
1365 1357 1472 1411 μηδὲ
1491 1356 1543 1398 τὰ
1565 1357 1606 1399 ἐν
1625 1358 1746 1401 ποσὶν

226 1422 428 1474 Ὡεῗόότας
463 1428 671 1481 θεολυγεῖν
704 1420 1022 1481 παρασκευάζεις
1034 1443 1048 1483 ‚-
1085 1426 1129 1466 τί
1163 1424 1235 1467 τὸν
1270 1422 1472 1481 Χαλάνης
1514 1427 1746 1480 οἷκοὸομεΐν

267 1495 424 1551 ἐπείγῃ,
463 1493 518 1536 τὰ
545 1493 650 1550 πρὸς
680 1491 941 1550 ἀπαρτισμὸν
972 1492 1047 1536 οὐκ
1074 1492 1202 1550 ἔχωνς
1239 1495 1284 1537 τί
1307 1493 1413 1551 πρὸς
1445 1493 1622 1551 οὐρανὸν
1655 1495 1746 1538 ἀνί-

266 1567 481 1616 πτασθαι,
521 1562 639 1615 πεζὸς
661 1561 744 1618 ὤνς
780 1563 825 1605 τί
844 1569 1090 1620 χειροτονεΐς
1110 1563 1216 1606 κατὰ
1239 1567 1322 1607 τῶν
1344 1561 1636 1622 ἁπλουστέρων
1654 1574 1794 1620 «pv-2(

263 1636 354 1688 χῶν
373 1629 599 1689 θεολόγους
626 1630 891 1689 αὐθημερὸν,
933 1633 1001 1674 καὶ
1022 1639 1147 1683 ποιεῖς
1168 1634 1314 1690 λογίων
1343 1632 1525 1688 ἀμαθῶν
1552 1651 1745 1690 τυραννι-

268 1702 321 1746 κά
341 1703 559 1760 συνέδριας
596 1703 639 1745 τί
658 1708 744 1752 τοῖς
762 1701 972 1759 ἀραχνίοις
992 1702 1198 1758 ἔνδεσμεΐν
1225 1707 1457 1761 προθυμεῖς
1480 1703 1579 1754 τοὺς
1610 1704 1743 1748 ἀσθε-

360 1791 395 1826 1.
416 1787 646 1849 γραμμάτων
661 1801 725 1827 em,
751 1788 853 1826 Boiv.
878 1800 942 1836 pro
966 1788 1205 1836 πραγμάτων.
1328 1792 1365 1829 2.
1387 1786 1461 1828 κοῖν
1483 1803 1548 1827 em.
1565 1791 1657 1827 idem
1679 1803 1743 1839 pro

358 1849 436 1873 καί.

267 1917 446 1952 vesperam
471 1905 586 1941 redire
612 1906 706 1942 soliti
733 1909 870 1949 essent,
900 1918 942 1941 ac
958 1905 1018 1941 vix
1037 1906 1144 1952 prima
1163 1906 1357 1942 litterarum
1376 1907 1544 1942 elementa
1562 1907 1743 1942 articulate

266 1952 452 1987 enunciare
471 1953 695 1996 didicissent3
725 1953 784 1988 alii
806 1965 871 1988 non
893 1953 943 1987 ita
963 1953 1094 1999 pridem
1115 1953 1298 1998 sacrilegia
1320 1954 1547 1996 admiserant,
1583 1960 1618 1989 et
1646 1967 1683 1988 se
1706 1954 1742 1989 in

266 1999 488 2046 lupanaribus
516 1999 700 2034 identidem
726 2001 988 2041 volutaverant3
1028 2012 1112 2042 nec,
1140 2005 1179 2033 ut
1209 2000 1251 2033 ad
1282 2012 1359 2034 eum
1392 2000 1571 2045 dignitatis
1598 2001 1742 2046 gradum

268 2046 518 2087 eveherentur,
541 2046 633 2080 aliud
654 2046 838 2093 quidquam
859 2046 1085 2090 contulerant,
1107 2045 1172 2080 nisi
1191 2047 1434 2093 professionem
1453 2046 1526 2082 eius
1543 2047 1742 2090 haereseos,

269 2103 370 2139 quam
390 2091 513 2135 impius
530 2093 686 2127 Palamas
702 2092 921 2129 instituisset.

362 2135 398 2173 4.
422 2138 519 2172 Haec
539 2150 613 2173 cum
631 2138 681 2173 it'a
697 2151 734 2173 se
750 2139 927 2179 haberent.
951 2151 1016 2184 ego
1031 2139 1271 2185 imperatorem
1288 2139 1449 2186 privatim
1467 2140 1631 2183 conveni3
1657 2140 1743 2174 ami-

271 2183 388 2219 citiam
416 2188 566 2219 nostram
589 2191 740 2220 veterem
765 2186 801 2219 in
828 2186 903 2231 ipso
925 2186 1091 2220 orationis
1121 2187 1260 2222 exordio
1297 2187 1573 2228 commemoravi;
1615 2191 1743 2231 quanta

270 2230 506 2265 sollicitudine
523 2232 684 2275 dignitati
705 2237 742 2266 et
763 2231 893 2266 animae
911 2232 1006 2275 eius,
1031 2238 1067 2268 et
1093 2233 1273 2268 diuturnae
1292 2245 1365 2268 cum
1382 2233 1491 2279 ipsius
1515 2239 1586 2268 tum
1611 2233 1743 2268 libero-

269 2288 347 2314 rum
367 2277 618 2312 conservationi
633 2278 857 2324 providerem,
877 2280 1136 2315 commonefeci:
1161 2280 1283 2315 deinde
1303 2281 1348 2314 ad
1369 2280 1621 2325 coarguendum
1639 2279 1741 2314 solito

269 2335 364 2359 more
381 2323 563 2366 descendi,
589 2335 651 2370 pro
675 2325 841 2360 communi
862 2325 1081 2361 ecclesiarum
1110 2338 1196 2372 pace
1214 2331 1250 2361 et
1264 2338 1326 2372 pro
1350 2327 1541 2360 orthodoxa
1564 2326 1633 2360 fide
1654 2337 1742 2371 pro-

269 2381 447 2417 pugnans3
481 2381 624 2416 eumque
648 2371 804 2406 hortatus
834 2383 928 2414 sum,
970 2378 1009 2406 ut
1041 2379 1194 2408 maneret
1219 2373 1311 2408 intra
1340 2373 1503 2407 terminos
1531 2384 1552 2406 a
1583 2373 1740 2418 patribus

269 2416 495 2459 constitutos,
519 2421 623 2462 atque
640 2423 679 2451 ut
700 2429 744 2452 ne
766 2419 952 2464 praefixam
973 2425 1093 2454 metam
1116 2420 1330 2460 transiliret,
1356 2431 1423 2453 neu
1444 2418 1634 2453 hominibus
1655 2419 1740 2454 adeo

267 2462 440 2509 imperitis
465 2466 500 2498 et
529 2463 768 2498 inverecundis
800 2465 994 2511 theologiae
1023 2467 1188 2511 mysteria
1217 2466 1399 2512 proderet,
1431 2470 1552 2500 sancta
1584 2466 1738 2507 canibus,

267 2514 305 2544 et
331 2510 447 2556 porcis
475 2509 690 2554 margaritas,
741 2511 826 2555 (ΙΙ.)
851 2512 971 2557 ltaque
990 2524 1108 2547 sacras
1130 2513 1318 2556 scripturas
1338 2523 1413 2546 cum
1438 2524 1512 2546 mea
1530 2512 1641 2557 ipsius
1664 2524 1739 2546 ora-

265 2556 360 2591 tione
372 2561 577 2591 connectens
589 2555 708 2599 „Quid
718 2557 792 2601 agis
800 2557 841 2592 ‘3”
866 2557 1097 2605 (inquiebam)
1114 2559 1211 2602 „Ubi
1228 2570 1321 2593 mens
1333 2558 1421 2593 tua?
1446 2559 1540 2601 Quid
1554 2559 1739 2593 crabrones

266 2602 351 2637 istos
382 2603 548 2638 adversus
571 2602 771 2648 religionem
807 2605 978 2640 suscitas?
1020 2607 1094 2640 Cur
1119 2606 1162 2641 de
1183 2607 1257 2641 Deo
1278 2605 1456 2650 disputare
1478 2617 1537 2638 eos
1554 2604 1737 2651 permittis,

266 2649 325 2694 qui
343 2661 387 2684 ne
405 2649 641 2695 vulgatissima
669 2650 805 2695 quidem
831 2656 868 2685 et
895 2652 1022 2696 passim
1051 2652 1152 2687 obvia
1177 2652 1401 2696 intelligunt?
1440 2651 1537 2693 Quid
1565 2651 1739 2686 Chalanae

265 2695 387 2730 turrim
412 2696 567 2739 moliris,
596 2696 782 2731 destitutus
803 2698 907 2731 rebus
935 2699 979 2733 ad
1006 2710 1079 2733 earn
1108 2698 1347 2734 absolvendam
1377 2697 1609 2733 necessariis?
1642 2697 1739 2739 Quid

265 2742 384 2777 volare
401 2742 436 2777 in
461 2743 591 2778 caelum
606 2743 704 2788 cupis
721 2743 827 2789 pedes
846 2744 989 2779 viator?
1023 2746 1097 2780 Cur
1120 2746 1212 2780 intra
1238 2744 1339 2780 unius
1365 2745 1435 2779 diei
1463 2744 1611 2789 spatium
1638 2745 1740 2778 theo-

265 2787 364 2833 logos
394 2789 565 2833 instituis,
598 2789 658 2836 qui
685 2791 814 2824 animas
848 2790 1019 2837 simplices
1051 2795 1270 2837 pervertant,
1303 2795 1339 2826 et
1360 2791 1510 2826 indoctis
1538 2789 1739 2824 doctoribus

266 2834 390 2871 accitis
405 2835 550 2872 concilia
569 2836 667 2883 cogis
684 2836 866 2884 tyrannica
877 2837 897 2873 ’ἐ
910 2866 914 2872 .
929 2836 1024 2881 Quid
1045 2838 1234 2874 imbecillos
1251 2837 1438 2885 illaqueare
1460 2848 1661 2873 aranearum
1680 2847 1737 2872 te-
