1794 3172
311 180 314 183 -
371 118 691 196 msTORIAE
717 149 1091 196 ΒΥΖΑΝΤΙΝΑΕ
1117 150 1238 195 xv1.
1271 157 1309 198 1.
1482 148 1583 195 797
1709 207 1712 210 ¹

92 258 332 318 προῦδωκεν
365 258 519 317 ἑαυτὴν
549 261 887 320 Καντακουζηνῷ
925 259 1035 304 καθ’
1062 258 1303 318 ὁμολογίαν.
1335 262 1419 304 ’καὶ
1444 264 1576 306 ταῦτα
1602 269 1638 301 Α.
1653 266 1794 305 (3.1341

90 331 167 386 μὲν
186 329 289 388 τῇδέ
301 348 358 386 πη
381 328 486 386 ἴσχε,
525 330 623 390 (Δ.)
657 327 1046 389 Σεβαστοκράτορες
1066 331 1094 374 δ
1100 329 1114 347 ’
1138 331 1203 374 ἐπὶ
1220 328 1382 381 τούτοις
1397 328 1478 374 {md
1499 316 1794 398 tofilmgclgicfu-

89 400 296 456 βασιλέως
320 399 361 443 οἳ
380 397 455 443 δύο
485 404 560 456 τῆς
577 401 797 455 βασιλίδος
814 397 995 457 Εἰρήνης
1022 397 1370 457 κεχειροτόνηνται
1388 399 1576 458 ἀδελφοὶ,

88 466 283 525 Ἰωάννης
305 470 372 512 καὶ
389 469 601 525 Μανουὴλ
612 502 627 522 ,
659 471 727 512 καὶ
757 476 846 519 τοῖς
866 473 926 530 τῷ
944 467 1120 528 τοιούτῳ
1151 467 1431 527 προσήκουσιν
1450 468 1621 522 ἀξιῶ-Ε

61 551 193 594 5ματι
224 536 511 596 παρασήμοις,
544 538 587 582 ἐν
615 555 659 582 τε
691 537 948 597 καλύπτραις
977 540 1046 582 καὶ
1078 536 1342 595 ὖποδήμασιν
1363 538 1476 594 ἅμα,
1507 557 1575 584 κε-

89 606 330 664 κόσμηνται.
376 602 434 651 ὧν
471 606 642 665 ἅτερος,
676 606 699 652 ὅ
725 606 942 664 Ἰωάννης,
982 607 1106 667 ὀλίγῳ
1142 607 1318 665 ὕστερον
1348 609 1390 659 ἐς
1416 609 1465 652 τὸ
1491 614 1576 653 τῶν

83 677 318 733 Ἔπιβατιῦν
344 677 479 721 ἀπιὼν
500 676 703 735 φρούριον
734 682 785 736 τῇ
807 678 986 735 Ἀλεξίου
1014 682 1091 721 τοῦ
1113 677 1371 722 Ἀποκαύκου
1392 681 1575 736 θυγατρὶ

87 745 307 804 συνεζύγη·
341 741 611 807 ᾗσυνῳκήκει
634 745 835 805 πρότερον
866 745 887 791 ὅ
907 746 1196 804 Παλαιολόγος
1210 746 1496 805 Ἀνδρόνικος,
1525 748 1573 792 ὃν

85 821 274 874 πνιγῆναι
295 817 402 860 κατὰ
415 817 497 868 τὸν
515 818 605 875 περὶ
624 816 925 873 Διδυμότειχον
944 819 1013 860 καὶ
1030 815 1362 874 Ἀδριανούπολιν
1382 818 1571 873 ποταμὸν

30 899 75 934 10
87 886 280 944 ἀνωτέρω
302 904 382 930 που
404 885 704 943 δεδηλώκαμεν.
733 887 896 945 βραχὺν
916 886 961 930 δ’
984 887 1069 930 ἐκεῖ·
1095 885 1388 945 διατετριφότα
1415 885 1571 944 χρόνον

83 955 223 1000 ἔπειθ’
249 954 396 1000 ἑκόντα
431 955 673 1014 προῦπεμπε
709 956 785 1000 τὸν
812 954 1009 1013 Ἰωάννην
1040 954 1116 1000 σύν
1150 974 1194 1014 γε
1218 961 1271 1015 τῇ
1301 956 1374 1017 νέᾳ
1405 955 1566 1016 συζύγῳ
1578 959 1696 998 P.501

83 1030 287 1083 λαμπρῶς
303 1023 330 1082 ἦ
351 1026 534 1084 πενθερὰ
552 1027 595 1076 ἐς
614 1026 663 1070 τὸ
685 1031 759 1083 τῆς
781 1023 1152 1083 Τραϊανουπόλεως
1171 1025 1335 1083 ἔγγιστα
1352 1023 1567 1084 φρούριον,

81 1096 159 1152 τὴν
195 1100 281 1139 τῶν
300 1095 488 1152 ,Ἀδήλων
517 1096 620 1153 λέγω
650 1094 798 1152 μονήν.
835 1095 942 1139 ἔνθα
968 1095 1045 1147 τὰς
1061 1100 1146 1139 τῶν
1164 1094 1361 1153 οἰκήσειαν
1379 1094 1568 1146 ἐπαύλεις

82 1167 151 1208 καὶ
170 1165 271 1216 τους
292 1164 445 1222 ἅγροῦς
466 1166 510 1208 ἐκ
538 1168 695 1209 πολλοῦ
714 1165 819 1224 πρὸς
840 1166 1193 1222 -Καντακουζηνοῦ
1217 1163 1568 1223 κεκλήρωταιτοῦ.

27 1245 71 1282 15
82 1235 298 1288 βασιλέως.
334 1236 475 1278 ἐδεδίει
503 1235 584 1293 γὰρ
617 1235 770 1292 ἐκείνη,
806 1235 867 1291 μὴ
892 1233 1197 1293 χειρωσάμενος
1224 1236 1373 1285 ἐκεῖνος
1408 1234 1457 1278 τὸ
1478 1239 1564 1278 τῶν

75 1305 311 1360 Ἐπιβατῶν
333 1302 535 1363 φρούριον
557 1304 664 1360 μετὰ
680 1309 763 1348 τῶν
778 1302 1008 1361 χρημάτων
1037 1305 1194 1349 ἐκεῖθεν
1220 1303 1432 1362 ἐξόριστον
1458 1301 1563 1347 ταύ-

78 1392 157 1430 την
177 1372 413 1431 ποιήσηται.
478 1373 567 1434 (Ε.)
602 1374 728 1418 Κατὰ
761 1379 910 1419 τοῦτον
939 1374 1080 1429 μέντοι
1114 1374 1189 1418 τὸν
1215 1373 1369 1431 χρόνον
1398 1370 1599 1429 νόσημαΒ

78 1451 168 1495 τοῖς
197 1442 437 1502 ἀνθρώποις
473 1444 670 1508 ἐνέσκηψε
699 1444 811 1502 βαρὺ
846 1446 916 1487 καὶ
945 1446 1168 1500 λοιμῶδες,
1219 1442 1449 1501 ἀρξάμενον
1480 1443 1561 1486 ἀπὸ

79 1517 264 1559 Σκυθῶν
302 1515 371 1557 καὶ
402 1512 651 1564 Μαιώτιδος
686 1516 754 1557 καὶ
786 1518 870 1558 τῶν
901 1518 978 1557 τοῦ
1009 1512 1218 1563 Τανάιδος
1246 1514 1429 1567 ἐκβολῶν
1459 1507 1562 1569 ἦρος

21 1595 70 1631 20
81 1582 176 1642 ι’ίρτι
193 1583 527 1638 καθισταμένου,
565 1585 635 1625 καὶ
664 1582 873 1640 διήρκεσεν
902 1581 1069 1627 ἅπαντα
1088 1582 1162 1626 τὸν
1185 1582 1370 1625 ἐνιαυτὸν
1391 1582 1557 1634 ἐκεῖνον,

52 1662 57 1663 ’
77 1657 330 1708 μεταβαῖνον
349 1655 418 1695 καὶ
437 1654 684 1710 διαφθεῖρον
703 1650 902 1703 ὡσαύτως
917 1650 1049 1708 μόνην
1063 1653 1104 1703 ἐς
1121 1651 1312 1709 τάκριβὲς
1328 1651 1404 1707 τὴν
1421 1648 1560 1707 παρά-

77 1726 167 1766 λιον
203 1722 444 1777 οἰκουμένην
453 1755 467 1775 ,
505 1720 643 1771 πόλεις
662 1720 769 1776 ὁμοῦ
793 1723 861 1765 καὶ
886 1719 1050 1779 χώρας,
1084 1719 1161 1771 τάς
1188 1738 1232 1765 τε
1259 1718 1461 1777 ἡμετέρας
1490 1721 1559 1762 καὶ

77 1790 173 1836 ὅσαι
205 1791 313 1835 κατὰ
343 1791 392 1835 τὸ
420 1791 584 1846 συνεχὲς
617 1790 826 1847 διήκουσιν
868 1789 963 1848 ἄχρι
990 1791 1202 1847 Γαδείρων
1227 1807 1272 1834 τε
1303 1791 1376 1832 καὶ
1395 1792 1566 1845 στηλῶν»

71 1859 334 1918 Ἡρακλείων.
371 1860 563 1917 δευτέρου
587 1860 633 1903 δ’
661 1859 847 1911 ἐπιόντος
879 1860 997 1911 ἔτους
1024 1860 1175 1915 μετέβη
1207 1861 1275 1902 καὶ
1305 1859 1348 1909 ἐς
1372 1858 1448 1908 τὰς
1475 1861 1594 1901 vove

19 1932 257 1988 ffiAa‘yaiov
275 1928 438 1987 νήσους.
476 1929 614 1974 ἔπειτα
633 1932 702 1974 καὶ
714 1928 882 1974 Ῥοδίων
902 1928 1060 1987 ἥψατο,
1085 1932 1152 1973 καὶ
1165 1930 1364 1986 Κυπρίων
1388 1920 1553 1984 ὁμοίως,

74 2063 238 2112 pactione
259 2063 405 2100 dedidit.
450 2063 503 2099 Et
518 2063 605 2099 haec
626 2062 763 2110 quidem
783 2063 835 2098 ita
853 2064 961 2099 ferme
984 2074 1023 2099 se
1044 2063 1250 2105 habuerunt.
1295 2061 1395 2107 (IV.)
1419 2060 1554 2096 Crean-

74 2117 134 2146 ωι-
154 2111 280 2146 deinde
300 2113 345 2146 ab
370 2111 578 2156 imperatore
605 2112 898 2146 sebastocratores
925 2111 992 2145 duo
1012 2110 1133 2145 Irenes
1155 2108 1387 2156 imperatricis
1410 2108 1553 2150 fratta,

73 2158 222 2195 Ioannes
246 2163 284 2192 et
304 2158 464 2201 Mauuel,
489 2162 525 2192 et
538 2157 631 2192 iuius
647 2157 828 2202 dignitatis
844 2156 1058 2202 insignibus,
1082 2156 1207 2203 eapitis
1227 2155 1376 2201 tegmine
1396 2154 1494 2189 simul
1514 2158 1553 2188 et

73 2205 220 2247 calceis,
244 2205 464 2239 decorantur.
509 2204 642 2238 Horum
657 2204 758 2244 alter,
781 2204 926 2239 Ioannes
943 2204 1121 2245 videlicet,
1145 2203 1247 2249 paulo
1264 2208 1344 2247 post
1360 2202 1406 2236 ad
1423 2200 1552 2235 castel·

73 2252 144 2287 lum
161 2251 388 2297 Epibatarum
409 2251 584 2297 profectus
607 2249 722 2286 Alexii
735 2250 908 2295 Apocauci
928 2250 1034 2284 filiam
1052 2261 1190 2284 uxorem
1214 2249 1330 2291 ducit,
1353 2247 1549 2282 Andronico

73 2297 284 2343 Palaeologo
308 2299 455 2333 antehac
478 2304 635 2343 nuptam,
659 2308 758 2343 quem
779 2297 815 2331 in
834 2309 875 2332 eo
893 2296 1023 2339 fluvio,
1047 2297 1108 2341 qui
1123 2295 1399 2342 Didymotichum
1417 2297 1453 2328 et
1474 2293 1550 2327 Ha-

73 2344 291 2391 drianopolin
317 2344 556 2390 praeterfluit,
589 2343 791 2378 suffocatum
814 2355 891 2378 esse
913 2354 1021 2389 supra
1045 2343 1206 2377 diximus.
1251 2341 1306 2376 Ibi
1320 2342 1467 2375 Ioannes
1484 2339 1550 2374 ali-

74 2393 278 2437 quantisper
292 2396 518 2425 commoratus
537 2395 601 2425 est.
616 2420 619 2422 .
648 2390 732 2424 Mox
749 2402 825 2424 eum
843 2401 963 2424 socrus
980 2389 1151 2424 volentem
1167 2389 1262 2431 inde,
1283 2400 1360 2423 cum
1377 2398 1468 2420 nova
1483 2396 1550 2419 nu-

73 2444 148 2484 pta‚
163 2438 208 2472 ad
220 2437 407 2483 proximum
415 2436 638 2483 Traianopoli
656 2436 833 2471 castellum
851 2436 1032 2482 magnifice
1046 2440 1255 2481 prosequuta
1271 2440 1346 2474 est3
1371 2433 1414 2467 ad
1431 2442 1549 2466 mona-

74 2483 216 2519 sterium
243 2496 364 2529 nempe
381 2484 563 2518 Adelorum
576 2509 587 2525 ‚
610 2483 672 2518 ubi
689 2487 726 2517 et
745 2483 860 2517 domos
880 2488 917 2517 et
940 2493 1042 2527 agros
1061 2482 1095 2516 ei
1113 2481 1313 2526 iampridem
1332 2481 1549 2514 Cantacuzc-

73 2542 138 2565 nus
153 2531 340 2576 imperator
355 2531 606 2575 assignaverat.
653 2530 849 2564 Verebatur
857 2529 988 2575 quippe
1002 2528 1074 2570 illa,
1097 2540 1141 2563 ne
1158 2528 1386 2575 Epibatarum
1406 2524 1548 2559 castello

73 2576 173 2611 simui
189 2583 226 2611 et
238 2577 393 2622 pecuniis
410 2577 539 2622 potitus
563 2588 672 2621 gener
689 2587 763 2610 eam
780 2575 862 2616 inde
881 2575 1019 2610 exulare
1039 2580 1194 2620 cogeret.
1239 2574 1321 2618 (V.)
1345 2572 1400 2606 Ea
1414 2577 1548 2615 tempe-

73 2628 167 2657 state
186 2623 333 2661 morbus?
344 2623 482 2669 quidam
502 2623 620 2668 gravis
637 2627 674 2657 et
691 2621 855 2667 pestilens
879 2622 1031 2657 hominae
1052 2621 1200 2663 invasit3
1224 2620 1325 2655 ducto
1342 2619 1387 2652 ab
1404 2616 1548 2662 Scythis

73 2675 110 2704 et
128 2669 306 2704 Maeotide
323 2669 560 2716 Tanaidisque
583 2669 682 2704 ostiis
701 2669 814 2710 initio,
836 2668 977 2703 recente
995 2667 1108 2703 adhuc
1125 2679 1221 2709 vere,
1245 2675 1436 2710 annumque
1452 2662 1547 2697 illum

73 2721 279 2762 perpetuum
303 2716 464 2758 duravit,
497 2717 691 2762 pervadens
714 2721 751 2749 et
778 2726 999 2760 corrumpens
1026 2714 1133 2748 solam
1164 2712 1321 2760 praecise
1345 2709 1546 2762 maritimam

72 2770 188 2797 terrae
206 2773 319 2804 oram,
341 2763 444 2796 urbes
461 2762 561 2797 simul
576 2767 614 2797 et
631 2773 748 2807 agros,
771 2766 840 2796 tum
859 2766 1016 2803 nostros,
1037 2766 1110 2795 tum
1128 2773 1189 2795 eos
1205 2770 1333 2798 omues,
1358 2755 1417 2802 qui
1433 2758 1548 2789 cont1-

71 2808 170 2844 nenti
193 2812 308 2843 tracm
327 2809 372 2843 ad
390 2808 510 2843 Gades
531 2819 640 2854 usque
658 2812 696 2841 et
713 2807 876 2842 Herculis
897 2808 1068 2843 columnas
1086 2808 1270 2852 pertinent.
1318 2805 1414 2838 Anno
1430 2806 1545 2836 autem

71 2859 240 2902 aequente
258 2854 362 2891 etiam
383 2854 431 2891 'ad
445 2855 578 2902 Aegaei
597 2854 704 2890 maris
727 2853 857 2890 insulas
876 2853 1027 2890 transiit.
1074 2853 1207 2889 Deinde
1231 2858 1268 2887 et
1283 2849 1438 2886 Rhodios
1461 2847 1545 2883 atti·-
