1794 3172
288 118 391 167 630
684 125 724 170 N
725 124 997 170 ICEPHORI
1025 123 1348 170 GREGORAE

288 230 438 266 laudare
460 239 523 265 seu
549 230 750 276 vituperare
773 230 976 265 decreverit.
1026 230 1119 274 Quid
1142 229 1342 272 ostendere,
1373 228 1458 275 quid
1477 228 1689 275 persuadere
1719 229 1772 264 le-

257 307 262 312 .
287 278 436 313 ctoribus
458 277 588 322 cupiat.
636 278 822 322 Expeditio
846 282 952 322 capta
972 277 1141 311 adversus
1163 277 1320 311 Serrhas.
1361 276 1502 311 Morbus
1525 277 1771 312 Triballorum.

288 325 344 360 Re
365 325 497 368 insecta
518 325 656 358 domum
679 325 814 358 reditur
835 324 908 369 (3).
948 325 1113 358 Amurius
1129 324 1247 357 media
1261 323 1373 357 hieme
1390 323 1650 368 Hellespontum
1667 324 1774 358 traii-

287 372 349 414 cit,
375 372 657 406 Cantacuzenum
679 372 908 416 quaesiturus.
938 371 1219 415 Didymotichum
1241 381 1349 415 usque
1375 370 1612 416 progreditur.
1646 371 1772 404 Irenen

287 418 545 463 imperatricem
566 430 636 452 non
658 419 757 460 adit,
780 429 824 452 ne
847 418 999 452 dolorem
1021 422 1203 462 conspectu
1225 421 1372 462 augeat.
1419 419 1509 451 Aere
1531 421 1567 451 et
1589 417 1773 451 vehemens

288 466 395 500 amici
424 464 632 499 desiderium
660 465 775 499 verbis
805 464 974 499 declarat.
1025 465 1122 498 Mira
1144 464 1182 498 in
1210 464 1347 498 homine
1378 463 1526 498 barbaro
1555 463 1771 498 humanitas.

297 512 376 547 Utri
402 511 520 556 prima
549 512 628 546 laus
656 511 862 554 tribuenda,
904 511 1144 546 Cantacuzeno
1174 522 1223 545 an
1252 510 1407 545 Amun‘o.
1463 510 1556 554 Quid
1579 511 1773 545 amicitiam

289 559 456 594 conciliet.
503 558 592 592 Eius
610 569 687 592 cum
708 558 834 592 musico
858 563 1023 592 concentu
1042 558 1265 602 comparatio.
1312 557 1486 599 Amurius‚
1510 557 1554 591 de
1572 558 1682 592 amico
1702 558 1772 592 sol-

291 606 423 647 licitus,
448 604 566 639 oblata
588 605 633 638 ab
651 605 750 639 Irene
771 605 905 639 cibaria
929 617 970 640 ac
992 606 1201 639 vestimenta
1222 605 1397 649 repudiat.
1442 604 1604 638 Eandem
1623 605 1661 639 in
1678 615 1774 638 sum-

291 663 370 687 mas
395 652 581 696 angustias
610 652 801 686 adductam
832 653 976 686 solatur.
1023 652 1149 685 Hieme
1181 652 1367 686 exercitum
1393 651 1602 695 infestante,
1635 652 1775 686 domum

290 700 395 734 redit.
442 697 618 732 Manuelis
643 699 900 733 Tarchaniotae
930 699 1094 744 elogium.
1145 700 1192 733 Ut
1217 698 1458 732 Cantacuzeno
1481 699 1637 744 quaesito
1661 703 1694 732 et
1717 698 1774 731 in-

290 751 396 780 vento
416 745 695 790 Didymotichum
714 757 872 780 reversus
889 746 1016 780 anxiae
1032 746 1247 790 imperatrici
1261 745 1484 791 gratissimus
1502 745 1682 779 advenerit
1702 745 1774 789 (4).

292 794 418 828 Altera
448 792 497 826 ad
528 792 675 826 Serrhas
709 793 945 826 Cantacuzeni
975 793 1144 838 expeditio
1176 793 1290 827 irrita.
1360 792 1638 836 Didymotichum
1668 802 1776 836 usque

291 839 444 875 transire
468 850 546 873 eum
569 851 638 872 non
659 840 741 874 sinit
767 840 1000 874 Triballorum
1022 840 1203 874 timiditas.
1258 839 1316 873 Ad
1343 840 1482 873 Cralem
1511 840 1641 873 invitus
1670 839 1775 873 redit.

297 887 464 922 Comitem
487 897 601 920 secum
625 886 720 921 ducit
743 887 908 920 Ioannem
925 887 1090 928 Asanem,
1113 887 1243 920 iussum
1262 887 1378 921 Chreli
1397 886 1539 920 tradere
1563 897 1678 920 arcem
1696 886 1775 919 Me-

292 932 406 968 lenici.
451 932 586 978 Legati
608 933 880 976 Berrhoeenses‚
918 933 1019 968 Crale
1041 934 1180 978 iniquas
1203 933 1414 967 conditiones
1431 938 1662 978 proponente,
1698 943 1776 967 cum

294 980 535 1016 Cantacuzeno
567 980 657 1013 clam
688 984 812 1026 agunt.
860 980 929 1014 Hic
952 981 1166 1015 Berrhoeam
1198 992 1238 1014 ex
1270 985 1373 1026 pacto
1405 980 1615 1026 ingreditur.
1663 979 1778 1014 Gratis

292 1027 538 1062 inconstantia.
587 1027 711 1061 Melior
734 1038 775 1061 ea·
799 1038 837 1061 eo
862 1027 1096 1062 Cantacuzeni
1115 1030 1277 1072 fortuna.
1326 1027 1502 1062 Triballus
1525 1027 1619 1061 dolet
1641 1038 1678 1060 se
1701 1027 1777 1060 elu-

293 1085 381 1110 sum.
429 1073 633 1108 Pactionum
655 1085 785 1108 memor
808 1074 934 1108 bellum
952 1075 1104 1109 indicere
1134 1086 1202 1108 non
1225 1074 1333 1109 audet
1353 1074 1427 1119 (5).
1481 1075 1629 1108 Ioannes
1654 1074 1777 1119 Ange-

293 1123 348 1156 lus
370 1120 582 1154 Berrhoeam
615 1121 663 1155 ad
691 1121 970 1155 Cantacuzenum
991 1123 1107 1164 venit,
1144 1122 1346 1155 Thessaliae
1368 1122 1470 1155 rebus
1496 1122 1679 1166 praeclare
1711 1120 1777 1154 ad-

292 1167 512 1202 ministratis.
558 1167 645 1201 Eius
673 1168 872 1212 provinciae
907 1173 991 1202 ante
1011 1168 1143 1214 Angeli
1173 1169 1360 1202 adventum
1382 1173 1496 1202 status
1516 1167 1779 1212 perturbatissi-

292 1226 379 1249 mus.
431 1214 681 1248 Catalanorum
713 1215 784 1249 illic
815 1215 1068 1249 dominantium
1099 1215 1192 1249 vires
1223 1216 1306 1249 luxu
1337 1215 1553 1249 debilitatae.
1608 1215 1778 1259 Angelus,

293 1262 449 1296 maxima
476 1261 666 1295 Thessalici
684 1262 902 1306 principatus
922 1267 1026 1307 parte
1041 1267 1259 1307 recuperata,
1283 1262 1439 1304 Aetolos,
1464 1261 1590 1296 Locros
1613 1266 1647 1296 et
1667 1262 1778 1295 Acar-

294 1319 408 1343 nanas
431 1308 582 1353 subegit.
629 1310 768 1342 Annam
790 1309 952 1342 rebellem
975 1310 1076 1354 cepit.
1126 1310 1340 1351 Quibusdam
1362 1314 1401 1343 ut
1425 1309 1595 1342 occideret
1626 1308 1777 1342 suaden-

294 1356 407 1397 tibus,
443 1366 521 1388 eam
545 1355 631 1389 dare
657 1355 694 1388 in
717 1356 909 1390 custodiam
931 1357 1057 1390 maluit
1086 1356 1158 1402 (6).
1210 1356 1471 1390 Cantacuzenus
1497 1356 1779 1389 Thessalonicam

295 1402 375 1437 dolo
398 1405 609 1447 aggressus:
639 1402 737 1436 irrito
762 1407 899 1444 conatu,
923 1403 1079 1437 discedit.
1127 1404 1378 1447 Byzantiorum
1397 1408 1432 1437 et
1452 1403 1636 1437 Persarum
1660 1402 1780 1436 classis

294 1459 482 1483 numerosa
507 1449 556 1482 ad
581 1448 918 1483 Thessalonicensem
937 1455 1079 1494 portum
1102 1451 1262 1494 appulsa.
1311 1451 1389 1484 Dux
1412 1450 1531 1483 classis
1555 1450 1779 1494 Apocaucust

300 1496 579 1530 Cantacuzenum
594 1496 778 1530 abeuntem
806 1497 1035 1541 persequitur.
1083 1497 1230 1531 Fluvius
1252 1498 1404 1531 traiectu
1427 1497 1589 1541 difficilis.
1641 1496 1780 1530 Tribal-

296 1543 409 1577 lorum
432 1542 501 1576 duo
523 1543 636 1576 millia
659 1543 696 1576 in
716 1543 852 1577 insidiis
875 1544 1054 1578 collocata.
1114 1544 1309 1588 Imperator
1340 1545 1379 1578 in
1408 1555 1562 1590 magnas
1594 1543 1780 1588 angustias

298 1589 482 1624 adductus.
535 1590 581 1623 Ut
603 1590 756 1624 indicato
787 1590 931 1624 tandem
950 1591 1102 1625 transitu
1125 1592 1242 1624 salvus
1267 1591 1428 1625 evaserit.
1474 1591 1650 1635 Apocauci
1683 1590 1779 1624 timi-

298 1637 394 1671 ditas
416 1636 491 1680 (7).
537 1637 739 1680 Apocaucus
758 1637 889 1671 viribus
911 1637 983 1671 suis
1004 1637 1128 1672 merito
1152 1638 1287 1681 diffisus
1311 1638 1481 1672 auxilium
1502 1638 1593 1683 petit
1615 1649 1639 1671 a
1666 1637 1781 1672 Grale.

294 1683 413 1718 Munit
427 1683 535 1727 fluvii
550 1683 659 1725 ostia,
683 1695 726 1717 ne
744 1684 825 1718 illac
846 1685 955 1729 possit
979 1684 1113 1730 legatio
1135 1685 1184 1718 ad
1209 1684 1393 1719 Amurium
1415 1685 1520 1720 mitti.
1566 1685 1621 1720 Ex
1647 1684 1780 1718 Canta-

277 1741 415 1765 ·cuzeno
434 1730 649 1773 sciscitatur,
674 1731 758 1775 quid
777 1730 820 1765 de
842 1742 880 1765 se
901 1731 976 1776 ipse
998 1736 1146 1766 statuat.
1198 1731 1460 1766 Cantacuzenus
1483 1743 1561 1766 eum
1583 1731 1698 1766 verbis
1719 1742 1781 1764 ca-

290 1778 417 1822 stigat.
466 1777 647 1810 Fabellam
678 1782 805 1812 narrat
837 1778 880 1812 de
913 1778 972 1812 avi
997 1783 1031 1812 et
1054 1789 1199 1823 aucupe.
1248 1780 1412 1823 Sumptus
1435 1780 1611 1820 aestimat,
1635 1789 1781 1824 quorum

289 1823 535 1869 magnitudine
558 1824 718 1857 obrutum
740 1825 883 1858 tandem
906 1825 1150 1859 adversarium
1172 1827 1390 1860 succumbere
1417 1837 1554 1860 necesse
1577 1827 1635 1860 sit.
1686 1825 1780 1859 Gra-

288 1871 427 1906 tutatur
448 1870 515 1903 sibi
540 1871 744 1904 Thessalica
766 1872 899 1905 auxilia
921 1871 960 1905 in
983 1876 1209 1915 opportunum
1232 1878 1366 1917 tempus
1382 1878 1576 1907 reservata.
1613 1872 1781 1906 Funestos

291 1917 404 1952 exitus
422 1916 597 1961 praedicit
615 1918 809 1962 Apocauco,
833 1918 904 1952 sive
925 1918 1082 1960 abituro,
1107 1919 1179 1952 sive
1208 1919 1474 1954 Thessalonicae
1497 1931 1674 1955 mansuro.
1708 1919 1781 1953 Mi-

290 1968 397 1998 natur
418 1974 455 1997 se
480 1963 622 1997 Persica
646 1965 780 1998 auxilia
805 1965 877 1998 eius
901 1966 1053 2009 exemplo
1078 1965 1280 2000 acciturum.
1333 1966 1435 2000 Mala
1459 1971 1659 2008 enumerat,
1697 1977 1782 2011 quo-

289 2021 369 2045 rum
393 2021 535 2044 causam
551 2011 665 2053 fuisse
688 2011 741 2045 ait
763 2011 858 2044 illius
881 2012 1115 2046 ambitionem.
1162 2013 1326 2046 Animum
1343 2014 1468 2048 durum
1486 2019 1519 2048 et
1539 2014 1706 2047 immitem
1724 2024 1783 2046 ex-

288 2057 447 2102 probrat.
496 2057 671 2091 Admonet
701 2058 843 2091 divinae
867 2058 1046 2101 iustitiae,
1080 2070 1170 2104 quae
1196 2071 1234 2094 se
1256 2060 1452 2104 manifestis
1481 2061 1619 2095 indiciis
1639 2060 1781 2105 prodat.

291 2104 434 2149 Fugam
457 2103 604 2149 denique
626 2104 723 2138 iubet
744 2109 937 2139 maturare.
983 2105 1112 2150 Cymba
1134 2106 1172 2140 in
1189 2118 1287 2141 mare
1308 2108 1398 2141 clam
1416 2108 1622 2152 deportata,
1645 2108 1784 2153 legatos

293 2150 344 2185 ad
363 2151 544 2185 Amurium
567 2151 676 2186 mittit
691 2148 764 2196 (8).
814 2152 990 2196 Apocauci
1011 2164 1210 2198 responsum
1222 2165 1237 2195 ,⁵
1260 2154 1357 2188 cuius
1380 2155 1473 2189 duae
1488 2159 1632 2200 partes.-
1654 2154 1783 2199 prima,

293 2198 339 2232 de
373 2197 549 2231 mendacii
580 2198 745 2239 crimine3
788 2199 925 2241 altera,
970 2199 1014 2234 de
1056 2201 1230 2235 arcessitis
1265 2201 1434 2236 barbaris.
1491 2202 1581 2236 Eius
1611 2201 1680 2235 viri
1709 2211 1783 2235 mos

290 2255 486 2290 perversus.
536 2245 583 2279 Ut
604 2249 743 2279 tentata
772 2255 838 2289 per
868 2246 1054 2281 exercitum
1076 2248 1160 2281 urbe
1183 2247 1382 2290 Berrhoea,
1416 2249 1491 2293 ipse
1516 2249 1785 2283 Thessalonicae

293 2291 485 2325 manserit:
520 2302 694 2337 arrogans
716 2291 810 2326 idem
833 2297 867 2326 et
889 2293 1041 2327 timidus.
1098 2295 1336 2340 Sagittarium
1357 2296 1566 2339 summittit,
1602 2296 1663 2341 qui
1690 2295 1784 2330 Can—

294 2343 501 2373 tacuzenum
523 2343 628 2372 noctu
650 2338 797 2373 occidat.
844 2340 1062 2385 Sagittarius
1084 2346 1139 2375 ter
1155 2344 1298 2386 frustra
1321 2353 1395 2376 rem
1419 2353 1610 2388 aggressus
1643 2343 1783 2376 veniam

289 2386 383 2431 petit
406 2397 449 2418 ac
473 2385 671 2420 dimittitur.
719 2387 922 2429 Apocaucus
938 2387 1096 2432 pericula
1119 2389 1356 2433 impendentia
1379 2390 1482 2424 celeri
1500 2391 1598 2434 fuga
1618 2400 1784 2433 praever-

293 2433 401 2474 titur,
425 2431 543 2466 insciis
562 2431 931 2467 Thessalonicensibus.
979 2433 1108 2468 Persae
1131 2435 1227 2480 apud
1250 2447 1307 2470 eos
1329 2436 1441 2470 relicti
1457 2436 1564 2480 foede
1590 2441 1624 2469 et
1645 2436 1784 2481 impune

293 2483 505 2524 grassantur
527 2478 603 2524 (9).
651 2478 779 2513 Classis
803 2478 956 2522 Persica,
985 2481 1072 2515 duce
1091 2481 1247 2524 Amurio,
1269 2483 1387 2516 multis
1409 2483 1557 2516 navibus
1579 2487 1785 2527 tempestate

295 2526 451 2567 amissis,
488 2526 537 2559 ad
559 2525 740 2559 Euboeam
769 2526 939 2569 primum,
976 2527 1102 2563 deinde
1129 2540 1238 2574 prope
1272 2529 1554 2563 Thessalonicam
1584 2530 1783 2574 appellitur.

297 2572 426 2607 Persae
447 2572 661 2616 praedatum
684 2572 721 2606 in
740 2573 970 2607 Triballorum
984 2575 1077 2618 fines
1101 2581 1237 2610 exeunt.
1289 2576 1562 2618 Cantacuzenus‚
1585 2576 1785 2610 Berrhoeae

295 2619 390 2653 urbis
411 2629 497 2652 cura
525 2620 704 2653 com-missa
732 2619 889 2653 Manueli
901 2620 993 2664 filio,
1017 2620 1143 2656 indolis
1167 2622 1314 2656 eximiae
1338 2622 1569 2665 adolescenti,
1593 2625 1726 2667 confert
1748 2633 1785 2656 sc

296 2665 346 2699 ad
370 2666 574 2700 Amurium.'
614 2666 970 2700 Thessalonicensium
1000 2679 1056 2702 res
1085 2669 1190 2703 valde
1223 2674 1410 2714 angustae.
1457 2669 1615 2703 Divitum
1638 2674 1674 2704 et
1693 2680 1785 2714 pau-

291 2722 416 2757 perum
439 2712 558 2746 studia
580 2713 769 2747 contraria.
819 2713 942 2747 Tertia
959 2715 1082 2758 factio,
1105 2716 1243 2749 duabus
1262 2716 1331 2750 illis
1348 2716 1458 2760 peior.
1492 2717 1627 2751 Divites
1649 2717 1686 2750 in
1701 2726 1784 2761 pro-

296 2759 438 2793 ditionis
460 2759 588 2793 crimen
610 2764 787 2793 vocantur.
835 2759 1010 2805 Pauperes
1032 2762 1226 2802 ambitiosi,
1247 2763 1308 2807 qui
1331 2767 1365 2797 et
1387 2763 1543 2806 zelotae,
1570 2764 1608 2797 in
1629 2763 1707 2797 illos
1729 2763 1785 2796 in-

296 2811 457 2850 surgunt.
507 2805 647 2840 Plebem
669 2806 824 2850 infimam
846 2806 913 2841 sibi
935 2808 1147 2854 adiungunt.
1202 2809 1261 2850 Vi,
1283 2810 1420 2853 rapinis
1440 2814 1475 2844 et
1493 2810 1658 2845 caedibus
1680 2819 1786 2855 gras-

296 2856 431 2887 santur.
476 2852 634 2888 Divitum
665 2853 861 2889 miserrima
890 2855 1052 2889 conditio.
1101 2856 1303 2890 Eorundem
1325 2867 1403 2900 spes
1424 2856 1566 2893 irritae.
1615 2856 1785 2890 Amurius
