1794 3172
266 126 368 174 788
559 163 562 167 .
678 131 718 174 -N
721 128 999 173 1CEPHOR1
1027 126 1354 173 GREGORAE

45 252 84 285 A.
103 250 148 285 Μ.
167 241 508 299 6855βασιλικοῦς
529 239 609 285 ἴδει
633 243 809 294 τεθῆναι
839 235 1045 296 θρόνους,
1076 238 1199 294 ἐχρῆν
1219 234 1475 296 ἑκατέρωθεν
1502 237 1578 295 τὴν
1594 236 1755 296 προσή-

92 299 163 332 lud
175 298 220 334 ¹5
266 327 422 356 κουσαν
457 311 558 367 ἔχειν
590 309 842 368 εὐρυχωρίαν
861 310 930 351 καὶ
960 307 1060 358 τούς
1085 311 1161 350 τοῦ
1194 311 1499 363 θεραπευτικοῦ
1524 306 1753 366 τάγματος,

269 380 393 426 ὁπότε
424 379 625 437 δεήσειεν·
664 376 719 429 ὥς
749 376 850 422 εἶναι
878 376 1015 434 βραχὺ
1048 375 1192 420 λοιπὸν
1227 376 1276 420 τὸ
1305 375 1541 433 λειπόμενον
1571 383 1646 421 τοῦ
1675 378 1753 422 νεα)

270 452 377 509 πρὸς
410 448 621 506 ὖποδοχὴν
655 446 868 505 διαφόρων
892 447 1039 502 ὄχλων.
1088 444 1202 501 ὅμως
1229 446 1461 504 ἐφαμίλλου
1495 451 1555 506 τῷ
1573 449 1753 506 μεγίστῳ

267 522 372 580 θείῳ
402 520 536 578 ἐκείνῳ
563 518 717 574 τεμένει
750 521 833 560 τῶν
861 514 1028 560 πάντων
1059 515 1180 567 ὄντος
1211 516 1400 570 οὐδενὸς,
1445 514 1466 561 ὅ
1500 515 1689 575 δεύτερος
1710 518 1785 569 ἔξ5

225 588 450 646 Βάνάγκης
480 588 592 639 ἔδοξε
626 591 756 638 πλοῦς
787 589 844 637 εἷς
875 586 951 642 τὴν
975 587 1120 644 χρείαν
1153 583 1294 637 αὗτός.
1348 585 1438 646 (Γ.)
1475 588 1562 630 Καὶ
1582 582 1691 643 ἦσαν
1717 587 1757 630 οἳ

269 659 369 710 τοὺς
388 657 630 713 βασιλικοὺς
656 660 880 714 τηνικαῦτα
912 654 1097 714 θρόνους
1133 659 1388 714 πληροῦντες
1426 657 1603 708 ἐκείνους
1643 659 1758 700 δυοῖν

269 746 314 772 τε
342 728 547 783 βασιλέων
582 725 812 782 ὁμωνύμων
843 723 1112 785 ὁμοφροσύνη
1150 727 1219 769 καὶ
1261 724 1350 781 ἅμα
1382 728 1594 783 βασιλίδες
1635 733 1755 783 τρεῖς,

260 797 390 842 ’Άννα
420 815 464 841 τε
495 798 563 840 καὶ
583 795 741 855 Εἰρήνη
771 794 796 852 ἡ
829 795 1157 852 Καντακουζηνὴ
1183 795 1289 851 μετὰ
1310 799 1386 852 τῆς
1407 796 1621 855 θυγατρὸς
1644 794 1758 839 Ἑλέ-

270 885 360 925 νης.
396 865 556 911 τούτων
586 867 629 910 δ’
657 866 765 910 οὕτω
784 866 1100 922 τετελεσμένων,
1137 867 1228 922 περὶ
1250 864 1423 922 δεκάτην
1446 865 1559 924 ὥραν
1581 883 1660 909 που
1682 870 1759 922 τῆς
1770 875 1794 911 1ι

272 935 442 994 πρώτης
460 939 527 980 καὶ
550 938 735 992 εἰκοστῆς
762 940 837 979 τοῦ
871 938 998 991 μαιόυ
1031 936 1170 979 ἵππων
1199 935 1328 987 εὐθὺς
1347 934 1584 990 ἐπιβάντες,
1621 933 1677 986 ὥς
1701 933 1759 979 εἶ-

269 1025 373 1064 χον,
407 1007 512 1063 μετὰ
531 1011 615 1050 τῶν
644 1009 868 1062 βασιλικῶν
898 1003 1139 1061 ἐνδυμάτων
1172 1006 1332 1049 ἐκείνων
1368 1000 1470 1062 ἧκον
1493 1007 1534 1055 ἐς
1555 1005 1602 1050 τὸ
1621 1004 1759 1050 παλά-

139 1080 263 1121 v.401
274 1095 374 1122 τιον.
412 1076 528 1120 κάκεῖ
550 1076 623 1132 τὴν
655 1074 821 1132 συνήθη
848 1073 1112 1132 πεποιηκότες
1140 1073 1364 1133 ἐμφάνειαν
1386 1075 1463 1133 ἀφ’
1486 1073 1654 1132 ῦψηλοῦ
1682 1079 1758 1119 τοῦ

272 1145 466 1203 βήματσς
495 1144 580 1189 εἶτα
615 1144 845 1204 κατῄεσαν,
889 1147 958 1189 καὶ
979 1143 1184 1203 τράπεζαν
1215 1147 1517 1202 παρετίθεσαν,
1553 1146 1617 1188 ἐπὶ
1642 1145 1759 1188 πέντε

147 1221 188 1258 Ρ.
197 1214 443 1275 496θρόνων
466 1210 592 1266 αὖθις
613 1218 874 1266 καθίσαντες.
918 1214 1014 1275 (A.)
1054 1212 1252 1273 Τοσαύτῃ
1273 1215 1319 1258 δὲ
1346 1216 1464 1276 πενίᾳ
1479 1216 1683 1271 κατείχετο
1705 1214 1758 1258 τὰ
1772 1226 1794 1261 1,

273 1287 464 1343 βασίλεια
483 1290 723 1342 τηνικαῦτα,
756 1283 860 1329 ὥστ’
886 1285 1007 1329 οὐδὲν
1027 1280 1078 1341 ῆν
1097 1289 1181 1329 τῶν
1199 1286 1406 1342 τρυβλίων
1424 1286 1492 1328 καὶ
1510 1283 1762 1340 ἐκπωμάτων

275 1358 361 1400 ἐκεῖ
369 1359 553 1414 χρυσοῦν
574 1354 599 1412 ἢ
620 1356 825 1414 ἀργυροῦν
838 1369 849 1380 ·
887 1354 984 1398 ἀλλ’
1007 1354 1093 1398 ἔνια
1111 1356 1186 1410 μὲν
1207 1355 1477 1413 καττιτίρινα,
1508 1354 1562 1397 τὰ
1579 1354 1625 1397 δ’
1653 1354 1762 1398 ἄλλα

274 1416 411 1470 πάντα
433 1430 613 1483 κεραμεᾶ
645 1428 713 1468 καὶ
743 1422 980 1484 ὀστράκινα.
1019 1426 1063 1476 ἐξ
1098 1419 1155 1468 ὧν
1182 1424 1311 1476 ἔξεστι
1346 1425 1524 1468 συνιέναι
1548 1431 1636 1475 τοῖς
1670 1423 1761 1468 ὅσοι

276 1496 336 1552 μὴ
361 1495 501 1545 ἀδαεῒς
519 1499 604 1538 τῶν
624 1494 823 1539 τοιούτων
850 1497 918 1539 καὶ
938 1496 1028 1552 περὶ
1048 1499 1134 1539 τῶν
1153 1494 1289 1545 ἄλλως
1310 1494 1600 1553 ὀφειλομένων,
1627 1492 1762 1537 ὁπόσα

276 1565 335 1621 μὴ
357 1564 463 1609 κατὰ
484 1563 531 1608 τὸ
557 1565 663 1616 εἲκός
681 1570 890 1610 τελεῖσθαι
911 1565 1118 1621 ξυνέβαινε
1130 1598 1144 1618 ,
1181 1569 1241 1623 τῷ
1261 1568 1337 1620 τῆς
1356 1565 1510 1614 ἐνδείας
1529 1565 1654 1623 βιαίῳ
1675 1568 1759 1620 τῶν
1773 1576 1794 1611 2

275 1633 370 1679 τότε
390 1636 727 1692 τυραννουμένων
743 1633 999 1693 πραγμάτων
1016 1636 1083 1677 καὶ
1112 1631 1242 1691 λόγων
1266 1635 1333 1677 καὶ
1356 1631 1668 1691 ἐγχειρημάτων.
1707 1634 1761 1677 ἐῶ

237 1704 356 1763 Βγὰρ
374 1704 522 1761 λέγειν,
561 1703 623 1748 ὅτι
648 1708 716 1748 καὶ
737 1706 789 1749 τὰ
808 1705 1003 1761 βασιλικὰ
1025 1709 1100 1760 τῆς
1117 1703 1263 1761 ἑορτῆς
1285 1705 1436 1760 ἐκείνης
1461 1701 1700 1759 διαδήματά
1717 1720 1761 1746 τε

278 1776 347 1818 καὶ
367 1771 670 1832 περιβλήματα,
697 1773 753 1826 ὥς
770 1777 835 1818 ἐπὶ
855 1775 903 1818 τὸ
926 1778 1128 1827 πλεῖστον,
1151 1778 1311 1831 χρυσοῦ
1334 1774 1410 1829 μὲν
1430 1771 1538 1828 εἶχον
1558 1773 1633 1829 τὴν
1653 1790 1762 1830 φαν-

278 1844 428 1888 τασίαν
464 1844 532 1886 καὶ
570 1845 703 1888 λίθων
745 1847 878 1901 δῆθεν
910 1841 1223 1900 πολυτιμήτων·
1269 1843 1325 1899 τὰ
1357 1842 1402 1886 δ’
1431 1837 1484 1899 ’ἦν
1519 1844 1650 1886 ἐκεῖνα
1685 1842 1762 1898 μὲν

280 2004 356 2045 ret,
379 2013 521 2037 necesse
540 2001 644 2038 etiam
664 2005 740 2038 erat
758 2000 921 2047 utrinque
939 2000 1087 2047 spatium
1110 2000 1196 2035 satis
1222 2000 1370 2055 amplum
1393 1999 1547 2035 diaconis
1571 2004 1692 2046 patere
1717 2000 1765 2037 ad

282 2049 481 2091 sedendum,
497 2049 557 2083 ubi
573 2060 658 2095 opus
676 2049 831 2083 futurum
850 2052 962 2089 esset3
986 2048 1038 2082 ita
1053 2051 1093 2081 ut
1109 2047 1229 2093 templi
1247 2047 1380 2093 reliqua
1400 2059 1480 2094 pars
1499 2048 1677 2092 angustior
1694 2047 1764 2082 iam

281 2096 394 2137 foret,
419 2107 520 2140 quam
544 2101 584 2130 ut
601 2102 719 2141 posset
737 2106 863 2141 capere
881 2095 1014 2129 variam
1034 2094 1203 2128 hominum
1228 2094 1487 2129 multitudinem.
1535 2095 1669 2129 Tamen
1688 2105 1763 2128 cum

282 2153 327 2178 ex
350 2143 504 2176 omnibus
525 2142 663 2187 templis
682 2142 807 2175 nullum
827 2144 938 2183 esset,
965 2141 1056 2186 quod
1078 2140 1223 2176 maximo
1242 2141 1292 2175 illi
1313 2145 1429 2186 posset
1446 2141 1687 2186 aequiparari,
1711 2140 1763 2174 al·-

282 2193 360 2223 tero
379 2189 444 2222 hoc
462 2188 560 2222 velut
576 2188 780 2222 subsidiario
799 2187 851 2221 uti
868 2199 1009 2222 necesse
1028 2187 1140 2222 visum
1156 2191 1221 2222 est.
1270 2188 1372 2233 (111.)
1390 2188 1502 2222 Erant
1518 2193 1630 2222 autem
1648 2187 1686 2229 ii,
1704 2187 1764 2233 qui

284 2234 409 2270 sedilia
435 2234 494 2268 illa
518 2234 737 2279 imperatoria
762 2240 847 2269 tunc
873 2235 1056 2275 tenebant,
1083 2234 1300 2279 cognomines
1319 2241 1355 2269 et
1379 2234 1464 2269 socii
1488 2234 1554 2268 duo
1577 2234 1765 2279 imperato-

282 2291 360 2324 res;
383 2282 465 2315 item
485 2284 558 2315 tres
575 2280 833 2326 imperatrices,
857 2281 954 2315 Anna
975 2285 1011 2315 et
1029 2281 1128 2316 Irene
1148 2282 1391 2316 Cantacuzena
1413 2292 1491 2316 cum
1517 2280 1591 2315 filia
1618 2280 1764 2315 Helena.

283 2329 387 2370 Quae
412 2338 487 2362 cum
516 2327 569 2361 ita
595 2332 731 2369 essent,
754 2327 861 2382 primo
882 2331 918 2361 et
939 2327 1104 2372 vigesimo
1124 2328 1210 2362 Maii
1227 2328 1305 2370 die,
1330 2329 1424 2362 circa
1444 2327 1606 2361 decimam
1635 2328 1766 2369 horam,

282 2374 479 2411 conscensis
497 2373 614 2408 statim
631 2373 760 2419 equis,
775 2373 826 2407 ita
843 2378 880 2408 ut
895 2379 1015 2416 erant,
1039 2386 1115 2409 cum
1133 2374 1364 2420 imperatoriis
1387 2373 1456 2408 illis
1473 2374 1682 2419 insignibus,
1702 2385 1766 2407 ve-

283 2433 366 2457 nere
393 2421 439 2456 ad
465 2420 641 2466 palatium.
690 2420 847 2465 Cumque
874 2419 924 2454 ibi
950 2420 994 2455 de
1022 2432 1116 2456 more
1142 2421 1348 2466 spectandos
1369 2432 1407 2455 se
1425 2431 1468 2454 ex
1494 2420 1564 2455 alto
1595 2424 1764 2466 suggestu

283 2467 537 2509 exhibuissent,
560 2478 639 2502 mox
655 2465 929 2509 descenderunt,
953 2478 994 2502 ac
1009 2478 1126 2502 mensa
1143 2468 1322 2513 apposita,
1345 2478 1464 2502 rursus
1485 2467 1520 2502 in
1537 2467 1687 2512 quinque
1708 2477 1767 2500 se-

283 2514 410 2550 dilibus
430 2513 628 2549 consedere.
675 2513 776 2559 (IV.)
800 2514 919 2548 Tanta
944 2524 1046 2559 porro
1066 2519 1148 2548 tunc
1172 2514 1353 2549 laborabat
1377 2513 1495 2559 inopia
1517 2514 1703 2560 palatium,
1728 2516 1769 2546 ut

282 2562 322 2596 in
338 2560 493 2596 lancibus
509 2564 546 2595 et
566 2560 696 2606 poculis
713 2560 800 2594 nihil
819 2560 870 2594 ibi
888 2564 981 2594 esset
1000 2560 1095 2595 aurei
1112 2565 1170 2595 aut
1188 2560 1364 2606 argentei3
1388 2561 1449 2595 sed
1469 2565 1611 2595 stannea
1630 2559 1769 2613 quidem

284 2607 468 2650 nonnulla,
492 2612 635 2643 caetera.
653 2618 737 2642 vero
761 2606 874 2641 omnia
895 2605 1016 2641 fictilia
1042 2612 1078 2642 et
1098 2611 1258 2642 testacea
1282 2611 1409 2643 essent.
1455 2607 1512 2642 Ex
1531 2606 1585 2642 his
1610 2605 1767 2652 quilibet,

286 2666 403 2690 earum
425 2665 539 2689 rerum
559 2665 628 2688 non
648 2653 765 2696 rudis,
790 2658 928 2688 caetera
936 2664 1092 2707 quoque
1117 2653 1257 2688 aliunde
1277 2653 1463 2708 requisita,
1486 2666 1551 2688 nec
1573 2653 1630 2688 ita-
1642 2657 1682 2686 ut
1705 2663 1768 2697 par

287 2705 366 2736 erat
385 2702 544 2746 perfecta
565 2700 774 2746 (tyrannica
790 2699 872 2754 quip
898 2711 918 2734 e
928 2699 1075 2754 inopiae
1093 2699 1129 2734 vi
1146 2700 1182 2734 in
1201 2700 1325 2741 factis,
1349 2699 1384 2734 in
1404 2700 1526 2742 dictis,
1549 2699 1586 2734 in
1606 2698 1769 2740 consiliis,

287 2751 360 2782 tum
377 2747 542 2794 temporis
565 2747 783 2793 dominante)
806 2746 875 2781 faci
863 2758 909 2780 1e
927 2744 1163 2781 intellecturus
1181 2750 1247 2781 est.
1293 2746 1384 2781 Nam
1402 2747 1464 2781 illa
1490 2747 1642 2800 quidem
1651 2745 1768 2780 dicere

287 2793 430 2836 omitto,
452 2798 492 2828 ut
512 2797 549 2830 et
570 2795 649 2840 ipsa
667 2795 705 2830 in
727 2747 783 2829 ea)
796 2791 1004 2828 solennitate
1027 2792 1223 2828 diademata
1248 2796 1284 2827 et
1304 2793 1530 2835 vestimenta,
1553 2792 1700 2828 maxima
1724 2802 1767 2826 ex

290 2845 410 2888 parte,
425 2840 508 2876 auri
528 2841 664 2889 quidem
683 2840 834 2889 speciem
854 2839 1023 2876 haberent
1039 2844 1077 2876 et
1096 2851 1300 2886 gemmarum
1319 2839 1659 2887 pretiosissimarum3
1685 2849 1767 2874 con-
