1754 3164
167 154 297 202 1228
723 156 1204 220 ANNOTATIQNES.

164 265 309 305 stantia
331 278 416 305 esse
438 263 684 313 mirandam,
716 275 808 302 cum
828 276 965 303 rerum
989 263 1223 304 coelestium
1247 264 1470 304 constantia
1491 265 1698 306 fastidium

163 325 306 377 pariat·-
363 335 560 362 WoLFIth.

281 383 373 432 Pag.
404 381 506 429 331,
541 382 607 420 10
671 372 734 417 Ου’
759 393 841 431 μην
868 377 905 418 εἰ
928 371 1001 418 καὶ
1032 373 1183 434 γλώττῃ
1213 377 1355 442 ἐχρῆτο
1388 374 1608 436 ευροοῦσῃ,
1640 380 1698 419 δε-

166 434 367 490 δήλωκεν]
407 435 617 486 Intelligo,
658 435 879 473 Lucianum
909 437 1084 474 rotunde
1124 435 1243 474 dictis
1279 436 1320 474 in
1359 437 1534 475 medium
1564 421 1699 474 'allatis

166 495 385 534 ostendisse
401 492 650 532 Demonactis
672 505 860 531 acumen:
890 492 960 531 sed
979 506 1026 529 an
1049 493 1182 544 aliqua
1204 493 1327 532 Ῑυωίῐ
1351 495 1435 532 eius
1462 493 1698 544 eloquentia,

166 552 407 602 dicendique
431 551 568 603 copia,
616 563 637 588 e
666 549 766 588 scite
799 550 916 587 dictis
949 563 1030 587 non
1062 550 1239 602 perspici
1267 557 1412 602 potest.
1473 552 1513 589 Si
1542 551 1628 602 quis
1654 547 1700 591 τό

164 610 304 662 ἐχρῆτο
335 608 488 647 mavult
508 608 558 646 ad
583 607 801 645 Lucianum
825 621 943 658 qnam
967 607 1016 644 ad
1035 608 1315 646 Demonactem
1346 609 1510 656 referre,
1540 608 1699 646 videbi-

164 675 231 705 tur
260 666 376 704 etiam
410 665 601 717 sapientia
634 665 867 702 Demonacti
895 663 1031 705 adimi.
1091 665 1163 704 Est
1194 664 1274 702 hoc
1303 665 1629 704 declamatorium
1660 671 1700 703 et

165 722 426 774 sophisticum
449 721 608 761 dicendi
633 735 756 772 genus
788 735 881 760 sane
913 721 1131 774 spinosum,
1157 728 1196 759 et
1218 722 1268 760 ob
1293 723 1495 761 affectatas
1523 723 1698 774 argutias

164 781 471 820 subobscurum.
510 792 706 818 woers.
761 778 866 816 Hinc
886 787 1052 833 apparet
1075 779 1266 817 Wolfium
1285 781 1454 831 legisse,
1485 797 1533 821 ου
1559 777 1641 833 μήν
1665 779 1700 819 εἰ

163 838 231 879 καὶ
256 833 423 893 γλώττῃ,
451 851 535 876 non
555 843 701 885 autem,
733 832 783 876 ου’
807 834 888 888 μήν
906 835 975 876 καὶ
995 832 1164 903 γλώττῃ.
1222 851 1380 876 1101ν1Ν.

281 891 729 961 Pag.334‚2.T11‘v
768 889 967 946 ἀλήθειαν
1008 895 1065 942 εἰς
1109 889 1272 946 μυθους
1309 893 1505 946 ἐξαίρειν,
1555 889 1697 935 ὅντινα

163 948 316 1006 τρόπον
334 965 503 1005 ποιησαι
523 950 665 1004 μείζω]
697 946 851 1002 ὅντινα,
882 965 958 1004 Plo
981 950 1052 991 καὶ
1081 951 1241 992 τουτονὶ
1269 948 1436 1006 τρόπον,
1467 967 1585 1006 eoque
1614 966 1699 991 mo-

164 1010 217 1049 ἄο
242 1009 409 1061 accipio.
467 1023 509 1048 w
514 1022 670 1047 oers.

281 1070 375 1119 Pag.
409 1068 613 1116 337,11.
671 1064 988 1120 Καικυβερνας,
1018 1062 1120 1105 κατὰ
1145 1065 1375 1118 Πίνδαρον,
1404 1081 1479 1106 ταν
1507 1068 1695 1119 πολυστρ.

164 1119 290 1180 γνώμ.
323 1119 523 1175 ἑκάστων]
562 1125 618 1162 Ea
651 1123 814 1161 Pindmi
843 1123 969 1161 verba
999 1123 1056 1160 G]
1060 1136 1197 1171 errores
1230 1137 1251 1160 a
1279 1124 1444 1163 Platone
1472 1129 1694 1175 acceperat,

165 1182 272 1235 apud
295 1195 411 1231 quem
436 1187 594 1219 exstant
611 1180 680 1219 lib.
703 1180 735 1218 Ι.
762 1181 818 1218 De
842 1180 1225 1232 Republ.n01le.

284 1241 381 1291 Pag.
409 1240 514 1285 338,
549 1241 588 1279 3.
646 1232 881 1290 ’Λκυμάντῳ
918 1236 1101 1290 μένοντι]
1152 1236 1278 1275 Addit
1310 1236 1500 1285 Wolfius,
1561 1236 1699 1290 Atque

166 1296 338 1335 omnium
367 1292 630 1348 periculorum
661 1292 953 1347 tempestatibus
982 1292 1152 1342 sedatis,
1183 1295 1224 1332 in
1254 1292 1511 1347 tranquillum
1538 1303 1695 1346 portum

164 1368 237 1392 nos
256 1351 507 1405 perduxisti,
540 1365 640 1402 quae
663 1352 729 1389 ille
752 1365 834 1389 non
853 1351 901 1389 de
919 1365 993 1389 suo
1015 1323 1240 1400 addidisse,
1272 1351 1342 1389 sed
1372 1351 1415 1388 in
1440 1352 1581 1390 codice
1605 1364 1696 1389 ma-

163 1410 399 1461 nuscripto,
432 1422 511 1461 quo
533 1422 627 1446 usus
653 1414 731 1457 est,
762 1408 925 1447 videtur
949 1408 1102 1446 Graeca
1120 1408 1331 1460 reperisse.
1388 1422 1542 1447 Boler.

281 1470 376 1519 Pag.
406 1469 512 1516 338,
544 1471 610 1509 23.
657 1464 785 1518 ‘'077589
807 1461 1053 1519 ἅπελεγὸμην
1072 1468 1145 1506 τοῦ
1162 1461 1281 1520 λόγου
1305 1461 1544 1519 ἐρχόμενος]
1580 1463 1698 1516 Quod

162 1525 278 1562 initio
300 1524 492 1562 orationis
514 1520 791 1573 detrectabam,
824 1537 916 1571 non,
946 1530 991 1561 ut·
1010 1524 1134 1561 vertit
1151 1523 1338 1572 wolfius,
1368 1521 1476 1576 quod
1507 1523 1697 1562 orationis

165 1579 343 1619 dicebam
370 1581 495 1621 initio.
528 1576 797 1634 απολέγεσθαι
818 1580 925 1631 apud
950 1581 1166 1631 Gregoram
1190 1587 1248 1618 est
1279 1584 1576 1634 παραιτεῖσθαι.
1618 1581 1694 1618 Ex-

164 1638 340 1690 emplum
360 1636 484 1676 habes
505 1637 573 1677 lib.
594 1638 664 1678 IX.
697 1651 785 1689 cnp
811 1637 854 1676 V.
889 1644 985 1677 sect.
1011 1641 1048 1679 6.
1079 1639 1124 1677 Ε.
1184 1651 1344 1677 noile.

281 1697 513 1748 Pag.339‚
547 1698 582 1736 1.
643 1695 881 1745 Σαφέστατὰ
902 1691 1069 1735 πάντων
1095 1691 1326 1747 α’ποροῦντα
1357 1690 1602 1746 αἰσθόμενος
1627 1689 1696 1734 αὖ·

162 1750 228 1822 ¹1:⁷63
257 1750 452 1805 ἐμαυτόν]
500 1752 567 1790 Sic
597 1759 813 1801 construo,
853 1751 1080 1803 σαφέστατα
1115 1750 1354 1804 αισθὸμενος
1383 1749 1499 1799 αὐτὸς
1524 1749 1697 1803 ἐιιαυτον

163 1808 399 1864 ἀποροῦντα
425 1806 610 1859 πάντων,
642 1825 730 1849 cum
759 1824 820 1847 me
841 1809 1020 1848 omnibus
1052 1807 1335 1862 praedicandis
1357 1807 1477 1862 plane
1507 1810 1694 1861 imparem

164 1883 243 1905 esse
263 1869 454 1905 sentirem.
512 1866 600 1905 Hoc
622 1867 712 1905 loco
732 1866 896 1906 πάντων
921 1864 1087 1919 ἄπορων
1126 1867 1231 1905 idem
1255 1873 1315 1905 est
1342 1880 1389 1904 ac
1419 1866 1510 1919 περὶ
1531 1881 1695 1906 παντων

162 1923 291 1976 λέγειν
320 1920 531 1972 οἷδυνατος,
591 1925 755 1963 Dixerat
783 1924 940 1961 scilicet
973 1923 1164 1962 orationis
1197 1924 1333 1972 initio,
1382 1921 1474 1964 οὕτε
1508 1921 1696 1971 διεξιέναι

161 1983 297 2047 τολμῶ
325 1979 416 2021 οὔτε
447 1976 581 2022 πάνθ’
614 1980 669 2030 αἷς
696 1981 845 2022 ἐπίπαν
875 1976 1008 2022 ὁπόσα
1036 1982 1100 2022 σοί
1131 1980 1236 2022 ἐστιν
1267 1977 1464 2035 ἐγκώμια,
1517 1978 1609 2022 οὔτε
1638 1979 1693 2033 μὴ

159 2054 303 2078 παντα.
359 2052 514 2077 BOIVIN.

280 2098 376 2147 Pag.
405 2094 508 2145 340,
542 2099 606 2138 12.
668 2093 772 2147 Περὶ
796 2092 869 2147 μὲν
895 2094 1090 2147 ἐμαυτοῦ,
1117 2095 1219 2148 etc.]
1259 2095 1306 2134 In
1325 2095 1412 2134 istis
1445 2095 1694 2134 orationibus

164 2152 456 2191 encomiasticis
479 2153 618 2191 Latine
643 2152 847 2191 vertendis
872 2152 1041 2191 Wolfius
1074 2167 1155 2191 non
1190 2153 1289 2192 adeo
1319 2153 1422 2191 fidus
1455 2167 1500 2191 ac
1526 2153 1693 2203 diligens

162 2210 360 2262 interpres
381 2209 469 2250 fuit.
508 2209 705 2248 Nimirum
727 2209 763 2247 ei
783 2224 863 2248 non
885 2210 985 2248 tanti
1006 2224 1088 2249 esse
1112 2211 1219 2250 visae
1240 2217 1354 2259 sunt,
1384 2216 1428 2248 ut
1447 2210 1614 2248 multum
1633 2210 1693 2247 la—

161 2266 273 2305 boris
294 2266 543 2319 impenderet
566 2280 701 2305 earum
721 2266 1055 2319 interpretationi.
1089 2268 1223 2320 Neque
1246 2281 1315 2319 ego
1336 2280 1480 2319 operae
1505 2281 1589 2305 esse
1611 2266 1692 2304 exi-

162 2324 318 2363 stimavi
341 2337 405 2362 eas
424 2324 555 2362 denuo
574 2324 729 2362 Latinas
757 2325 902 2363 facere.
934 2325 1037 2363 Satis
1061 2339 1144 2364 esse
1166 2326 1287 2374 duxi,
1318 2337 1418 2375 quae
1435 2323 1602 2362 Wolfius
1622 2323 1692 2361 mi-

161 2394 237 2420 nus
258 2381 465 2420 commode
482 2381 651 2420 vertisse
672 2380 978 2432 videretu1‚ea
1001 2382 1117 2420 aliter
1139 2396 1254 2421 versa
1278 2381 1480 2423 exhibere.
1515 2394 1663 2422 n01le.

279 2441 511 2493 Pag.342‚
545 2438 609 2480 15
665 2433 778 2478 Ἀλλοὶ
806 2414 967 2480 πολλων
987 2454 1068 2479 των
1087 2439 1130 2479 ἐκ
1147 2442 1221 2491 τῆς
1240 2439 1458 2492 παροιμίας
1476 2437 1576 2491 ἡμῖν
1596 2434 1693 2478 ‹idv-

162 2491 297 2536 νάτων
319 2496 363 2536 ἐν
385 2499 473 2544 ταῖς
498 2496 654 2548 βίβλοις
679 2495 896 2547 κειμένων]
930 2497 1128 2548 Interpres
1148 2495 1228 2534 hoc
1247 2496 1338 2534 loco
1361 2503 1531 2535 mentem
1556 2501 1692 2534 aucto-

160 2552 217 2591 ris
240 2553 399 2592 minime
421 2558 625 2591 assecutus
643 2553 786 2594 suerat.
848 2554 1044 2605 G1eg0ras
1064 2551 1190 2591 mulia
1218 2553 1275 2591 ait
1297 2568 1497 2592 occurrere
1515 2554 1555 2591 in
1577 2551 1692 2591 libris

158 2609 388 2662 proverbia,
438 2607 578 2677 quibus
618 2608 776 2662 aliquid
810 2608 1050 2663 impossibile
1089 2625 1166 2648 esse
1202 2610 1414 2648 innuatur-
1399 2641 1410 2659 ,
1466 2608 1692 2648 cuiusmodi

162 2673 278 2717 sunt,
315 2665 485 2722 ὄρνιθος
512 2663 613 2721 γάλα
645 2668 791 2718 ζητεῖν·
834 2670 950 2735 φακῇ
979 2667 1131 2721 γωνίαν
1159 2679 1372 2719 καμπτειν·
1413 2662 1491 2708 ω’ὁν
1525 2668 1689 2706 τίλλειν·

162 2721 376 2764 θάλασσαν
406 2723 605 2792 σπείρειν·
636 2723 813 2763 πλίνθον
843 2720 1033 2764 πλύνειν·
1075 2726 1206 2794 κωφῷ
1229 2722 1404 2775 ὁμιλεῖν
1442 2726 1593 2792 τυφλῷ
1607 2724 1690 2763 δια-

162 2777 313 2821 νεύειν·
345 2777 564 2851 α’νδριοῖντα
582 2781 850 2834 γαργαλίζειν·
879 2781 935 2829 εἰς
953 2779 1193 2834 τετρημένον
1210 2782 1340 2822 πίθον
1357 2777 1538 2821 ἀντλεῖν·
1566 2777 1691 2833 α’στρα

159 2834 362 2887 τοξεύειν·
394 2840 476 2892 πῦρ
500 2834 698 2891 ἄλείφειν·
728 2853 829 2878 κατα
859 2841 1064 2894 μαχαιρῶν
1094 2839 1312 2894 κυβισταν·
1349 2838 1524 2894 κοσκίνῳ
1551 2836 1690 2892 φέρειν
