1754 3164
506 155 754 197 Nommuu
780 157 848 197 ET
876 140 1179 198 VERBORURJ.

114 258 233 294 chaele
253 257 387 301 Notho,
423 257 469 293 de
490 258 688 301 Mantredo,
710 263 747 294 et
769 258 814 294 de

109 305 341 352 Peloponnesi
395 304 510 352 princi
534 317 555 340 e
599 311 814 351 reportatam

111 351 207 396 (72,
233 353 288 388 17.
312 352 378 393 73,
404 354 462 388 11.
485 354 508 388 7
542 376 553 394 ,
580 353 613 387 1.
645 352 734 396 21.)
769 364 813 387 ex

109 398 240 443 Magno
274 398 470 433 Domestico
501 399 544 433 fit
583 399 716 433 Caesar
753 399 812 441 79,

111 446 167 480 17.
190 445 358 480 adversus
372 444 577 479 Michaelem
592 444 716 479 iterum
732 445 814 479 mis·

109 486 185 534 ἕως
222 501 355 538 paucos
387 502 499 526 secum
531 491 653 525 milites
694 491 814 526 ducit:

108 537 302 583 Byzantios
341 538 483 572 iubetur
515 537 722 572 transeundo
761 538 814 573 la-

108 595 270 619 oeeserez
305 583 470 630 Byzantii
503 583 732 629 recuperandi
755 596 814 619 ra-

107 630 238 665 tionem
258 629 327 666 init
349 642 426 666 cum
449 630 685 677 proditoribus
703 632 759 672 83,
778 633 814 667 8.

67 700 75 708 .
105 675 143 710 in
173 677 293 711 urbem
330 682 435 712 noctu
476 676 715 711 intromittitur
753 678 812 719 85,

109 724 166 759 19.
197 723 392 770 triumphat
421 724 488 766 89,
520 725 556 760 3.
586 734 609 758 a
639 723 813 757 michaele

106 768 229 804 Notho
252 769 404 804 vincitur
435 774 471 804 et
506 768 643 814 capitur
676 771 744 810 90,
775 770 812 804 9.

106 826 183 850 cum
208 827 328 851 sorore
349 815 524 851 Manfredi
549 815 692 860 Siciliae¹
716 815 813 860 regis

104 866 321 908 permutatur
333 875 343 896 ε
364 863 570 909 Byzantium
581 862 675 896 redit
685 863 742 905 91,
753 864 810 898 22.

152 909 328 953 Michael,
362 909 399 944 in
429 920 605 944 carcerem
627 908 812 944 coniicitur

106 956 187 998 190,
211 957 271 991 22.
298 956 379 998 195,
402 958 436 992 8.
462 957 541 996 197,
565 957 624 992 21.

58 1001 252 1036 Stratocles
272 1002 487 1048 Epidaurius
496 1014 509 1044 ;
540 1002 671 1037 tibicen
680 1001 809 1044 bonus;

105 1052 143 1082 at·
164 1059 233 1083 non
253 1048 337 1083 item
359 1048 415 1083 vir
435 1050 546 1085 bonus
566 1050 649 1093 577,
675 1050 732 1085 19.

57 1094 282 1130 Strummitza
302 1097 387 1138 379,
412 1098 471 1132 10.
492 1095 578 1142 ibiq.
594 1100 709 1131 annot.
729 1094 810 1137 457,

103 1140 160 1176 14.
186 1141 278 1184 654,
301 1143 338 1177 2.
369 1142 542 1177 castellum
566 1141 634 1176 situ
652 1141 810 1176 munitis-

101 1187 221 1222 simum
241 1190 323 1230 626,
347 1189 403 1224 18.
427 1188 628 1234 oppidulum
645 1190 727 1230 379,
751 1190 808 1224 10.

101 1234 239 1269 Pascha
270 1235 316 1269 ab
347 1234 528 1281 oppidanis
560 1235 635 1270 ritu
656 1235 808 1270 barbaro

103 1280 327 1324 celebratum,
349 1281 437 1316 ibid.

53 1325 240 1371 Strymon,
273 1327 362 1363 fluv.
383 1325 475 1369 374,
497 1327 532 1364 5.
556 1327 649 1371 375,
673 1329 709 1363 3.
749 1330 805 1364 10.

101 1374 157 1409 19.
178 1372 262 1416 457,
287 1371 344 1411 14.
367 1375 448 1416 623,
470 1374 507 1410 3.
529 1375 610 1414 626,
636 1376 691 1410 19.
719 1376 804 1417 639,

98 1420 134 1455 7.
156 1424 198 1454 ut
220 1432 296 1455 eum
316 1422 492 1466 Gregoras
516 1425 553 1455 et
570 1419 628 1454 alii
652 1420 696 1454 ad
713 1420 803 1454 Cra-

98 1466 164 1501 lem
187 1466 297 1512 legati
319 1466 523 1501 traiecerint
542 1467 624 1509 375,
643 1468 676 1502 9.
699 1466 803 1512 Stry-

97 1512 206 1548 monia
227 1514 343 1548 fontes
364 1514 446 1554 455,
471 1516 530 1548 10.

51 1558 269 1605 Subscriptio
292 1559 519 1606 imperatoria
542 1560 622 1601 109,
650 1559 707 1594 10.

50 1605 256 1640 Substantia
293 1606 411 1641 divina
450 1610 561 1640 utrum
596 1604 800 1651 participari

97 1652 202 1698 possit
223 1653 305 1695 968,
328 1654 363 1689 5.
387 1652 545 1698 quaestio
569 1651 612 1686 de
632 1652 799 1686 Substan-

96 1699 148 1733 tia
178 1702 216 1734 et
246 1698 521 1745 Operationibns
550 1697 676 1732 divinis
715 1699 798 1739 988,

95 1747 130 1781 6.
146 1745 372 1780 substantiae
394 1750 430 1780 et
451 1744 656 1790 Operatioui
679 1744 797 1780 eadem

96 1790 252 1826 definitio
277 1792 439 1827 convenit
459 1793 541 1833 952,
567 1794 621 1827 10.

48 1838 215 1873 Sultanus
245 1838 401 1884 Aegypti
433 1843 470 1873 et
511 1836 663 1873 Arabiae
699 1837 797 1883 lega-

93 1888 152 1919 tos
185 1883 292 1919 mittit
330 1885 377 1921 ad
415 1884 525 1920 Mich.
554 1883 797 1930 Palaeologum

47 1978 135 2012 Susa
158 1976 240 2022 445,
267 1978 323 2013 11.

46 2023 268 2069 Sybariticae
290 2034 426 2059 mensae
447 2023 529 2066 975,
549 2025 606 2059 11.

46 2070 145 2116 Sylla
167 2069 387 2115 (Cornelius)
411 2072 513 2112 1022,
539 2072 596 2106 16.

45 2116 294 2162 Syllogismus3
329 2116 389 2151 ubi
412 2117 458 2151 de
488 2116 563 2151 Deo
588 2115 792 2162 disputatur,

89 2162 201 2197 locum
223 2174 291 2197 non
313 2163 421 2198 habet
442 2164 522 2205 507,
540 2164 595 2199 16.
616 2163 697 2197 Itali
711 2163 794 2208 Syl-

87 2209 232 2254 logismo
246 2209 369 2244 armati
389 2209 576 2256 disputant,
600 2209 685 2245 ibid.
709 2209 791 2244 Vid.

90 2260 210 2290 annot.
234 2255 337 2297 1248,
364 2257 400 2292 5.

43 2300 240 2347 Symbolum
263 2301 364 2336 Fidei
387 2302 591 2337 Catholicae
612 2303 701 2344 999,
734 2301 791 2336 16.

88 2347 216 2382 Filium
237 2350 409 2394 genitum,
431 2361 499 2382 non
514 2351 664 2390 factum,
688 2347 793 2382 docet

89 2395 193 2435 1131,
220 2396 274 2431 15.
298 2394 482 2441 Appendix
505 2394 666 2440 Symbolo
694 2393 792 2429 adie-

89 2444 149 2473 cta
170 2441 249 2482 125,
271 2441 330 2476 16.

42 2485 244 2531 Synadenus
273 2487 542 2532 (Theodorus)
574 2486 790 2521 Domesticus

86 2543 224 2567 mensae
253 2532 515 2578 imperatoriae:
560 2533 676 2568 socius
707 2544 790 2567 con-

85 2577 268 2613 iurationis
299 2579 409 2615 initae
441 2581 485 2614 ab
508 2580 704 2615 Andronico
734 2579 789 2613 iu-

85 2623 184 2659 niore
207 2624 372 2660 adversus
395 2628 583 2661 seniorem:
619 2637 693 2659 cnm
716 2625 789 2659 Mi-

86 2670 205 2704 chaele
226 2671 308 2716 imp.
332 2672 625 2707 coniunctissimus
647 2674 727 2714 301,
752 2673 786 2707 8.

83 2715 348 2758 Protostraton
371 2719 559 2764 Syrgianni
581 2718 785 2764 opponitnn

84 2761 244 2797 navicula
262 2774 469 2808 conscensa,
491 2765 720 2800 Andronicum
738 2763 787 2798 in-

83 2807 214 2844 niorem
237 2809 432 2854 comitatur,
456 2812 571 2848 aditus
595 2810 700 2847 Urbis
722 2822 785 2846 ex-

1480 153 1611 202 1379

933 259 1099 294 lorantem
1122 258 1212 303 408,
1236 262 1294 298 22.
1325 262 1464 299 iubetur
1484 263 1609 298 castris

942 306 1113 350 yzantium
1135 308 1276 353 cingere
1298 309 1390 352 409,
1425 310 1479 345 11.
1514 311 1609 345 Con-

909 352 1094 387 stantinum
1116 354 1257 390 Asanem
1274 355 1386 392 vincit
1400 355 1445 391 ad
1464 356 1608 392 Mauro-

909 404 1082 444 potamum
1112 398 1204 442 415,
1238 404 1272 438 6.
1307 402 1484 447 Synadeni
1505 402 1608 437 inhu-

908 445 1053 480 manitas
1085 457 1168 491 erga
1190 447 1420 483 Andronicum
1441 448 1607 485 seniorem

905 491 996 535 432,
1028 493 1064 527 2.
1095 493 1183 536 441,
1215 495 1270 530 14.
1307 495 1398 537 446,
1428 496 1463 531 3.
1495 495 1607 541 Epiro

905 538 1122 583 praefectus,
1169 540 1319 586 principi
1358 552 1498 576 reverso
1526 543 1606 577 vin-

906 589 982 618 ctus
1028 585 1198 628 traditur3
1255 587 1521 623 Thessalonicae
1567 594 1606 624 et

905 630 982 665 aliis
1013 632 1155 666 urbibus
1198 634 1414 679 praepositus
1446 635 1535 675 623,
1568 637 1604 671 3.

903 677 1118 713 invadendae
1132 679 1398 715 Thessalonicae
1407 691 1500 726 spem
1510 681 1604 716 Can-

904 727 1070 759 tacuzeuo
1092 725 1180 759 facit
1202 737 1266 772 per
1295 726 1412 760 literas
1445 728 1536 769 626,
1565 729 1601 763 3.

906 768 958 803 ea'
977 770 1063 805 urbe
1102 782 1164 816 per
1202 771 1401 807 seditionem
1441 773 1601 818 pellitur:

904 816 1220 860 Gynaecocastrum
1242 831 1280 853 se
1302 819 1428 865 recipit
1444 821 1525 862 633,
1540 822 1601 856 21.

902 862 1048 897 animum
1071 868 1200 898 mutat=
1241 865 1484 900 Cantacuzeuo
1516 867 1601 901 iusi·

902 908 1018 943 diatur
1039 910 1129 952 634,
1156 911 1210 947 17.
1235 910 1379 947 insidiae
1402 912 1600 958 deprehen-

902 966 962 989 sae
985 957 1064 998 635,
1084 958 1119 992 8.

857 1002 1078 1044 Συνᾶπτον,
1102 1014 1164 1048 pro
1187 1000 1425 1048 συνδοξάζον,
1448 1004 1539 1051 apud
1558 1004 1598 1041 S.

902 1048 1121 1084 Athanasium
1146 1051 1248 1093 1320,
1269 1050 1327 1088 34·

855 1095 1022 1140 Synesius
1043 1096 1126 1139 322,
1148 1098 1183 1132 9.

854 1142 1033 1187 Synodus,

945 1188 1120 1234 Ephesina
1144 1190 1246 1231 1021,
1268 1190 1328 1226 23.

943 1234 1239 1270 Iconomachorum
1268 1234 1424 1273 σύνοδοι
1455 1239 1597 1285 λῃστρι-

898 1282 962 1318 καὶ
983 1283 1065 1323 955,
1090 1283 1127 1318 4.

896 1327 1077 1410 911ng
1133 1327 1309 1364 Arsenium
1363 1330 1596 1376 patriarcham

954 1400 964 1417 ‚
1015 1400 1026 1409 .

940 1423 1201 1464 Atramyttena:
1232 1420 1395 1456 iudicium
1424 1421 1468 1456 de
1497 1422 1595 1458 libris

893 1466 967 1549 iigfiig
988 1466 1206 1548 [it-{rmissumt
1229 1466 1318 1512 ignis
1338 1468 1467 1503 neutris
1494 1469 1594 1505 favet

937 1559 1071 1594 Contra
1092 1558 1218 1594 Becum
1242 1561 1320 1601 169,
1343 1560 1400 1597 24.

937 1604 1068 1639 Contra
1106 1606 1342 1647 Barlaamum‚
1394 1606 1514 1643 habita
1553 1608 1590 1644 in

891 1651 1020 1698 templo
1049 1651 1089 1685 S.
1119 1652 1292 1698 Sophiae:
1322 1652 1359 1687 in
1382 1665 1425 1688 ea
1447 1654 1589 1700 Synodo

890 1698 1100 1744 disputatum
1110 1698 1154 1733 de
1163 1698 1237 1733 sola
1252 1699 1477 1754 Precatione:
1501 1702 1588 1736 alia-

888 1749 1228 1831 }'ffloqfflssffi‘ssmss'ssi
1244 1749 1471 1835 ‘5333‘2535
1472 1748 1587 1830 ¹13³*

935 1836 1067 1871 Contra
1099 1837 1325 1872 massalianos
1355 1842 1393 1873 et
1423 1839 1587 1885 Bogomi-

887 1883 940 1918 los
954 1909 966 1924 ‚
988 1883 1184 1928 Byzantina
1207 1884 1287 1927 718,
1309 1884 1367 1919 22.

934 1929 1063 1964 Contra
1071 1930 1230 1965 Ioannem
1246 1929 1494 1976 patriarcham=
1510 1943 1584 1968 eam

886 1975 1060 2022 Synodum
1091 1988 1207 2011 mensa
1234 1981 1434 2022 sumptuosa
1454 1982 1491 2013 et
1518 1979 1584 2013 im-

886 2021 1032 2057 modesti
1046 2020 1139 2056 risus
1157 2021 1350 2068 excipiunt:
1373 2035 1414 2058 ea
1428 2024 1504 2070 ipsa
1520 2037 1584 2060 no-

886 2074 944 2103 cte
974 2068 1176 2111 Byzantium
1206 2079 1230 2104 a
1257 2068 1500 2106 Cantacuzeno
1522 2082 1583 2107 ca·

884 2117 979 2161 ptum
1001 2115 1081 2155 783,
1104 2117 1139 2150 8.
1298 2116 1300 2118 ’

930 2160 1062 2195 Contra
1078 2161 1241 2196 Isidorum
1257 2160 1501 2208 patriarcham,
1513 2173 1581 2197 una

884 2211 923 2242 et
943 2207 1052 2242 altera
1075 2209 1154 2246 786.
1181 2209 1236 2244 11.

928 2253 1129 2289 Palamitiea
1145 2253 1275 2289 XVIII.
1286 2252 1383 2289 XIX.
1394 2253 1470 2291 XX.
1480 2253 1578 2291 XXI.

881 2298 1053 2346 λῃστρικὴ
1076 2302 1168 2344 890,
1194 2302 1251 2337 19.
1274 2301 1377 2342 1090,
1398 2302 1432 2336 2-
1488 2300 1578 2335 Vide

884 2347 1085 2381 Concilium.

835 2392 998 2439 Synodus
1021 2404 1152 2439 poenas
1166 2391 1288 2426 indicit
1304 2390 1493 2431 Thessalis,
1508 2390 1575 2425 nisi

881 2451 920 2473 se
941 2438 1142 2485 imperatori
1162 2437 1359 2472 submittant
1379 2437 1459 2478 279,
1483 2437 1517 2472 7.

834 2484 996 2531 Synodun
1007 2485 1077 2519 dici
1091 2497 1157 2520 non
1174 2484 1287 2526 debet,
1311 2494 1399 2528 quae
1410 2482 1451 2516 fit
1468 2494 1573 2528 prae-

879 2534 936 2566 ter
958 2530 1205 2567 ecclesiasticas
1227 2528 1364 2574 regulas
1386 2529 1465 2571 885,
1485 2531 1551 2582 17..

834 2575 1126 2622 antigonam,
1173 2573 1472 2620 συντεταγμένος,
1515 2574 1571 2609 ὼ-

878 2635 980 2659 verso
1002 2624 1196 2670 ngnificatu
1220 2621 1320 2665 1266,
1336 2622 1371 2657 3.

834 2671 1042 2716 Syracusani
1064 2671 1142 2710 730,
1165 2670 1199 2705 8.

832 2716 1055 2763 Syrgiannes,
1081 2719 1196 2750 custos
1218 2712 1354 2749 additus
1375 2712 1569 2748 Andronico

877 2763 1003 2798 iuniori
1025 2764 1113 2804 296,
1138 2761 1193 2796 14.
1228 2759 1427 2806 Syrgiannis
1450 2770 1568 2804 genus,

877 2809 1069 2851 institutio,
1102 2807 1245 2843 virtutes
1273 2807 1365 2851 296,
1398 2807 1453 2842 19.
1486 2817 1568 2851 pro-
