1794 3172
344 111 667 193 fflsromAE
694 145 1072 191 ΒΥΖΑΝΠΝΑΕ
1101 145 1199 191 xv.
1234 154 1276 195 2.
1455 142 1556 191 751

51 256 207 314 μεντᾶν
233 256 331 302 οὔδ’
365 257 411 300 ἐκ
442 254 671 312 βαναύσων
702 255 857 314 εὐγενῆ.
895 255 1003 301 ἀλλὰ
1033 257 1141 315 πρὸς
1160 258 1262 313 μίαν
1294 258 1437 314 ε’πίσης
1464 258 1558 303 dwe-
1581 269 1671 302 A.c.
1687 265 1780 302 1345

52 330 221 385 κίρνατο
245 324 415 371 πάντων
438 324 464 383 ἦ
494 325 696 384 πρόθεσις
726 325 850 383 ζήλου
883 324 1034 385 φοράν.
1073 324 1182 371 πολύ
1203 345 1247 384 γε
1264 327 1351 384 μὴν
1371 332 1457 371 τῶν
1478 314 1779 396 ἇν-Ῑωιῑζεξῗξυ

55 399 168 455 δρῶν
189 395 217 454 ἦ
239 401 324 441 τῶν
342 401 546 455 γυναικῶν
566 395 775 455 ὑπερεῖχεν
805 399 863 448 εἷς
883 391 1060 454 τοῦργον
1077 394 1256 453 σπουδή.
1295 396 1368 441 ἅτε
1387 397 1467 455 γὰρ
1484 398 1555 442 εὖ·
1686 385 1695 394 ’

55 467 319 525 παθίστερον
362 466 469 524 πρὸς
504 465 698 524 δακρύων
734 466 783 511 τὸ
817 466 933 524 γένος
961 466 1120 524 φορὰν,
1167 468 1380 518 πλουσίοις
1407 467 1554 512 λοιπὸν

25 543 144 588 5τοῖς
162 535 338 594 δάκρυσι
353 535 573 595 ῥαίνουσαι
590 534 667 588 τάς
685 554 730 580 τε
748 537 953 586 πλίνθους
970 537 1040 579 καὶ
1067 536 1223 594 πέτρας
1240 538 1394 588 ἐκείνας
1412 536 1595 583 ἔπειτα-Ε

53 608 277 650 ε’πετίθουν
298 614 387 657 τοῖς
408 605 538 661 ὤμοις
548 639 563 660 ,
600 606 767 663 οὐδαμῆ
786 603 1081 664 περιλάμπρων
1102 605 1346 661 ἐνδυμάτων
1365 608 1554 651 ἐνταῦθα

53 678 374 735 φροντίζουσαι,
408 676 672 733 ῥηγνυμένων
702 678 771 719 καὶ
799 674 949 726 κόνεως
966 677 1263 732 πληρουμένων
1293 674 1375 720 ὖπό
1405 694 1448 720 τε
1478 682 1554 734 τῆς

52 750 308 803 πολυμιγοῦς
341 746 496 803 ε’κείνης
523 746 628 803 ὕλης
654 744 736 789 ὖπό
757 763 800 789 τε
819 750 896 802 τῆς
916 747 960 798 ἐξ
978 744 1170 802 ἀλλήλων
1190 748 1258 789 καὶ
1280 746 1338 789 δι’
1362 745 1553 803 ἀλλήλοιν

54 821 257 872 συνεχοῦς
290 833 334 859 τε
377 818 447 859 καὶ
489 814 773 874 ἇγχιστρόᾳου
808 820 1050 874 περιφορᾶς.
1101 814 1208 859 εἶπεν
1239 815 1291 859 ἄν
1321 833 1386 866 τις
1417 817 1552 874 πηγὰς

0 891 43 927 10
55 886 219 945 ἀφιέναι
251 883 444 943 δακρύων
462 886 540 942 τὴν
557 886 663 943 ὕλην
683 886 991 945 ἐκφορουμένην
1010 886 1165 942 ἐκείνην
1179 900 1189 909 ·
1213 884 1325 930 οὕτω
1344 886 1452 930 κατὰ
1472 904 1551 930 πο-

52 956 214 1012 ταμοῦς
231 953 373 1013 ἐχώρει
393 953 486 1000 τότε
510 954 675 1015 δάκρυα
700 960 848 1000 πασῶν
870 957 956 999 ε’κεῖ
979 960 1205 1013 γυναικῶν,
1241 954 1420 1007 ἐνδόξων
1442 953 1550 1012 ὁμοῦ

52 1028 121 1070 καὶ
142 1023 303 1078 ἀδόξων
311 1059 326 1079 ,
358 1027 427 1068 καὶ
447 1024 559 1071 οὕτω
578 1033 756 1083 μακροῖς
779 1025 1020 1083 ἀνεμίγνυτο
1050 1023 1227 1082 θρήνοις
1254 1023 1276 1069 ὃ
1304 1026 1425 1082 ζῆλος
1445 1027 1545 1069 ε’κεί-
1556 1033 1587 1067 F

52 1114 135 1140 νων
149 1097 218 1138 καὶ
238 1094 265 1152 ἦ
289 1094 477 1152 σπουδὴ,
516 1093 735 1157 ῥᾳστώνης
752 1095 949 1151 οὐδεμιᾶς
980 1097 1230 1151 δυνηθείσης
1251 1093 1452 1151 διακόψαι
1475 1096 1549 1139 τὸν

53 1163 212 1224 δρόμον
229 1167 301 1209 καὶ
319 1166 397 1222 τὴν
415 1167 639 1223 συνέχειαν,
663 1165 737 1223 ἐφ’
761 1165 872 1216 ὅλοις
892 1163 1009 1222 ἐγγύς
1028 1183 1109 1209 που
1130 1166 1410 1223 νυχθημέροις
1427 1164 1548 1223 τριά-

0 1241 42 1278 15
53 1253 194 1280 κοντα.
257 1234 347 1294 (Γ.)
379 1234 562 1294 Ἐλέγετο
579 1236 723 1292 μέντοι
748 1235 853 1293 πρὸς
882 1239 967 1279 τῶν
988 1239 1167 1290 πολλῶν,
1198 1233 1256 1286 ὥς
1277 1235 1387 1292 εἰμὴ
1413 1240 1546 1293 προϋ-

50 1303 222 1363 πάρχειν
241 1305 456 1358 συνέβαινε
473 1306 551 1357 τὰς
567 1305 672 1362 πρὸς
691 1306 745 1350 ἕω
763 1308 969 1364 κρηπῖδας
987 1307 1056 1348 καὶ
1075 1305 1129 1349 τὰ
1148 1307 1386 1362 ἐρείσματα,
1411 1302 1547 1349 ὁπόσα

51 1376 158 1433 πρὸς
186 1375 452 1433 Ἀνδρονίκου
492 1381 568 1420 τοῦ
598 1375 805 1432 βασιλέως
823 1373 953 1419 πάλαι
984 1374 1326 1434 ἀνῳκοδόμηνται
1349 1373 1458 1419 πάνυ
1480 1392 1547 1419 τοι

53 1446 311 1504 φιλοτίμως,
351 1444 430 1488 κᾶν
461 1444 774 1490 πολλαπλάσιον
804 1444 974 1503 ἐγεγόνει
1008 1445 1058 1489 τὸ
1094 1450 1247 1500 πτῶμα
1274 1446 1343 1488 καὶ
1389 1449 1473 1488 τῶν
1502 1461 1545 1501 γε
1555 1453 1675 1492 P.471

53 1513 234 1559 ἀνιάτων
259 1513 305 1559 ἓν
335 1510 400 1571 ἦν.
437 1518 507 1558 καὶ
534 1520 670 1560 ταῦτα
693 1517 770 1572 μὲν
798 1520 950 1559 τοῦτον
976 1513 1068 1571 ἴσχε
1095 1515 1169 1558 τὸν
1190 1512 1370 1572 τρόπον·
1407 1516 1475 1556 καὶ
1498 1514 1546 1557 τὰ

0 1585 183 1643 Ξοθέρος
218 1584 263 1628 ἓν
292 1583 457 1635 τούτοις
490 1583 693 1630 ἐτελεύτα.
751 1583 848 1644 (Δ.)
883 1587 1040 1628 Κακῶν
1063 1584 1109 1627 δ’
1135 1581 1330 1639 ἀνακωχή
1362 1600 1425 1633 τις
1446 1582 1541 1626 οὔτ’

51 1651 130 1711 ἦν,
173 1652 268 1698 οὔτ’
306 1654 520 1710 ἠλπίζετο·
557 1655 653 1699 ἀλλ’
689 1654 763 1712 ἐφ’
799 1652 953 1711 ἑτέροις
993 1653 1112 1711 ἕτερα
1145 1656 1340 1710 διηνεκῶς
1370 1653 1542 1711 ε’πέρῤει,

51 1726 122 1767 καὶ
145 1724 208 1766 ε’πὶ
238 1723 287 1767 τὸ
308 1731 449 1781 χεῖρον
479 1719 577 1780 ηὗξε
607 1726 677 1767 καὶ
706 1722 947 1781 προῦβαινε.
982 1722 1010 1780 ἦ
1040 1741 1084 1767 τε
1103 1723 1182 1780 γὰρ
1205 1728 1257 1780 γῆ
1279 1720 1545 1766 παντάπασιν
1590 1731 1593 1733 ’

51 1796 179 1838 εἰπεῖν
202 1791 388 1851 ἅσπορός
414 1811 457 1837 τε
485 1795 555 1836 καὶ
589 1791 848 1851 ἀγεώργητος
876 1793 1079 1837 ἐλείπετο·
1117 1797 1200 1837 τῶν
1231 1791 1275 1836 τ’
1306 1793 1543 1848 ἐπιτηδείων

145 1893 181 1929 6.
203 1890 289 1937 περὶ
310 1890 489 1939 λαμπρῶν
511 1891 599 1927 coni.
622 1892 723 1928 Boiv.

52 1983 191 2008 servum
205 1983 228 2007 a
242 1972 399 2015 domino,
423 1985 489 2008 nec
506 1972 656 2008 nobilem
681 1972 726 2008 ab
746 1971 865 2019 operis
888 1970 1124 2007 mercenariis.
1171 1970 1243 2007 Sed
1260 1971 1297 2006 in
1317 1970 1463 2006 eundem
1485 1982 1544 2006 ar-

52 2019 149 2054 doris
171 2019 336 2066 impetum
358 2020 504 2055 omnium
523 2019 656 2067 pariter
675 2020 837 2055 voluntas
855 2019 1087 2055 coalescebat.
1134 2018 1319 2054 Mulierum
1345 2023 1461 2053 tamen
1487 2030 1546 2053 se-

52 2066 183 2101 dulitas
209 2067 315 2101 multo
339 2067 449 2102 maior
475 2079 578 2113 quam
603 2067 776 2102 hominum
800 2067 838 2102 in
859 2066 1019 2101 navanda
1040 2077 1149 2112 opera
1165 2065 1243 2100 fuit.
1290 2065 1432 2100 Etenim
1449 2064 1544 2106 illae,

52 2117 180 2159 utpote
204 2125 291 2148 sexu
318 2113 362 2148 ad
387 2115 528 2148 uberem
550 2114 777 2160 lacrymarum
802 2113 872 2148 vim
900 2113 1146 2159 propensiore,
1174 2112 1274 2157 largo
1298 2112 1432 2146 demum
1455 2110 1544 2146 fletu

51 2160 181 2195 lateres
204 2171 247 2194 ac
271 2160 406 2206 lapides
430 2160 509 2195 illos
533 2161 806 2206 respergebant3
841 2160 991 2195 humeris
1014 2159 1142 2195 deinde
1165 2158 1405 2204 imponebant,
1428 2158 1546 2193 neuti-

53 2218 157 2253 quam
174 2210 259 2241 tunc
284 2206 458 2242 sollicitae
483 2208 529 2242 de
552 2208 765 2252 sumptuosis
787 2206 1024 2247 vestimentis,
1051 2218 1141 2252 quae
1164 2210 1202 2240 et.
1215 2205 1393 2241 lacerabat
1409 2210 1447 2240 et
1466 2204 1546 2250 pul·

52 2265 139 2288 vere
165 2253 332 2299 opplebat
361 2259 436 2289 tum
454 2255 597 2289 confusa
615 2254 675 2288 illa
692 2254 856 2295 materia,
878 2260 952 2289 tum
970 2253 1134 2288 continua
1151 2258 1189 2288 et
1209 2253 1332 2287 crebro
1351 2252 1480 2287 iterata
1499 2251 1544 2286 ab

53 2299 132 2335 aliis
151 2300 197 2334 ad
214 2300 301 2334 alios
320 2312 385 2346 per
399 2312 520 2335 manus
536 2300 731 2335 translatio.
765 2300 924 2335 Dixisses
941 2300 1119 2335 materiam
1137 2298 1248 2342 illam,
1271 2310 1362 2345 quae
1380 2303 1545 2344 exporta-

52 2346 180 2386 batur,
202 2346 429 2392 lacrymarum
453 2347 606 2382 fontibus
630 2347 817 2382 scaturire:
848 2347 935 2389 adeo
964 2350 1046 2380 tuuc
1072 2346 1279 2380 torrentium
1308 2346 1420 2380 instar
1443 2345 1545 2379 ibant

54 2393 204 2427 omnium
220 2405 312 2438 quae
330 2399 432 2428 erant
451 2393 525 2428 illic
542 2394 732 2436 mulierum,
749 2394 931 2428 illustrium
948 2392 1047 2427 simul
1065 2397 1101 2427 et
1118 2392 1331 2438 ignobilium,
1349 2393 1541 2436 lacrymae:

54 2439 144 2474 adeo
159 2439 295 2485 ingenti
311 2441 404 2475 luctu
420 2440 548 2476 mixtus
569 2446 646 2476 erat
659 2440 794 2475 illarum
811 2441 908 2475 zelus
926 2446 964 2475 et
981 2439 1139 2474 officiosa
1155 2439 1356 2484 diligentia:
1372 2438 1541 2483 siquidem

55 2485 136 2520 illos
161 2497 281 2521 cursus
300 2492 337 2521 et
358 2487 539 2528 continuos
564 2487 702 2522 labores
722 2487 819 2521 nulla
843 2487 959 2534 potuit
982 2485 1143 2521 mollities
1165 2485 1436 2530 interrumpere,
1458 2494 1544 2529 per-

55 2531 173 2577 petuis
189 2533 296 2567 ferme
312 2533 461 2579 triginta
477 2533 599 2570 diebus
617 2539 653 2568 et
665 2534 837 2569 noctibus.
885 2533 998 2579 (ΠΙ.)
1012 2532 1195 2567 Caeterum
1210 2545 1231 2567 a
1246 2532 1421 2578 plerisque
1438 2529 1544 2565 dicti-

55 2579 220 2621 tabatur,
241 2579 310 2614 nisi
331 2580 496 2615 orientem
514 2593 635 2616 versus
652 2581 884 2615 occurrissent
904 2579 1128 2614 fundamenta
1147 2586 1185 2614 et
1202 2579 1327 2621 moles,
1352 2589 1438 2624 quas
1456 2577 1544 2612 iam-

56 2624 190 2671 pridem
221 2625 409 2671 imperator
435 2627 652 2663 Andronicus
683 2627 864 2672 magnifice
891 2626 1071 2662 admodum
1099 2627 1362 2667 substa-unxerat,
1392 2624 1546 2658 futuram

56 2671 165 2706 multo
179 2671 340 2711 maiorem
357 2672 503 2716 ruinam,
518 2679 625 2720 atque
636 2673 720 2708 illud
731 2674 856 2709 vulnus
871 2673 1064 2708 insanabile
1078 2674 1281 2708 exstiturum
1294 2672 1416 2706 fuisse.
1434 2671 1546 2704 Porro

56 2717 145 2753 haec
161 2718 214 2752 ita
230 2730 270 2753 se
287 2719 504 2763 babuerunt3
527 2733 570 2756 ac
584 2721 622 2755 in
640 2720 684 2756 iis
701 2725 817 2766 aestas
837 2724 1039 2766 consumpta
1053 2725 1120 2755 est.
1166 2719 1267 2764 (lv.)
1292 2718 1462 2753 Malorum
1482 2727 1549 2751 au-

55 2770 127 2800 tem
145 2764 303 2800 remissio
321 2766 414 2801 nulla
430 2779 542 2812 neque
557 2772 648 2810 erat,
671 2779 786 2813 neque
798 2767 1032 2814 sperabatur3
1054 2766 1117 2801 sed
1136 2770 1302 2814 perpemo
1322 2764 1392 2799 alia
1407 2775 1452 2798 ex
1468 2761 1547 2798 aliis

57 2811 262 2854 affluebant,
278 2812 640 2860 ingravescebantque
657 2817 695 2848 et
711 2815 995 2860 provehebantur
1009 2813 1045 2848 in
1063 2813 1173 2858 peius.
1216 2812 1308 2847 Nam
1324 2816 1362 2846 et
1377 2815 1472 2846 terra
1488 2821 1548 2844 se-

58 2857 206 2894 minibus
225 2858 359 2896 omnino
383 2872 493 2908 paene
512 2860 761 2905 fraudabatur,
783 2866 819 2897 et
838 2861 970 2897 inculta
988 2861 1214 2903 remanebat3
1238 2866 1276 2895 et
1292 2868 1410 2895 rerum
1429 2857 1475 2894 ad
1492 2856 1549 2893 vi-
