<?xml version="1.0" encoding="UTF-8"?>
<!DOCTYPE html PUBLIC "-//W3C//DTD XHTML 1.0 Transitional//EN"
    "http://www.w3.org/TR/xhtml1/DTD/xhtml1-transitional.dtd">
<html xmlns="http://www.w3.org/1999/xhtml" xml:lang="en" lang="en">
 <head>
  <title>
</title>
<meta http-equiv="Content-Type" content="text/html;charset=utf-8" />
  <meta name='ocr-system' content='tesseract 3.04.00' />
  <meta name='ocr-capabilities' content='ocr_page ocr_carea ocr_par ocr_line ocrx_word'/>
</head>
<body>
  <div class='ocr_page' id='page_1' title='image "./corpusscriptorum39niebuoft_0352.png"; bbox 0 0 1794 3172; ppageno 0'>
   <div class='ocr_carea' id='block_1_1' title="bbox 255 154 1340 207">
    <p class='ocr_par' dir='ltr' id='par_1_1' title="bbox 255 154 1340 207">
     <span class='ocr_line' id='line_1_1' title="bbox 255 154 1340 207; baseline 0.002 -2"><span class='ocrx_word' id='word_1_1' title='bbox 255 154 359 205; x_wconf 88' lang='grc'>910</span> <span class='ocrx_word' id='word_1_2' title='bbox 393 162 395 164; x_wconf 79' lang='grc'><strong>’</strong></span> <span class='ocrx_word' id='word_1_3' title='bbox 667 159 986 207; x_wconf 87' lang='lat' dir='ltr'>NICEPHORI</span> <span class='ocrx_word' id='word_1_4' title='bbox 1015 161 1340 207; x_wconf 83' lang='lat' dir='ltr'><strong>GREGORAE</strong></span> 
     </span>
    </p>
   </div>
   <div class='ocr_carea' id='block_1_2' title="bbox 37 268 1794 1792">
    <p class='ocr_par' dir='ltr' id='par_1_2' title="bbox 37 268 1794 1792">
     <span class='ocr_line' id='line_1_2' title="bbox 37 268 1740 330; baseline 0.001 -15"><span class='ocrx_word' id='word_1_5' title='bbox 37 283 75 315; x_wconf 75' lang='lat' dir='ltr'>A,</span> <span class='ocrx_word' id='word_1_6' title='bbox 95 280 247 318; x_wconf 84' lang='lat' dir='ltr'><strong>M..6859</strong></span> <span class='ocrx_word' id='word_1_7' title='bbox 257 290 352 319; x_wconf 86' lang='grc' dir='ltr'><strong><em>νειν.</em></strong></span> <span class='ocrx_word' id='word_1_8' title='bbox 391 271 530 329; x_wconf 70' lang='grc' dir='ltr'><strong><em>ἐπειδὴ</em></strong></span> <span class='ocrx_word' id='word_1_9' title='bbox 550 271 628 330; x_wconf 76' lang='grc' dir='ltr'><strong><em>γὰρ</em></strong></span> <span class='ocrx_word' id='word_1_10' title='bbox 651 270 727 327; x_wconf 73' lang='grc' dir='ltr'><strong><em>οὔχ</em></strong></span> <span class='ocrx_word' id='word_1_11' title='bbox 743 268 896 327; x_wconf 73' lang='grc' dir='ltr'><strong><em>ἥκομεν</em></strong></span> <span class='ocrx_word' id='word_1_12' title='bbox 924 271 1165 326; x_wconf 75' lang='grc' dir='ltr'><strong><em>ἐθελονταὶ,</em></strong></span> <span class='ocrx_word' id='word_1_13' title='bbox 1204 270 1300 315; x_wconf 78' lang='grc' dir='ltr'><strong><em>ἀλλ’</em></strong></span> <span class='ocrx_word' id='word_1_14' title='bbox 1325 270 1517 329; x_wconf 77' lang='grc' dir='ltr'><strong><em>ἤχθημεν</em></strong></span> <span class='ocrx_word' id='word_1_15' title='bbox 1549 271 1598 316; x_wconf 79' lang='grc' dir='ltr'><strong><em>οὗ</em></strong></span> <span class='ocrx_word' id='word_1_16' title='bbox 1625 270 1740 329; x_wconf 82' lang='grc' dir='ltr'><strong><em>μάλα</em></strong></span> 
     </span>
     <span class='ocr_line' id='line_1_3' title="bbox 91 328 1739 399; baseline 0 -13"><span class='ocrx_word' id='word_1_17' title='bbox 91 328 199 365; x_wconf 57' lang='grc' dir='ltr'>1“α“4</span> <span class='ocrx_word' id='word_1_18' title='bbox 259 344 499 396; x_wconf 74' lang='grc' dir='ltr'><strong><em>ἕθελονταὶ,</em></strong></span> <span class='ocrx_word' id='word_1_19' title='bbox 532 343 601 386; x_wconf 86' lang='grc' dir='ltr'><strong><em>καὶ</em></strong></span> <span class='ocrx_word' id='word_1_20' title='bbox 619 338 731 397; x_wconf 71' lang='grc' dir='ltr'><strong><em>ἡμᾶς</em></strong></span> <span class='ocrx_word' id='word_1_21' title='bbox 749 339 905 398; x_wconf 78' lang='grc' dir='ltr'><em>ἀνάγκη</em></span> <span class='ocrx_word' id='word_1_22' title='bbox 932 341 1006 386; x_wconf 83' lang='grc' dir='ltr'>τὸν</span> <span class='ocrx_word' id='word_1_23' title='bbox 1034 346 1110 386; x_wconf 77' lang='grc' dir='ltr'>τοῦ</span> <span class='ocrx_word' id='word_1_24' title='bbox 1133 338 1257 399; x_wconf 80' lang='grc' dir='ltr'><strong><em>λόγου</em></strong></span> <span class='ocrx_word' id='word_1_25' title='bbox 1287 339 1443 398; x_wconf 86' lang='grc' dir='ltr'><strong><em>δρόμον</em></strong></span> <span class='ocrx_word' id='word_1_26' title='bbox 1470 339 1652 396; x_wconf 79' lang='grc' dir='ltr'><strong><em>ῗθύνειν,</em></strong></span> <span class='ocrx_word' id='word_1_27' title='bbox 1691 343 1739 386; x_wconf 83' lang='grc' dir='ltr'><strong><em>οὗ</em></strong></span> 
     </span>
     <span class='ocr_line' id='line_1_4' title="bbox 258 408 1739 471; baseline -0.001 -15"><span class='ocrx_word' id='word_1_28' title='bbox 258 411 365 471; x_wconf 80' lang='grc' dir='ltr'><strong><em>πρὸς</em></strong></span> <span class='ocrx_word' id='word_1_29' title='bbox 395 411 424 455; x_wconf 74' lang='grc' dir='ltr'>ἃ</span> <span class='ocrx_word' id='word_1_30' title='bbox 455 411 503 455; x_wconf 85' lang='grc' dir='ltr'><strong><em>τὸ</em></strong></span> <span class='ocrx_word' id='word_1_31' title='bbox 532 408 787 467; x_wconf 80' lang='grc' dir='ltr'><strong><em>βουλόμενον</em></strong></span> <span class='ocrx_word' id='word_1_32' title='bbox 819 408 918 467; x_wconf 75' lang='grc' dir='ltr'><strong><em>ἡμῖν</em></strong></span> <span class='ocrx_word' id='word_1_33' title='bbox 952 409 1191 470; x_wconf 63' lang='grc' dir='ltr'><strong><em>ὑφηγεῖται,</em></strong></span> <span class='ocrx_word' id='word_1_34' title='bbox 1231 411 1338 455; x_wconf 77' lang='grc' dir='ltr'><strong><em>ἀλλὰ</em></strong></span> <span class='ocrx_word' id='word_1_35' title='bbox 1368 411 1473 468; x_wconf 86' lang='grc' dir='ltr'><strong><em>πρὸς</em></strong></span> <span class='ocrx_word' id='word_1_36' title='bbox 1501 409 1604 468; x_wconf 77' lang='grc' dir='ltr'><strong><em>ἅπερ</em></strong></span> <span class='ocrx_word' id='word_1_37' title='bbox 1632 410 1658 468; x_wconf 78' lang='grc' dir='ltr'><strong><em>ἦ</em></strong></span> <span class='ocrx_word' id='word_1_38' title='bbox 1690 412 1739 455; x_wconf 80' lang='grc' dir='ltr'><strong><em>τὸ</em></strong></span> 
     </span>
     <span class='ocr_line' id='line_1_5' title="bbox 220 478 1740 540; baseline 0 -16"><span class='ocrx_word' id='word_1_39' title='bbox 220 479 414 540; x_wconf 79' lang='grc' dir='ltr'><strong><em>Βκράτος</em></strong></span> <span class='ocrx_word' id='word_1_40' title='bbox 433 480 584 537; x_wconf 66' lang='grc' dir='ltr'><strong><em>ἔχουσα</em></strong></span> <span class='ocrx_word' id='word_1_41' title='bbox 600 482 689 538; x_wconf 80' lang='grc' dir='ltr'><strong><em>χεὶρ</em></strong></span> <span class='ocrx_word' id='word_1_42' title='bbox 709 481 778 524; x_wconf 85' lang='grc' dir='ltr'><strong><em>καὶ</em></strong></span> <span class='ocrx_word' id='word_1_43' title='bbox 800 484 969 537; x_wconf 84' lang='grc' dir='ltr'><strong><em>γλῶττα·</em></strong></span> <span class='ocrx_word' id='word_1_44' title='bbox 980 479 1164 535; x_wconf 78' lang='grc' dir='ltr'><strong><em>βιάζεται</em></strong></span> <span class='ocrx_word' id='word_1_45' title='bbox 1175 514 1189 535; x_wconf 97' lang='grc'><strong><em>,</em></strong></span> <span class='ocrx_word' id='word_1_46' title='bbox 1220 483 1288 524; x_wconf 82' lang='grc' dir='ltr'><strong><em>καὶ</em></strong></span> <span class='ocrx_word' id='word_1_47' title='bbox 1310 478 1502 525; x_wconf 74' lang='grc' dir='ltr'><strong><em>δεικνύειν</em></strong></span> <span class='ocrx_word' id='word_1_48' title='bbox 1520 481 1639 538; x_wconf 87' lang='grc' dir='ltr'><strong><em>μέχρι</em></strong></span> <span class='ocrx_word' id='word_1_49' title='bbox 1659 485 1740 525; x_wconf 78' lang='grc' dir='ltr'><strong><em>ποῦ</em></strong></span> 
     </span>
     <span class='ocr_line' id='line_1_6' title="bbox 256 548 1769 609; baseline -0.001 -15"><span class='ocrx_word' id='word_1_50' title='bbox 256 555 497 606; x_wconf 80' lang='grc' dir='ltr'><strong><em>βασιλεῦσιν</em></strong></span> <span class='ocrx_word' id='word_1_51' title='bbox 513 548 689 594; x_wconf 80' lang='grc' dir='ltr'><strong><em>ὖπείκειν</em></strong></span> <span class='ocrx_word' id='word_1_52' title='bbox 707 550 841 608; x_wconf 79' lang='grc' dir='ltr'><strong><em>χρεών</em></strong></span> <span class='ocrx_word' id='word_1_53' title='bbox 871 551 938 595; x_wconf 80' lang='grc' dir='ltr'>καὶ</span> <span class='ocrx_word' id='word_1_54' title='bbox 959 551 1078 608; x_wconf 87' lang='grc' dir='ltr'><strong><em>μέχρι</em></strong></span> <span class='ocrx_word' id='word_1_55' title='bbox 1096 554 1176 594; x_wconf 82' lang='grc' dir='ltr'><strong><em>ποῦ’</em></strong></span> <span class='ocrx_word' id='word_1_56' title='bbox 1202 550 1261 607; x_wconf 86' lang='grc' dir='ltr'>μὴ</span> <span class='ocrx_word' id='word_1_57' title='bbox 1283 548 1428 609; x_wconf 81' lang='grc' dir='ltr'><strong><em>χρεών.</em></strong></span> <span class='ocrx_word' id='word_1_58' title='bbox 1495 548 1544 594; x_wconf 88' lang='lat' dir='ltr'>‘O</span> <span class='ocrx_word' id='word_1_59' title='bbox 1564 548 1644 608; x_wconf 79' lang='grc' dir='ltr'><strong><em>γάρ</em></strong></span> <span class='ocrx_word' id='word_1_60' title='bbox 1675 557 1769 594; x_wconf 86' lang='grc' dir='ltr'><strong><em>τοι5</em></strong></span> 
     </span>
     <span class='ocr_line' id='line_1_7' title="bbox 258 617 1771 678; baseline -0.001 -14"><span class='ocrx_word' id='word_1_61' title='bbox 258 620 390 678; x_wconf 83' lang='grc' dir='ltr'><strong><em>σοφὸς</em></strong></span> <span class='ocrx_word' id='word_1_62' title='bbox 413 624 641 676; x_wconf 80' lang='grc' dir='ltr'><strong><em>Σολομῶν,</em></strong></span> <span class='ocrx_word' id='word_1_63' title='bbox 678 621 775 678; x_wconf 86' lang='grc' dir='ltr'><strong><em>τρία</em></strong></span> <span class='ocrx_word' id='word_1_64' title='bbox 803 617 943 678; x_wconf 78' lang='grc' dir='ltr'><strong><em>φήσας</em></strong></span> <span class='ocrx_word' id='word_1_65' title='bbox 967 618 1164 678; x_wconf 67' lang='grc' dir='ltr'><strong><em>ὑπάρχειν</em></strong></span> <span class='ocrx_word' id='word_1_66' title='bbox 1175 653 1189 674; x_wconf 99' lang='grc'><strong><em>,</em></strong></span> <span class='ocrx_word' id='word_1_67' title='bbox 1229 617 1290 671; x_wconf 71' lang='grc' dir='ltr'>οἷς</span> <span class='ocrx_word' id='word_1_68' title='bbox 1320 618 1474 671; x_wconf 83' lang='grc' dir='ltr'><strong><em>εὐόδως</em></strong></span> <span class='ocrx_word' id='word_1_69' title='bbox 1504 619 1634 664; x_wconf 65' lang='grc' dir='ltr'><strong><em>ἔνεστι</em></strong></span> <span class='ocrx_word' id='word_1_70' title='bbox 1664 638 1743 664; x_wconf 76' lang='grc' dir='ltr'><strong><em>πο·</em></strong></span> <span class='ocrx_word' id='word_1_71' title='bbox 1769 647 1771 650; x_wconf 91' lang='grc'>-</span> 
     </span>
     <span class='ocr_line' id='line_1_8' title="bbox 259 687 1743 748; baseline 0 -15"><span class='ocrx_word' id='word_1_72' title='bbox 259 688 473 748; x_wconf 80' lang='grc' dir='ltr'><strong><em>ρεύεσθαι,</em></strong></span> <span class='ocrx_word' id='word_1_73' title='bbox 496 691 565 734; x_wconf 86' lang='grc' dir='ltr'><strong><em>καὶ</em></strong></span> <span class='ocrx_word' id='word_1_74' title='bbox 586 689 634 733; x_wconf 83' lang='grc' dir='ltr'><strong><em>τὸ</em></strong></span> <span class='ocrx_word' id='word_1_75' title='bbox 654 689 876 748; x_wconf 77' lang='grc' dir='ltr'><strong><em>τέταρτον,</em></strong></span> <span class='ocrx_word' id='word_1_76' title='bbox 902 689 925 734; x_wconf 79' lang='grc' dir='ltr'>ὃ</span> <span class='ocrx_word' id='word_1_77' title='bbox 945 695 1082 740; x_wconf 83' lang='grc' dir='ltr'><strong><em>καλῶς</em></strong></span> <span class='ocrx_word' id='word_1_78' title='bbox 1105 691 1321 745; x_wconf 76' lang='grc' dir='ltr'><strong><em>διαβαίνει,</em></strong></span> <span class='ocrx_word' id='word_1_79' title='bbox 1348 690 1468 734; x_wconf 68' lang='grc' dir='ltr'><strong><em>τοῦτ’</em></strong></span> <span class='ocrx_word' id='word_1_80' title='bbox 1492 687 1593 733; x_wconf 76' lang='grc' dir='ltr'><strong><em>εἶναι</em></strong></span> <span class='ocrx_word' id='word_1_81' title='bbox 1617 694 1743 746; x_wconf 67' lang='grc' dir='ltr'><strong><em>βασι-ο</em></strong></span> 
     </span>
     <span class='ocr_line' id='line_1_9' title="bbox 258 757 1743 818; baseline -0.001 -15"><span class='ocrx_word' id='word_1_82' title='bbox 258 760 332 803; x_wconf 87' lang='grc' dir='ltr'><strong><em>λέα</em></strong></span> <span class='ocrx_word' id='word_1_83' title='bbox 351 759 457 813; x_wconf 82' lang='grc' dir='ltr'><strong><em>πρὸς</em></strong></span> <span class='ocrx_word' id='word_1_84' title='bbox 476 757 687 815; x_wconf 73' lang='grc' dir='ltr'><strong><em>ὑπηκόους</em></strong></span> <span class='ocrx_word' id='word_1_85' title='bbox 705 761 1024 817; x_wconf 75' lang='grc' dir='ltr'><strong><em>δημηγοροῦντα</em></strong></span> <span class='ocrx_word' id='word_1_86' title='bbox 1048 758 1301 818; x_wconf 73' lang='grc' dir='ltr'><strong><em>ἀπεφήνατο.</em></strong></span> <span class='ocrx_word' id='word_1_87' title='bbox 1362 758 1441 804; x_wconf 82' lang='grc' dir='ltr'>ὅσα</span> <span class='ocrx_word' id='word_1_88' title='bbox 1467 759 1547 817; x_wconf 80' lang='grc' dir='ltr'><strong><em>γὰρ</em></strong></span> <span class='ocrx_word' id='word_1_89' title='bbox 1570 758 1620 803; x_wconf 78' lang='grc' dir='ltr'><strong><em>ἂν</em></strong></span> <span class='ocrx_word' id='word_1_90' title='bbox 1646 760 1743 803; x_wconf 74' lang='grc' dir='ltr'><strong><em>ἐθέ-</em></strong></span> 
     </span>
     <span class='ocr_line' id='line_1_10' title="bbox 258 827 1742 887; baseline 0 -15"><span class='ocrx_word' id='word_1_91' title='bbox 258 833 324 873; x_wconf 86' lang='grc' dir='ltr'>λοι</span> <span class='ocrx_word' id='word_1_92' title='bbox 353 829 477 887; x_wconf 81' lang='grc' dir='ltr'><strong><em>λέγειν</em></strong></span> <span class='ocrx_word' id='word_1_93' title='bbox 504 830 573 873; x_wconf 86' lang='grc' dir='ltr'><strong><em>καὶ</em></strong></span> <span class='ocrx_word' id='word_1_94' title='bbox 599 827 668 873; x_wconf 79' lang='grc' dir='ltr'><strong><em>οἷα</em></strong></span> <span class='ocrx_word' id='word_1_95' title='bbox 696 831 766 873; x_wconf 81' lang='grc' dir='ltr'><strong><em>καὶ</em></strong></span> <span class='ocrx_word' id='word_1_96' title='bbox 801 828 869 874; x_wconf 84' lang='grc' dir='ltr'>ὅτε</span> <span class='ocrx_word' id='word_1_97' title='bbox 899 831 966 873; x_wconf 81' lang='grc' dir='ltr'><strong><em>καὶ</em></strong></span> <span class='ocrx_word' id='word_1_98' title='bbox 996 828 1100 875; x_wconf 84' lang='grc' dir='ltr'><strong><em>ὅπου</em></strong></span> <span class='ocrx_word' id='word_1_99' title='bbox 1133 831 1200 872; x_wconf 84' lang='grc' dir='ltr'><strong><em>καὶ</em></strong></span> <span class='ocrx_word' id='word_1_100' title='bbox 1229 829 1333 887; x_wconf 83' lang='grc' dir='ltr'><strong><em>πρὸς</em></strong></span> <span class='ocrx_word' id='word_1_101' title='bbox 1363 831 1475 879; x_wconf 73' lang='grc' dir='ltr'><strong><em>οἵους</em></strong></span> <span class='ocrx_word' id='word_1_102' title='bbox 1508 831 1575 872; x_wconf 88' lang='grc' dir='ltr'><strong><em>καὶ</em></strong></span> <span class='ocrx_word' id='word_1_103' title='bbox 1603 828 1742 882; x_wconf 81' lang='grc' dir='ltr'><strong><em>ὅσους,</em></strong></span> 
     </span>
     <span class='ocr_line' id='line_1_11' title="bbox 254 897 1794 960; baseline -0.001 -18"><span class='ocrx_word' id='word_1_104' title='bbox 254 899 398 960; x_wconf 78' lang='grc' dir='ltr'><strong><em>χρείας</em></strong></span> <span class='ocrx_word' id='word_1_105' title='bbox 425 899 696 958; x_wconf 78' lang='grc' dir='ltr'><strong><em>ἔφεστηκυίας</em></strong></span> <span class='ocrx_word' id='word_1_106' title='bbox 718 897 964 956; x_wconf 76' lang='grc' dir='ltr'><strong><em>ἦστινοσοῦν</em></strong></span> <span class='ocrx_word' id='word_1_107' title='bbox 978 933 992 954; x_wconf 93' lang='grc'><strong><em>,</em></strong></span> <span class='ocrx_word' id='word_1_108' title='bbox 1029 897 1184 950; x_wconf 83' lang='grc' dir='ltr'><strong><em>εὖόδως</em></strong></span> <span class='ocrx_word' id='word_1_109' title='bbox 1213 898 1363 942; x_wconf 77' lang='grc' dir='ltr'><strong><em>ἅπαντ’</em></strong></span> <span class='ocrx_word' id='word_1_110' title='bbox 1398 900 1555 950; x_wconf 75' lang='grc' dir='ltr'><strong><em>ἐξέσται</em></strong></span> <span class='ocrx_word' id='word_1_111' title='bbox 1582 904 1794 954; x_wconf 75' lang='grc' dir='ltr'><strong><em>βασιλεΐΙΟ</em></strong></span> 
     </span>
     <span class='ocr_line' id='line_1_12' title="bbox 218 967 1743 1029; baseline 0.001 -18"><span class='ocrx_word' id='word_1_112' title='bbox 218 972 457 1029; x_wconf 70' lang='grc' dir='ltr'><strong><em>Εμελετᾷν,</em></strong></span> <span class='ocrx_word' id='word_1_113' title='bbox 492 968 564 1026; x_wconf 70' lang='grc' dir='ltr'>ἐφ’</span> <span class='ocrx_word' id='word_1_114' title='bbox 593 968 692 1012; x_wconf 82' lang='grc' dir='ltr'><strong><em>ὅσον</em></strong></span> <span class='ocrx_word' id='word_1_115' title='bbox 709 986 752 1013; x_wconf 81' lang='grc' dir='ltr'>τε</span> <span class='ocrx_word' id='word_1_116' title='bbox 771 971 839 1013; x_wconf 84' lang='grc' dir='ltr'><strong><em>καὶ</em></strong></span> <span class='ocrx_word' id='word_1_117' title='bbox 862 968 974 1019; x_wconf 77' lang='grc' dir='ltr'><strong><em>ὅπως</em></strong></span> <span class='ocrx_word' id='word_1_118' title='bbox 993 967 1044 1013; x_wconf 77' lang='grc' dir='ltr'><strong><em>ἂν</em></strong></span> <span class='ocrx_word' id='word_1_119' title='bbox 1067 970 1204 1012; x_wconf 82' lang='grc' dir='ltr'><strong><em>ε’θέλοι</em></strong></span> <span class='ocrx_word' id='word_1_120' title='bbox 1218 1003 1230 1022; x_wconf 95' lang='grc'><strong><em>,</em></strong></span> <span class='ocrx_word' id='word_1_121' title='bbox 1268 970 1364 1023; x_wconf 83' lang='grc' dir='ltr'><strong><em>πρὶν</em></strong></span> <span class='ocrx_word' id='word_1_122' title='bbox 1386 969 1649 1026; x_wconf 75' lang='grc' dir='ltr'><strong><em>ἐφεστηκέναι</em></strong></span> <span class='ocrx_word' id='word_1_123' title='bbox 1667 968 1743 1025; x_wconf 81' lang='grc' dir='ltr'>τὴν</span> 
     </span>
     <span class='ocr_line' id='line_1_13' title="bbox 256 1034 1739 1098; baseline 0 -17"><span class='ocrx_word' id='word_1_124' title='bbox 256 1040 422 1098; x_wconf 84' lang='grc' dir='ltr'><strong><em>χρείαν·</em></strong></span> <span class='ocrx_word' id='word_1_125' title='bbox 459 1043 647 1084; x_wconf 83' lang='grc' dir='ltr'><strong><em>τοσαῦτα</em></strong></span> <span class='ocrx_word' id='word_1_126' title='bbox 667 1038 709 1082; x_wconf 76' lang='grc' dir='ltr'>δ’</span> <span class='ocrx_word' id='word_1_127' title='bbox 736 1034 789 1082; x_wconf 75' lang='grc' dir='ltr'>αὖ</span> <span class='ocrx_word' id='word_1_128' title='bbox 811 1044 887 1095; x_wconf 80' lang='grc' dir='ltr'>τῆς</span> <span class='ocrx_word' id='word_1_129' title='bbox 904 1040 1042 1096; x_wconf 87' lang='grc' dir='ltr'><strong><em>χρειάς</em></strong></span> <span class='ocrx_word' id='word_1_130' title='bbox 1063 1037 1264 1094; x_wconf 74' lang='grc' dir='ltr'><strong><em>ἐνστάσης</em></strong></span> <span class='ocrx_word' id='word_1_131' title='bbox 1290 1040 1358 1081; x_wconf 83' lang='grc' dir='ltr'><strong><em>καὶ</em></strong></span> <span class='ocrx_word' id='word_1_132' title='bbox 1387 1042 1561 1082; x_wconf 79' lang='grc' dir='ltr'><strong><em>τοιαῦτα</em></strong></span> <span class='ocrx_word' id='word_1_133' title='bbox 1581 1039 1739 1092; x_wconf 77' lang='grc' dir='ltr'><strong><em>λέξειεν,</em></strong></span> 
     </span>
     <span class='ocr_line' id='line_1_14' title="bbox 263 1107 1744 1167; baseline -0.001 -15"><span class='ocrx_word' id='word_1_134' title='bbox 263 1107 343 1152; x_wconf 83' lang='grc' dir='ltr'>ὅσα</span> <span class='ocrx_word' id='word_1_135' title='bbox 368 1107 420 1163; x_wconf 83' lang='grc' dir='ltr'>δὴ</span> <span class='ocrx_word' id='word_1_136' title='bbox 444 1108 712 1165; x_wconf 81' lang='grc' dir='ltr'><strong><em>μεμελέτηκε,</em></strong></span> <span class='ocrx_word' id='word_1_137' title='bbox 752 1107 920 1152; x_wconf 79' lang='grc' dir='ltr'><strong><em>κωλύειν</em></strong></span> <span class='ocrx_word' id='word_1_138' title='bbox 939 1109 1015 1165; x_wconf 75' lang='grc' dir='ltr'><strong><em>μὲν</em></strong></span> <span class='ocrx_word' id='word_1_139' title='bbox 1041 1107 1190 1164; x_wconf 73' lang='grc' dir='ltr'><strong><em>ἣκιστα</em></strong></span> <span class='ocrx_word' id='word_1_140' title='bbox 1221 1108 1449 1164; x_wconf 79' lang='grc' dir='ltr'><strong><em>δυναμένου</em></strong></span> <span class='ocrx_word' id='word_1_141' title='bbox 1478 1112 1562 1151; x_wconf 81' lang='grc' dir='ltr'>τῶν</span> <span class='ocrx_word' id='word_1_142' title='bbox 1586 1108 1744 1167; x_wconf 78' lang='grc' dir='ltr'><strong><em>ἀκροα-</em></strong></span> 
     </span>
     <span class='ocr_line' id='line_1_15' title="bbox 258 1175 1744 1234; baseline -0.001 -13"><span class='ocrx_word' id='word_1_143' title='bbox 258 1181 345 1224; x_wconf 81' lang='grc' dir='ltr'><strong><em>τῶν</em></strong></span> <span class='ocrx_word' id='word_1_144' title='bbox 380 1177 569 1230; x_wconf 75' lang='grc' dir='ltr'><strong><em>οὐδενὸς,</em></strong></span> <span class='ocrx_word' id='word_1_145' title='bbox 611 1176 936 1234; x_wconf 76' lang='grc' dir='ltr'><strong><em>ἐπικροτούντων</em></strong></span> <span class='ocrx_word' id='word_1_146' title='bbox 966 1179 1010 1221; x_wconf 78' lang='grc' dir='ltr'>δὲ</span> <span class='ocrx_word' id='word_1_147' title='bbox 1039 1176 1232 1222; x_wconf 79' lang='grc' dir='ltr'><strong><em>ἁπάντων</em></strong></span> <span class='ocrx_word' id='word_1_148' title='bbox 1252 1185 1338 1228; x_wconf 76' lang='grc' dir='ltr'><strong><em>τοῖς</em></strong></span> <span class='ocrx_word' id='word_1_149' title='bbox 1366 1177 1512 1233; x_wconf 73' lang='grc' dir='ltr'><strong><em>ὕμνοις</em></strong></span> <span class='ocrx_word' id='word_1_150' title='bbox 1540 1175 1645 1232; x_wconf 82' lang='grc' dir='ltr'><strong><em>ὃμοῢ</em></strong></span> <span class='ocrx_word' id='word_1_151' title='bbox 1675 1179 1744 1220; x_wconf 85' lang='grc' dir='ltr'><strong><em>καὶ</em></strong></span> 
     </span>
     <span class='ocr_line' id='line_1_16' title="bbox 261 1244 1794 1307; baseline 0.001 -17"><span class='ocrx_word' id='word_1_152' title='bbox 261 1244 348 1291; x_wconf 81' lang='grc' dir='ltr'><strong><em>οἷον</em></strong></span> <span class='ocrx_word' id='word_1_153' title='bbox 365 1245 658 1304; x_wconf 79' lang='grc' dir='ltr'><strong><em>ἁμιλλωμένων</em></strong></span> <span class='ocrx_word' id='word_1_154' title='bbox 676 1250 838 1307; x_wconf 81' lang='grc' dir='ltr'><strong><em>σπουδῇ</em></strong></span> <span class='ocrx_word' id='word_1_155' title='bbox 859 1248 963 1305; x_wconf 80' lang='grc' dir='ltr'><strong><em>πρὸς</em></strong></span> <span class='ocrx_word' id='word_1_156' title='bbox 984 1245 1210 1304; x_wconf 74' lang='grc' dir='ltr'><strong><em>ἀλλήλους,</em></strong></span> <span class='ocrx_word' id='word_1_157' title='bbox 1250 1246 1295 1297; x_wconf 80' lang='grc' dir='ltr'><strong><em>ὃς</em></strong></span> <span class='ocrx_word' id='word_1_158' title='bbox 1316 1247 1366 1290; x_wconf 81' lang='grc' dir='ltr'><strong><em>ἂν</em></strong></span> <span class='ocrx_word' id='word_1_159' title='bbox 1393 1245 1633 1304; x_wconf 80' lang='grc' dir='ltr'><strong><em>παρελάσειε</em></strong></span> <span class='ocrx_word' id='word_1_160' title='bbox 1651 1254 1743 1298; x_wconf 76' lang='grc' dir='ltr'><strong><em>ταῖς</em></strong></span> <span class='ocrx_word' id='word_1_161' title='bbox 1756 1257 1794 1293; x_wconf 83' lang='grc'>15</span> 
     </span>
     <span class='ocr_line' id='line_1_17' title="bbox 261 1315 1743 1374; baseline -0.002 -11"><span class='ocrx_word' id='word_1_162' title='bbox 261 1317 491 1367; x_wconf 81' lang='grc' dir='ltr'><strong><em>κολακείαις</em></strong></span> <span class='ocrx_word' id='word_1_163' title='bbox 511 1317 610 1368; x_wconf 77' lang='grc' dir='ltr'><strong><em>τοὺς</em></strong></span> <span class='ocrx_word' id='word_1_164' title='bbox 630 1316 794 1368; x_wconf 79' lang='grc' dir='ltr'><strong><em>ἄλλους.</em></strong></span> <span class='ocrx_word' id='word_1_165' title='bbox 851 1321 1076 1374; x_wconf 76' lang='grc' dir='ltr'><strong><em>τηνικαῦτα</em></strong></span> <span class='ocrx_word' id='word_1_166' title='bbox 1098 1317 1178 1374; x_wconf 80' lang='grc' dir='ltr'><strong><em>γὰρ</em></strong></span> <span class='ocrx_word' id='word_1_167' title='bbox 1208 1319 1276 1359; x_wconf 88' lang='grc' dir='ltr'><strong><em>καὶ</em></strong></span> <span class='ocrx_word' id='word_1_168' title='bbox 1299 1315 1548 1373; x_wconf 74' lang='grc' dir='ltr'><strong><em>εὗροώτερός</em></strong></span> <span class='ocrx_word' id='word_1_169' title='bbox 1573 1334 1636 1367; x_wconf 85' lang='grc' dir='ltr'>τις</span> <span class='ocrx_word' id='word_1_170' title='bbox 1665 1317 1743 1360; x_wconf 81' lang='grc' dir='ltr'><strong><em>αὗ·-</em></strong></span> 
     </span>
     <span class='ocr_line' id='line_1_18' title="bbox 260 1385 1741 1444; baseline 0 -14"><span class='ocrx_word' id='word_1_171' title='bbox 260 1386 334 1436; x_wconf 83' lang='grc' dir='ltr'>τὸς</span> <span class='ocrx_word' id='word_1_172' title='bbox 353 1385 504 1430; x_wconf 73' lang='grc' dir='ltr'><strong><em>ἑαυτοῦ</em></strong></span> <span class='ocrx_word' id='word_1_173' title='bbox 533 1387 684 1443; x_wconf 81' lang='grc' dir='ltr'><strong><em>γίνεται</em></strong></span> <span class='ocrx_word' id='word_1_174' title='bbox 705 1389 773 1430; x_wconf 83' lang='grc' dir='ltr'><strong><em>καὶ</em></strong></span> <span class='ocrx_word' id='word_1_175' title='bbox 794 1387 892 1438; x_wconf 75' lang='grc' dir='ltr'><strong><em>τοὺς</em></strong></span> <span class='ocrx_word' id='word_1_176' title='bbox 913 1386 1128 1444; x_wconf 73' lang='grc' dir='ltr'><strong><em>ἀντιλέγειν</em></strong></span> <span class='ocrx_word' id='word_1_177' title='bbox 1157 1386 1379 1437; x_wconf 76' lang='grc' dir='ltr'><strong><em>ἐθέλοντας</em></strong></span> <span class='ocrx_word' id='word_1_178' title='bbox 1393 1420 1406 1439; x_wconf 92' lang='grc'><strong><em>,</em></strong></span> <span class='ocrx_word' id='word_1_179' title='bbox 1450 1386 1492 1430; x_wconf 76' lang='grc' dir='ltr'>εἴ</span> <span class='ocrx_word' id='word_1_180' title='bbox 1508 1386 1613 1437; x_wconf 87' lang='grc' dir='ltr'><strong><em>τινές</em></strong></span> <span class='ocrx_word' id='word_1_181' title='bbox 1641 1385 1741 1430; x_wconf 81' lang='grc' dir='ltr'><strong><em>ποτ’</em></strong></span> 
     </span>
     <span class='ocr_line' id='line_1_19' title="bbox 225 1451 1744 1515; baseline -0.001 -16"><span class='ocrx_word' id='word_1_182' title='bbox 225 1465 255 1499; x_wconf 65' lang='lat'>1⁴*</span> <span class='ocrx_word' id='word_1_183' title='bbox 266 1455 338 1513; x_wconf 71' lang='grc' dir='ltr'><strong><em>ἄρ’</em></strong></span> <span class='ocrx_word' id='word_1_184' title='bbox 362 1453 437 1499; x_wconf 79' lang='grc' dir='ltr'><strong><em>εἷεν</em></strong></span> <span class='ocrx_word' id='word_1_185' title='bbox 450 1489 464 1509; x_wconf 92' lang='grc'><strong><em>,</em></strong></span> <span class='ocrx_word' id='word_1_186' title='bbox 505 1453 562 1506; x_wconf 81' lang='grc' dir='ltr'><strong><em>ὥς</em></strong></span> <span class='ocrx_word' id='word_1_187' title='bbox 581 1456 760 1512; x_wconf 81' lang='grc' dir='ltr'><strong><em>ἀμαθεῖς</em></strong></span> <span class='ocrx_word' id='word_1_188' title='bbox 780 1457 1024 1515; x_wconf 82' lang='grc' dir='ltr'><strong><em>παρατρέχει</em></strong></span> <span class='ocrx_word' id='word_1_189' title='bbox 1038 1470 1049 1484; x_wconf 84' lang='grc'><em>·</em></span> <span class='ocrx_word' id='word_1_190' title='bbox 1084 1455 1162 1500; x_wconf 75' lang='grc' dir='ltr'><strong><em>κᾶν</em></strong></span> <span class='ocrx_word' id='word_1_191' title='bbox 1182 1454 1410 1514; x_wconf 77' lang='grc' dir='ltr'><strong><em>Σωκράτης</em></strong></span> <span class='ocrx_word' id='word_1_192' title='bbox 1430 1451 1480 1514; x_wconf 77' lang='grc' dir='ltr'>ᾖ,</span> <span class='ocrx_word' id='word_1_193' title='bbox 1520 1454 1596 1498; x_wconf 74' lang='grc' dir='ltr'><strong><em>κᾶν</em></strong></span> <span class='ocrx_word' id='word_1_194' title='bbox 1618 1454 1744 1500; x_wconf 78' lang='grc' dir='ltr'><strong><em>Πλά-</em></strong></span> 
     </span>
     <span class='ocr_line' id='line_1_20' title="bbox 260 1523 1741 1584; baseline -0.001 -15"><span class='ocrx_word' id='word_1_195' title='bbox 260 1542 369 1579; x_wconf 79' lang='grc' dir='ltr'><strong><em>των,</em></strong></span> <span class='ocrx_word' id='word_1_196' title='bbox 408 1523 486 1568; x_wconf 75' lang='grc' dir='ltr'><strong><em>κᾶν</em></strong></span> <span class='ocrx_word' id='word_1_197' title='bbox 511 1523 800 1584; x_wconf 77' lang='grc' dir='ltr'><strong><em>Πυθαγόρας,</em></strong></span> <span class='ocrx_word' id='word_1_198' title='bbox 838 1527 968 1582; x_wconf 77' lang='grc' dir='ltr'><strong><em>μηδὲν</em></strong></span> <span class='ocrx_word' id='word_1_199' title='bbox 1002 1524 1102 1569; x_wconf 80' lang='grc' dir='ltr'><strong><em>εἶναι</em></strong></span> <span class='ocrx_word' id='word_1_200' title='bbox 1140 1530 1224 1569; x_wconf 84' lang='grc' dir='ltr'>τῶν</span> <span class='ocrx_word' id='word_1_201' title='bbox 1259 1523 1426 1568; x_wconf 83' lang='grc' dir='ltr'><strong><em>πάντων</em></strong></span> <span class='ocrx_word' id='word_1_202' title='bbox 1462 1525 1605 1578; x_wconf 77' lang='grc' dir='ltr'><strong><em>οὐδὲν,</em></strong></span> <span class='ocrx_word' id='word_1_203' title='bbox 1642 1525 1741 1581; x_wconf 83' lang='grc' dir='ltr'><strong><em>ὅπερ</em></strong></span> 
     </span>
     <span class='ocr_line' id='line_1_21' title="bbox 262 1593 1794 1657; baseline -0.001 -18"><span class='ocrx_word' id='word_1_204' title='bbox 262 1593 316 1639; x_wconf 73' lang='grc' dir='ltr'><strong><em>ἂν</em></strong></span> <span class='ocrx_word' id='word_1_205' title='bbox 346 1595 388 1637; x_wconf 80' lang='grc' dir='ltr'><strong><em>ἒν</em></strong></span> <span class='ocrx_word' id='word_1_206' title='bbox 415 1594 562 1652; x_wconf 82' lang='grc' dir='ltr'><strong><em>Καρὸς</em></strong></span> <span class='ocrx_word' id='word_1_207' title='bbox 584 1594 686 1639; x_wconf 78' lang='grc' dir='ltr'><strong><em>εἶναι</em></strong></span> <span class='ocrx_word' id='word_1_208' title='bbox 715 1594 881 1653; x_wconf 79' lang='grc' dir='ltr'><strong><em>κωλύσῃ</em></strong></span> <span class='ocrx_word' id='word_1_209' title='bbox 905 1597 1034 1657; x_wconf 70' lang='grc' dir='ltr'><strong><em>μοι’ρα</em></strong></span> <span class='ocrx_word' id='word_1_210' title='bbox 1064 1593 1266 1651; x_wconf 79' lang='grc' dir='ltr'><strong><em>τετάχθαι</em></strong></span> <span class='ocrx_word' id='word_1_211' title='bbox 1288 1595 1361 1638; x_wconf 81' lang='grc' dir='ltr'>τὸν</span> <span class='ocrx_word' id='word_1_212' title='bbox 1387 1597 1593 1651; x_wconf 84' lang='grc' dir='ltr'><strong><em>δυστυχῆ·</em></strong></span> <span class='ocrx_word' id='word_1_213' title='bbox 1633 1594 1739 1638; x_wconf 64' lang='grc' dir='ltr'><strong><em>ὥστ’</em></strong></span> <span class='ocrx_word' id='word_1_214' title='bbox 1753 1603 1794 1639; x_wconf 74' lang='grc'>20</span> 
     </span>
     <span class='ocr_line' id='line_1_22' title="bbox 214 1662 1743 1723; baseline -0.001 -14"><span class='ocrx_word' id='word_1_215' title='bbox 214 1700 217 1703; x_wconf 52' lang='grc'><strong>«</strong></span> <span class='ocrx_word' id='word_1_216' title='bbox 260 1666 300 1709; x_wconf 79' lang='grc' dir='ltr'>,εἲ</span> <span class='ocrx_word' id='word_1_217' title='bbox 331 1662 514 1723; x_wconf 78' lang='grc' dir='ltr'><strong><em>μελετῴη</em></strong></span> <span class='ocrx_word' id='word_1_218' title='bbox 544 1681 606 1716; x_wconf 86' lang='grc' dir='ltr'>τις</span> <span class='ocrx_word' id='word_1_219' title='bbox 632 1669 716 1710; x_wconf 83' lang='grc' dir='ltr'>τῶν</span> <span class='ocrx_word' id='word_1_220' title='bbox 746 1664 946 1709; x_wconf 80' lang='grc' dir='ltr'><strong><em>τοιούτων</em></strong></span> <span class='ocrx_word' id='word_1_221' title='bbox 983 1665 1064 1722; x_wconf 83' lang='grc' dir='ltr'><strong><em>πρὸ</em></strong></span> <span class='ocrx_word' id='word_1_222' title='bbox 1093 1669 1170 1721; x_wconf 79' lang='grc' dir='ltr'>τῆς</span> <span class='ocrx_word' id='word_1_223' title='bbox 1203 1665 1369 1722; x_wconf 82' lang='grc' dir='ltr'><strong><em>πείρας,</em></strong></span> <span class='ocrx_word' id='word_1_224' title='bbox 1414 1662 1572 1719; x_wconf 77' lang='grc' dir='ltr'><strong><em>μάταιά</em></strong></span> <span class='ocrx_word' id='word_1_225' title='bbox 1601 1682 1644 1710; x_wconf 87' lang='grc' dir='ltr'>τε</span> <span class='ocrx_word' id='word_1_226' title='bbox 1674 1666 1743 1707; x_wconf 83' lang='grc' dir='ltr'><strong><em>καὶ</em></strong></span> 
     </span>
     <span class='ocr_line' id='line_1_23' title="bbox 263 1732 1743 1792; baseline 0 -16"><span class='ocrx_word' id='word_1_227' title='bbox 263 1732 442 1791; x_wconf 70' lang='grc' dir='ltr'><strong><em>ἅπρακτ’</em></strong></span> <span class='ocrx_word' id='word_1_228' title='bbox 470 1732 522 1777; x_wconf 79' lang='grc' dir='ltr'><strong><em>ἂν</em></strong></span> <span class='ocrx_word' id='word_1_229' title='bbox 544 1735 604 1791; x_wconf 72' lang='grc' dir='ltr'>εἴη</span> <span class='ocrx_word' id='word_1_230' title='bbox 623 1735 927 1792; x_wconf 78' lang='grc' dir='ltr'><strong><em>μεμελετηκὼς,</em></strong></span> <span class='ocrx_word' id='word_1_231' title='bbox 965 1739 1040 1779; x_wconf 79' lang='grc' dir='ltr'>τοῦ</span> <span class='ocrx_word' id='word_1_232' title='bbox 1061 1735 1264 1789; x_wconf 78' lang='grc' dir='ltr'><strong><em>βασιλέως</em></strong></span> <span class='ocrx_word' id='word_1_233' title='bbox 1283 1734 1387 1791; x_wconf 84' lang='grc' dir='ltr'><strong><em>πρὸς</em></strong></span> <span class='ocrx_word' id='word_1_234' title='bbox 1417 1733 1535 1791; x_wconf 66' lang='grc' dir='ltr'><strong><em>ἕτερα</em></strong></span> <span class='ocrx_word' id='word_1_235' title='bbox 1565 1738 1640 1777; x_wconf 82' lang='grc' dir='ltr'>τοῦ</span> <span class='ocrx_word' id='word_1_236' title='bbox 1671 1732 1743 1777; x_wconf 47' lang='grc' dir='ltr'>λό’</span> 
     </span>
    </p>
   </div>
   <div class='ocr_carea' id='block_1_3' title="bbox 1207 1802 1296 1819">
    <p class='ocr_par' dir='ltr' id='par_1_3' title="bbox 1207 1802 1296 1819">
     <span class='ocr_line' id='line_1_24' title="bbox 1207 1802 1296 1819; baseline 0 0"><span class='ocrx_word' id='word_1_237' title='bbox 1207 1802 1227 1819; x_wconf 62' lang='grc' dir='ltr'>Ἃ</span> <span class='ocrx_word' id='word_1_238' title='bbox 1283 1803 1296 1819; x_wconf 74' lang='lat'>2</span> 
     </span>
    </p>
   </div>
   <div class='ocr_carea' id='block_1_4' title="bbox 262 1801 1743 1949">
    <p class='ocr_par' dir='ltr' id='par_1_4' title="bbox 262 1801 1743 1949">
     <span class='ocr_line' id='line_1_25' title="bbox 262 1801 1743 1862; baseline 0.001 -16"><span class='ocrx_word' id='word_1_239' title='bbox 262 1820 338 1862; x_wconf 81' lang='grc' dir='ltr'>γου</span> <span class='ocrx_word' id='word_1_240' title='bbox 358 1802 431 1847; x_wconf 84' lang='grc' dir='ltr'>τὸν</span> <span class='ocrx_word' id='word_1_241' title='bbox 452 1801 610 1860; x_wconf 87' lang='grc' dir='ltr'><strong><em>δρόμον</em></strong></span> <span class='ocrx_word' id='word_1_242' title='bbox 631 1804 908 1856; x_wconf 80' lang='grc' dir='ltr'><strong><em>ἀνθέλκοντος</em></strong></span> <span class='ocrx_word' id='word_1_243' title='bbox 923 1818 933 1831; x_wconf 75' lang='grc'><em>·</em></span> <span class='ocrx_word' id='word_1_244' title='bbox 967 1805 1034 1852; x_wconf 80' lang='grc' dir='ltr'><strong><em>καὶ</em></strong></span> <span class='ocrx_word' id='word_1_245' title='bbox 1056 1804 1183 1861; x_wconf 79' lang='grc' dir='ltr'><strong><em>μικρὰ</em></strong></span> <span class='ocrx_word' id='word_1_246' title='bbox 1201 1804 1370 1861; x_wconf 79' lang='grc' dir='ltr'><strong><em>ηουδὲν</em></strong></span> <span class='ocrx_word' id='word_1_247' title='bbox 1389 1803 1616 1848; x_wconf 80' lang='grc' dir='ltr'><strong><em>ἀπεοικέναι</em></strong></span> <span class='ocrx_word' id='word_1_248' title='bbox 1637 1802 1743 1855; x_wconf 77' lang='grc' dir='ltr'><strong><em>δόξει</em></strong></span> 
     </span>
     <span class='ocr_line' id='line_1_26' title="bbox 354 1899 1476 1949; baseline -0.001 -12"><span class='ocrx_word' id='word_1_249' title='bbox 354 1902 412 1940; x_wconf 84' lang='grc'>10.</span> <span class='ocrx_word' id='word_1_250' title='bbox 433 1899 678 1949; x_wconf 75' lang='grc' dir='ltr'><strong><em>ἐφεστηκυίας</em></strong></span> <span class='ocrx_word' id='word_1_251' title='bbox 696 1915 760 1939; x_wconf 83' lang='lat' dir='ltr'>em.</span> <span class='ocrx_word' id='word_1_252' title='bbox 776 1902 875 1938; x_wconf 87' lang='lat' dir='ltr'>Boiv.</span> <span class='ocrx_word' id='word_1_253' title='bbox 978 1903 1035 1944; x_wconf 86' lang='lat'>19.</span> <span class='ocrx_word' id='word_1_254' title='bbox 1057 1899 1152 1947; x_wconf 74' lang='grc' dir='ltr'><strong><em>μηδὲ</em></strong></span> <span class='ocrx_word' id='word_1_255' title='bbox 1169 1899 1241 1947; x_wconf 71' lang='grc' dir='ltr'><strong><em>γάρ</em></strong></span> <span class='ocrx_word' id='word_1_256' title='bbox 1266 1901 1355 1940; x_wconf 82' lang='lat' dir='ltr'>coni.</span> <span class='ocrx_word' id='word_1_257' title='bbox 1375 1901 1476 1940; x_wconf 86' lang='lat' dir='ltr'>Boiv.</span> 
     </span>
    </p>
   </div>
   <div class='ocr_carea' id='block_1_5' title="bbox 262 1980 1743 2913">
    <p class='ocr_par' dir='ltr' id='par_1_5' title="bbox 262 1980 1743 2913">
     <span class='ocr_line' id='line_1_27' title="bbox 262 1980 1742 2027; baseline 0.001 -13"><span class='ocrx_word' id='word_1_258' title='bbox 262 1980 392 2019; x_wconf 82' lang='lat' dir='ltr'>habere</span> <span class='ocrx_word' id='word_1_259' title='bbox 416 1986 452 2016; x_wconf 88' lang='lat' dir='ltr'>et</span> <span class='ocrx_word' id='word_1_260' title='bbox 476 1983 628 2017; x_wconf 84' lang='lat' dir='ltr'><strong>habenas</strong></span> <span class='ocrx_word' id='word_1_261' title='bbox 649 1995 690 2018; x_wconf 85' lang='lat' dir='ltr'>eo</span> <span class='ocrx_word' id='word_1_262' title='bbox 719 1983 873 2018; x_wconf 85' lang='lat' dir='ltr'>flectere.</span> <span class='ocrx_word' id='word_1_263' title='bbox 922 1982 1063 2027; x_wconf 78' lang='lat' dir='ltr'>Quippe</span> <span class='ocrx_word' id='word_1_264' title='bbox 1082 1993 1158 2015; x_wconf 86' lang='lat' dir='ltr'>cum</span> <span class='ocrx_word' id='word_1_265' title='bbox 1177 1981 1244 2015; x_wconf 88' lang='lat' dir='ltr'>huc</span> <span class='ocrx_word' id='word_1_266' title='bbox 1260 1993 1326 2016; x_wconf 87' lang='lat' dir='ltr'>non</span> <span class='ocrx_word' id='word_1_267' title='bbox 1345 1986 1468 2027; x_wconf 87' lang='lat' dir='ltr'>sponte</span> <span class='ocrx_word' id='word_1_268' title='bbox 1487 1984 1605 2016; x_wconf 87' lang='lat' dir='ltr'>nostra</span> <span class='ocrx_word' id='word_1_269' title='bbox 1620 1981 1742 2017; x_wconf 86' lang='lat' dir='ltr'>venia-</span> 
     </span>
     <span class='ocr_line' id='line_1_28' title="bbox 263 2028 1742 2074; baseline 0.001 -13"><span class='ocrx_word' id='word_1_270' title='bbox 263 2029 444 2070; x_wconf 46' lang='lat' dir='ltr'>mus‚‚sed</span> <span class='ocrx_word' id='word_1_271' title='bbox 465 2028 568 2063; x_wconf 83' lang='lat' dir='ltr'>acciti</span> <span class='ocrx_word' id='word_1_272' title='bbox 592 2034 628 2063; x_wconf 89' lang='lat' dir='ltr'>et</span> <span class='ocrx_word' id='word_1_273' title='bbox 647 2029 780 2070; x_wconf 85' lang='lat' dir='ltr'>minime</span> <span class='ocrx_word' id='word_1_274' title='bbox 795 2029 971 2070; x_wconf 85' lang='lat' dir='ltr'>volentes,</span> <span class='ocrx_word' id='word_1_275' title='bbox 996 2040 1137 2063; x_wconf 84' lang='lat' dir='ltr'>necesse</span> <span class='ocrx_word' id='word_1_276' title='bbox 1154 2034 1208 2062; x_wconf 88' lang='lat' dir='ltr'>est</span> <span class='ocrx_word' id='word_1_277' title='bbox 1227 2040 1300 2071; x_wconf 84' lang='lat' dir='ltr'>nos,</span> <span class='ocrx_word' id='word_1_278' title='bbox 1325 2039 1392 2062; x_wconf 92' lang='lat' dir='ltr'>non</span> <span class='ocrx_word' id='word_1_279' title='bbox 1415 2040 1482 2074; x_wconf 86' lang='lat' dir='ltr'>quo</span> <span class='ocrx_word' id='word_1_280' title='bbox 1501 2029 1658 2063; x_wconf 87' lang='lat' dir='ltr'>voluntas</span> <span class='ocrx_word' id='word_1_281' title='bbox 1678 2041 1742 2063; x_wconf 87' lang='lat' dir='ltr'>no-</span> 
     </span>
     <span class='ocr_line' id='line_1_29' title="bbox 264 2074 1742 2121; baseline 0.001 -13"><span class='ocrx_word' id='word_1_282' title='bbox 264 2079 338 2108; x_wconf 86' lang='lat' dir='ltr'>stra</span> <span class='ocrx_word' id='word_1_283' title='bbox 362 2075 553 2121; x_wconf 82' lang='lat' dir='ltr'>praecipit,</span> <span class='ocrx_word' id='word_1_284' title='bbox 586 2076 646 2110; x_wconf 83' lang='lat' dir='ltr'>sed</span> <span class='ocrx_word' id='word_1_285' title='bbox 669 2087 736 2121; x_wconf 91' lang='lat' dir='ltr'>quo</span> <span class='ocrx_word' id='word_1_286' title='bbox 763 2076 944 2110; x_wconf 72' lang='lat' dir='ltr'>fortiorum</span> <span class='ocrx_word' id='word_1_287' title='bbox 971 2086 1071 2109; x_wconf 84' lang='lat' dir='ltr'>manu</span> <span class='ocrx_word' id='word_1_288' title='bbox 1102 2079 1140 2109; x_wconf 84' lang='lat' dir='ltr'>et</span> <span class='ocrx_word' id='word_1_289' title='bbox 1170 2074 1286 2119; x_wconf 84' lang='lat' dir='ltr'>lingua</span> <span class='ocrx_word' id='word_1_290' title='bbox 1314 2075 1568 2120; x_wconf 76' lang='lat' dir='ltr'>compellimur,</span> <span class='ocrx_word' id='word_1_291' title='bbox 1600 2081 1742 2110; x_wconf 83' lang='lat' dir='ltr'>nostrae</span> 
     </span>
     <span class='ocr_line' id='line_1_30' title="bbox 264 2120 1742 2167; baseline 0.001 -13"><span class='ocrx_word' id='word_1_292' title='bbox 264 2120 431 2155; x_wconf 87' lang='lat' dir='ltr'>orationis</span> <span class='ocrx_word' id='word_1_293' title='bbox 449 2133 584 2156; x_wconf 87' lang='lat' dir='ltr'>cursum</span> <span class='ocrx_word' id='word_1_294' title='bbox 602 2121 774 2167; x_wconf 83' lang='lat' dir='ltr'>dirigere=</span> <span class='ocrx_word' id='word_1_295' title='bbox 798 2122 881 2156; x_wconf 87' lang='lat' dir='ltr'>item</span> <span class='ocrx_word' id='word_1_296' title='bbox 902 2122 1107 2164; x_wconf 80' lang='lat' dir='ltr'>ostendere,</span> <span class='ocrx_word' id='word_1_297' title='bbox 1132 2126 1301 2167; x_wconf 83' lang='lat' dir='ltr'>quatenus</span> <span class='ocrx_word' id='word_1_298' title='bbox 1324 2121 1589 2166; x_wconf 81' lang='lat' dir='ltr'>imperatoribus</span> <span class='ocrx_word' id='word_1_299' title='bbox 1616 2133 1742 2167; x_wconf 83' lang='lat' dir='ltr'>parere</span> 
     </span>
     <span class='ocr_line' id='line_1_31' title="bbox 267 2166 1741 2214; baseline 0.002 -14"><span class='ocrx_word' id='word_1_300' title='bbox 267 2166 322 2201; x_wconf 89' lang='lat' dir='ltr'>vel</span> <span class='ocrx_word' id='word_1_301' title='bbox 340 2172 500 2213; x_wconf 83' lang='lat' dir='ltr'>oporteat</span> <span class='ocrx_word' id='word_1_302' title='bbox 519 2169 577 2202; x_wconf 81' lang='lat' dir='ltr'>vel</span> <span class='ocrx_word' id='word_1_303' title='bbox 595 2180 662 2205; x_wconf 87' lang='lat' dir='ltr'>non</span> <span class='ocrx_word' id='word_1_304' title='bbox 683 2171 853 2214; x_wconf 77' lang='lat' dir='ltr'>oporteat.</span> <span class='ocrx_word' id='word_1_305' title='bbox 901 2168 1086 2203; x_wconf 85' lang='lat' dir='ltr'>Enimvero</span> <span class='ocrx_word' id='word_1_306' title='bbox 1104 2168 1243 2214; x_wconf 85' lang='lat' dir='ltr'>sapiens</span> <span class='ocrx_word' id='word_1_307' title='bbox 1266 2168 1326 2202; x_wconf 86' lang='lat' dir='ltr'>ille</span> <span class='ocrx_word' id='word_1_308' title='bbox 1354 2168 1537 2210; x_wconf 87' lang='lat' dir='ltr'>Salomon,</span> <span class='ocrx_word' id='word_1_309' title='bbox 1562 2174 1741 2214; x_wconf 86' lang='lat' dir='ltr'>postquam</span> 
     </span>
     <span class='ocr_line' id='line_1_32' title="bbox 265 2212 1743 2261; baseline 0.001 -14"><span class='ocrx_word' id='word_1_310' title='bbox 265 2212 370 2256; x_wconf 82' lang='lat' dir='ltr'>dixit,</span> <span class='ocrx_word' id='word_1_311' title='bbox 393 2213 463 2248; x_wconf 86' lang='lat' dir='ltr'>tria</span> <span class='ocrx_word' id='word_1_312' title='bbox 484 2226 581 2257; x_wconf 86' lang='lat' dir='ltr'>esse,</span> <span class='ocrx_word' id='word_1_313' title='bbox 606 2227 694 2261; x_wconf 87' lang='lat' dir='ltr'>quae</span> <span class='ocrx_word' id='word_1_314' title='bbox 722 2226 888 2261; x_wconf 86' lang='lat' dir='ltr'>prospere</span> <span class='ocrx_word' id='word_1_315' title='bbox 914 2215 1065 2257; x_wconf 85' lang='lat' dir='ltr'>vadant,</span> <span class='ocrx_word' id='word_1_316' title='bbox 1091 2219 1127 2249; x_wconf 89' lang='lat' dir='ltr'>et</span> <span class='ocrx_word' id='word_1_317' title='bbox 1145 2218 1328 2260; x_wconf 89' lang='lat' dir='ltr'>quartum,</span> <span class='ocrx_word' id='word_1_318' title='bbox 1357 2214 1448 2260; x_wconf 90' lang='lat' dir='ltr'>quod</span> <span class='ocrx_word' id='word_1_319' title='bbox 1474 2215 1562 2252; x_wconf 83' lang='lat' dir='ltr'>bene</span> <span class='ocrx_word' id='word_1_320' title='bbox 1580 2215 1743 2257; x_wconf 78' lang='lat' dir='ltr'>incedat3</span> 
     </span>
     <span class='ocr_line' id='line_1_33' title="bbox 265 2260 1741 2308; baseline 0.001 -14"><span class='ocrx_word' id='word_1_321' title='bbox 265 2261 330 2294; x_wconf 84' lang='lat' dir='ltr'>hoc</span> <span class='ocrx_word' id='word_1_322' title='bbox 350 2260 503 2295; x_wconf 88' lang='lat' dir='ltr'>ultimum</span> <span class='ocrx_word' id='word_1_323' title='bbox 520 2261 565 2295; x_wconf 88' lang='lat' dir='ltr'>de</span> <span class='ocrx_word' id='word_1_324' title='bbox 593 2273 677 2306; x_wconf 84' lang='lat' dir='ltr'>rege</span> <span class='ocrx_word' id='word_1_325' title='bbox 696 2261 788 2308; x_wconf 84' lang='lat' dir='ltr'>apud</span> <span class='ocrx_word' id='word_1_326' title='bbox 806 2261 961 2297; x_wconf 86' lang='lat' dir='ltr'>subditos</span> <span class='ocrx_word' id='word_1_327' title='bbox 990 2260 1215 2296; x_wconf 82' lang='lat' dir='ltr'>concionante</span> <span class='ocrx_word' id='word_1_328' title='bbox 1232 2261 1492 2307; x_wconf 78' lang='lat' dir='ltr'>interpretatur.</span> <span class='ocrx_word' id='word_1_329' title='bbox 1540 2262 1630 2296; x_wconf 90' lang='lat' dir='ltr'>Nam</span> <span class='ocrx_word' id='word_1_330' title='bbox 1655 2267 1741 2307; x_wconf 90' lang='lat' dir='ltr'>quot</span> 
     </span>
     <span class='ocr_line' id='line_1_34' title="bbox 265 2307 1741 2354; baseline -0.001 -11"><span class='ocrx_word' id='word_1_331' title='bbox 265 2310 303 2343; x_wconf 82' lang='lat' dir='ltr'>et</span> <span class='ocrx_word' id='word_1_332' title='bbox 319 2307 455 2352; x_wconf 88' lang='lat' dir='ltr'>qualia,</span> <span class='ocrx_word' id='word_1_333' title='bbox 480 2318 547 2352; x_wconf 91' lang='lat' dir='ltr'>quo</span> <span class='ocrx_word' id='word_1_334' title='bbox 573 2312 726 2353; x_wconf 83' lang='lat' dir='ltr'>tempore</span> <span class='ocrx_word' id='word_1_335' title='bbox 748 2311 785 2342; x_wconf 87' lang='lat' dir='ltr'>et</span> <span class='ocrx_word' id='word_1_336' title='bbox 804 2307 899 2350; x_wconf 89' lang='lat' dir='ltr'>loco,</span> <span class='ocrx_word' id='word_1_337' title='bbox 934 2308 1025 2354; x_wconf 86' lang='lat' dir='ltr'>apud</span> <span class='ocrx_word' id='word_1_338' title='bbox 1048 2313 1133 2354; x_wconf 92' lang='lat' dir='ltr'>quot</span> <span class='ocrx_word' id='word_1_339' title='bbox 1156 2313 1192 2342; x_wconf 89' lang='lat' dir='ltr'>et</span> <span class='ocrx_word' id='word_1_340' title='bbox 1216 2308 1356 2353; x_wconf 81' lang='lat' dir='ltr'>quales,</span> <span class='ocrx_word' id='word_1_341' title='bbox 1387 2307 1424 2341; x_wconf 83' lang='lat' dir='ltr'>in</span> <span class='ocrx_word' id='word_1_342' title='bbox 1448 2319 1652 2353; x_wconf 87' lang='lat' dir='ltr'>quocunque</span> <span class='ocrx_word' id='word_1_343' title='bbox 1677 2320 1741 2342; x_wconf 85' lang='lat' dir='ltr'>ne-</span> 
     </span>
     <span class='ocr_line' id='line_1_35' title="bbox 265 2352 1740 2400; baseline 0.001 -13"><span class='ocrx_word' id='word_1_344' title='bbox 265 2353 360 2398; x_wconf 84' lang='lat' dir='ltr'>gotio</span> <span class='ocrx_word' id='word_1_345' title='bbox 386 2352 503 2387; x_wconf 88' lang='lat' dir='ltr'>dicere</span> <span class='ocrx_word' id='word_1_346' title='bbox 520 2353 689 2396; x_wconf 84' lang='lat' dir='ltr'>voluerit,</span> <span class='ocrx_word' id='word_1_347' title='bbox 714 2366 756 2388; x_wconf 88' lang='lat' dir='ltr'>ea</span> <span class='ocrx_word' id='word_1_348' title='bbox 776 2354 887 2392; x_wconf 89' lang='lat' dir='ltr'>omnia</span> <span class='ocrx_word' id='word_1_349' title='bbox 906 2366 989 2397; x_wconf 78' lang='lat' dir='ltr'>reX‚</span> <span class='ocrx_word' id='word_1_350' title='bbox 1016 2354 1178 2400; x_wconf 86' lang='lat' dir='ltr'>quamdiu</span> <span class='ocrx_word' id='word_1_351' title='bbox 1199 2360 1235 2388; x_wconf 90' lang='lat' dir='ltr'>et</span> <span class='ocrx_word' id='word_1_352' title='bbox 1261 2358 1365 2400; x_wconf 91' lang='lat' dir='ltr'>prout</span> <span class='ocrx_word' id='word_1_353' title='bbox 1381 2354 1542 2396; x_wconf 88' lang='lat' dir='ltr'>libuerit,</span> <span class='ocrx_word' id='word_1_354' title='bbox 1567 2354 1740 2388; x_wconf 83' lang='lat' dir='ltr'>commode</span> 
     </span>
     <span class='ocr_line' id='line_1_36' title="bbox 265 2399 1740 2447; baseline 0.001 -14"><span class='ocrx_word' id='word_1_355' title='bbox 265 2399 572 2445; x_wconf 84' lang='lat' dir='ltr'>praemeditabitur</span> <span class='ocrx_word' id='word_1_356' title='bbox 600 2405 680 2435; x_wconf 85' lang='lat' dir='ltr'>ante</span> <span class='ocrx_word' id='word_1_357' title='bbox 704 2400 814 2447; x_wconf 85' lang='lat' dir='ltr'>ipsum</span> <span class='ocrx_word' id='word_1_358' title='bbox 843 2401 1040 2447; x_wconf 78' lang='lat' dir='ltr'>negotium3</span> <span class='ocrx_word' id='word_1_359' title='bbox 1073 2401 1253 2445; x_wconf 88' lang='lat' dir='ltr'>idemque,</span> <span class='ocrx_word' id='word_1_360' title='bbox 1287 2400 1346 2435; x_wconf 89' lang='lat' dir='ltr'>ubi</span> <span class='ocrx_word' id='word_1_361' title='bbox 1372 2400 1546 2445; x_wconf 85' lang='lat' dir='ltr'>negotium</span> <span class='ocrx_word' id='word_1_362' title='bbox 1575 2412 1740 2446; x_wconf 82' lang='lat' dir='ltr'>praesens</span> 
     </span>
     <span class='ocr_line' id='line_1_37' title="bbox 266 2445 1739 2493; baseline -0.001 -11"><span class='ocrx_word' id='word_1_363' title='bbox 266 2446 422 2492; x_wconf 86' lang='lat' dir='ltr'>urgebit,</span> <span class='ocrx_word' id='word_1_364' title='bbox 444 2445 504 2483; x_wconf 83' lang='lat' dir='ltr'>illa</span> <span class='ocrx_word' id='word_1_365' title='bbox 520 2446 597 2492; x_wconf 89' lang='lat' dir='ltr'>ipsa</span> <span class='ocrx_word' id='word_1_366' title='bbox 613 2447 768 2483; x_wconf 80' lang='lat' dir='ltr'>dicturus</span> <span class='ocrx_word' id='word_1_367' title='bbox 789 2451 862 2489; x_wconf 82' lang='lat' dir='ltr'>est,</span> <span class='ocrx_word' id='word_1_368' title='bbox 887 2460 976 2493; x_wconf 86' lang='lat' dir='ltr'>quae</span> <span class='ocrx_word' id='word_1_369' title='bbox 996 2452 1032 2483; x_wconf 87' lang='lat' dir='ltr'>et</span> <span class='ocrx_word' id='word_1_370' title='bbox 1048 2447 1300 2492; x_wconf 87' lang='lat' dir='ltr'>qualiacunque</span> <span class='ocrx_word' id='word_1_371' title='bbox 1316 2446 1423 2482; x_wconf 80' lang='lat' dir='ltr'>fuerit</span> <span class='ocrx_word' id='word_1_372' title='bbox 1449 2447 1739 2493; x_wconf 80' lang='lat' dir='ltr'>praemeditatus:</span> 
     </span>
     <span class='ocr_line' id='line_1_38' title="bbox 266 2491 1739 2539; baseline 0.001 -11"><span class='ocrx_word' id='word_1_373' title='bbox 266 2491 379 2539; x_wconf 55' lang='lat' dir='ltr'>neq‘ue</span> <span class='ocrx_word' id='word_1_374' title='bbox 407 2503 450 2528; x_wconf 86' lang='lat' dir='ltr'>ex</span> <span class='ocrx_word' id='word_1_375' title='bbox 475 2492 689 2528; x_wconf 79' lang='lat' dir='ltr'>auditoribus</span> <span class='ocrx_word' id='word_1_376' title='bbox 718 2493 897 2539; x_wconf 87' lang='lat' dir='ltr'>quisquam</span> <span class='ocrx_word' id='word_1_377' title='bbox 924 2494 1012 2536; x_wconf 83' lang='lat' dir='ltr'>erit,</span> <span class='ocrx_word' id='word_1_378' title='bbox 1065 2493 1101 2527; x_wconf 89' lang='lat' dir='ltr'>ui</span> <span class='ocrx_word' id='word_1_379' title='bbox 1128 2493 1238 2539; x_wconf 86' lang='lat' dir='ltr'>possit</span> <span class='ocrx_word' id='word_1_380' title='bbox 1265 2493 1442 2528; x_wconf 65' lang='lat' dir='ltr'>inhiberet</span> <span class='ocrx_word' id='word_1_381' title='bbox 1474 2505 1592 2528; x_wconf 84' lang='lat' dir='ltr'>omnes</span> <span class='ocrx_word' id='word_1_382' title='bbox 1624 2498 1739 2529; x_wconf 86' lang='lat' dir='ltr'>autem</span> 
     </span>
     <span class='ocr_line' id='line_1_39' title="bbox 265 2539 1739 2587; baseline 0.001 -14"><span class='ocrx_word' id='word_1_383' title='bbox 265 2540 415 2585; x_wconf 87' lang='lat' dir='ltr'>quodam</span> <span class='ocrx_word' id='word_1_384' title='bbox 439 2539 538 2585; x_wconf 76' lang='lat' dir='ltr'>quasi</span> <span class='ocrx_word' id='word_1_385' title='bbox 563 2539 698 2575; x_wconf 82' lang='lat' dir='ltr'>laudum</span> <span class='ocrx_word' id='word_1_386' title='bbox 726 2545 891 2574; x_wconf 88' lang='lat' dir='ltr'>concentu</span> <span class='ocrx_word' id='word_1_387' title='bbox 919 2541 1043 2587; x_wconf 85' lang='lat' dir='ltr'>applau</span> <span class='ocrx_word' id='word_1_388' title='bbox 1070 2544 1152 2582; x_wconf 86' lang='lat' dir='ltr'>ent,</span> <span class='ocrx_word' id='word_1_389' title='bbox 1178 2543 1214 2574; x_wconf 88' lang='lat' dir='ltr'>et</span> <span class='ocrx_word' id='word_1_390' title='bbox 1236 2540 1351 2574; x_wconf 86' lang='lat' dir='ltr'>studio</span> <span class='ocrx_word' id='word_1_391' title='bbox 1372 2539 1464 2574; x_wconf 81' lang='lat' dir='ltr'>inter</span> <span class='ocrx_word' id='word_1_392' title='bbox 1486 2552 1523 2574; x_wconf 81' lang='lat' dir='ltr'>se</span> <span class='ocrx_word' id='word_1_393' title='bbox 1543 2540 1739 2584; x_wconf 85' lang='lat' dir='ltr'>certabunt,</span> 
     </span>
     <span class='ocr_line' id='line_1_40' title="bbox 266 2585 1738 2633; baseline 0.001 -14"><span class='ocrx_word' id='word_1_394' title='bbox 266 2586 346 2630; x_wconf 83' lang='lat' dir='ltr'>quis</span> <span class='ocrx_word' id='word_1_395' title='bbox 372 2597 539 2632; x_wconf 88' lang='lat' dir='ltr'>quemque</span> <span class='ocrx_word' id='word_1_396' title='bbox 566 2586 760 2622; x_wconf 82' lang='lat' dir='ltr'>adulatione</span> <span class='ocrx_word' id='word_1_397' title='bbox 786 2592 1109 2633; x_wconf 81' lang='lat' dir='ltr'>praetergressurus</span> <span class='ocrx_word' id='word_1_398' title='bbox 1137 2586 1194 2620; x_wconf 82' lang='lat' dir='ltr'>sit.</span> <span class='ocrx_word' id='word_1_399' title='bbox 1250 2585 1390 2632; x_wconf 83' lang='lat' dir='ltr'>Quippe</span> <span class='ocrx_word' id='word_1_400' title='bbox 1416 2586 1475 2620; x_wconf 88' lang='lat' dir='ltr'>ille</span> <span class='ocrx_word' id='word_1_401' title='bbox 1499 2591 1583 2621; x_wconf 89' lang='lat' dir='ltr'>tunc</span> <span class='ocrx_word' id='word_1_402' title='bbox 1605 2598 1643 2620; x_wconf 87' lang='lat' dir='ltr'>se</span> <span class='ocrx_word' id='word_1_403' title='bbox 1661 2586 1738 2632; x_wconf 84' lang='lat' dir='ltr'>ipso</span> 
     </span>
     <span class='ocr_line' id='line_1_41' title="bbox 265 2632 1739 2679; baseline -0.001 -12"><span class='ocrx_word' id='word_1_404' title='bbox 265 2632 455 2670; x_wconf 81' lang='lat' dir='ltr'>torrentior</span> <span class='ocrx_word' id='word_1_405' title='bbox 477 2632 722 2679; x_wconf 85' lang='lat' dir='ltr'>quodammodo</span> <span class='ocrx_word' id='word_1_406' title='bbox 748 2633 913 2676; x_wconf 79' lang='lat' dir='ltr'>exsistet3</span> <span class='ocrx_word' id='word_1_407' title='bbox 939 2638 974 2668; x_wconf 87' lang='lat' dir='ltr'>et</span> <span class='ocrx_word' id='word_1_408' title='bbox 990 2634 1019 2667; x_wconf 81' lang='lat' dir='ltr'>si</span> <span class='ocrx_word' id='word_1_409' title='bbox 1038 2633 1095 2679; x_wconf 86' lang='lat' dir='ltr'>qui</span> <span class='ocrx_word' id='word_1_410' title='bbox 1112 2632 1248 2667; x_wconf 84' lang='lat' dir='ltr'>tandem</span> <span class='ocrx_word' id='word_1_411' title='bbox 1269 2633 1379 2668; x_wconf 82' lang='lat' dir='ltr'>velint</span> <span class='ocrx_word' id='word_1_412' title='bbox 1398 2632 1653 2676; x_wconf 84' lang='lat' dir='ltr'>contradicere,</span> <span class='ocrx_word' id='word_1_413' title='bbox 1678 2644 1739 2667; x_wconf 78' lang='lat' dir='ltr'>eos</span> 
     </span>
     <span class='ocr_line' id='line_1_42' title="bbox 266 2678 1738 2725; baseline 0.002 -15"><span class='ocrx_word' id='word_1_414' title='bbox 266 2684 306 2711; x_wconf 88' lang='lat' dir='ltr'>ut</span> <span class='ocrx_word' id='word_1_415' title='bbox 322 2678 500 2724; x_wconf 76' lang='lat' dir='ltr'>imperitos</span> <span class='ocrx_word' id='word_1_416' title='bbox 517 2679 820 2724; x_wconf 79' lang='lat' dir='ltr'>praetervehetur:</span> <span class='ocrx_word' id='word_1_417' title='bbox 847 2691 887 2714; x_wconf 91' lang='lat' dir='ltr'>ac</span> <span class='ocrx_word' id='word_1_418' title='bbox 906 2679 1042 2714; x_wconf 87' lang='lat' dir='ltr'>tametsi</span> <span class='ocrx_word' id='word_1_419' title='bbox 1063 2681 1226 2714; x_wconf 84' lang='lat' dir='ltr'>Socrates</span> <span class='ocrx_word' id='word_1_420' title='bbox 1242 2679 1290 2713; x_wconf 85' lang='lat' dir='ltr'>sit</span> <span class='ocrx_word' id='word_1_421' title='bbox 1312 2679 1356 2721; x_wconf 83' lang='lat' dir='ltr'>is,</span> <span class='ocrx_word' id='word_1_422' title='bbox 1378 2679 1439 2725; x_wconf 85' lang='lat' dir='ltr'>qui</span> <span class='ocrx_word' id='word_1_423' title='bbox 1458 2683 1656 2724; x_wconf 81' lang='lat' dir='ltr'>consurget,</span> <span class='ocrx_word' id='word_1_424' title='bbox 1680 2679 1738 2713; x_wconf 81' lang='lat' dir='ltr'>vel</span> 
     </span>
     <span class='ocr_line' id='line_1_43' title="bbox 265 2722 1738 2772; baseline -0.001 -11"><span class='ocrx_word' id='word_1_425' title='bbox 265 2722 387 2769; x_wconf 77' lang='lat' dir='ltr'>Plato,</span> <span class='ocrx_word' id='word_1_426' title='bbox 421 2725 475 2760; x_wconf 84' lang='lat' dir='ltr'>vel</span> <span class='ocrx_word' id='word_1_427' title='bbox 504 2726 743 2771; x_wconf 85' lang='lat' dir='ltr'>Pythagoras,</span> <span class='ocrx_word' id='word_1_428' title='bbox 772 2730 886 2762; x_wconf 84' lang='lat' dir='ltr'>tamen</span> <span class='ocrx_word' id='word_1_429' title='bbox 914 2726 1000 2760; x_wconf 84' lang='lat' dir='ltr'>nihil</span> <span class='ocrx_word' id='word_1_430' title='bbox 1029 2725 1213 2772; x_wconf 88' lang='lat' dir='ltr'>quidquam</span> <span class='ocrx_word' id='word_1_431' title='bbox 1240 2725 1412 2768; x_wconf 85' lang='lat' dir='ltr'>obstabit,</span> <span class='ocrx_word' id='word_1_432' title='bbox 1435 2726 1614 2771; x_wconf 83' lang='lat' dir='ltr'>quominus</span> <span class='ocrx_word' id='word_1_433' title='bbox 1634 2725 1738 2760; x_wconf 83' lang='lat' dir='ltr'>miser</span> 
     </span>
     <span class='ocr_line' id='line_1_44' title="bbox 266 2770 1738 2819; baseline 0.002 -16"><span class='ocrx_word' id='word_1_434' title='bbox 266 2770 420 2809; x_wconf 84' lang='lat' dir='ltr'>vilissimi</span> <span class='ocrx_word' id='word_1_435' title='bbox 439 2773 600 2818; x_wconf 83' lang='lat' dir='ltr'>mancipii</span> <span class='ocrx_word' id='word_1_436' title='bbox 617 2772 693 2808; x_wconf 89' lang='lat' dir='ltr'>loco</span> <span class='ocrx_word' id='word_1_437' title='bbox 710 2772 890 2807; x_wconf 83' lang='lat' dir='ltr'>habeatur.</span> <span class='ocrx_word' id='word_1_438' title='bbox 939 2773 1042 2814; x_wconf 82' lang='lat' dir='ltr'>Quod</span> <span class='ocrx_word' id='word_1_439' title='bbox 1061 2772 1092 2808; x_wconf 83' lang='lat' dir='ltr'>si</span> <span class='ocrx_word' id='word_1_440' title='bbox 1108 2773 1188 2819; x_wconf 84' lang='lat' dir='ltr'>quis</span> <span class='ocrx_word' id='word_1_441' title='bbox 1208 2783 1275 2807; x_wconf 90' lang='lat' dir='ltr'>non</span> <span class='ocrx_word' id='word_1_442' title='bbox 1298 2772 1393 2818; x_wconf 86' lang='lat' dir='ltr'>prius</span> <span class='ocrx_word' id='word_1_443' title='bbox 1412 2783 1483 2807; x_wconf 86' lang='lat' dir='ltr'>rem</span> <span class='ocrx_word' id='word_1_444' title='bbox 1499 2771 1738 2817; x_wconf 80' lang='lat' dir='ltr'>aggrediatur,</span> 
     </span>
     <span class='ocr_line' id='line_1_45' title="bbox 267 2817 1737 2866; baseline 0.002 -17"><span class='ocrx_word' id='word_1_445' title='bbox 267 2827 368 2861; x_wconf 90' lang='lat' dir='ltr'>quam</span> <span class='ocrx_word' id='word_1_446' title='bbox 390 2818 655 2862; x_wconf 83' lang='lat' dir='ltr'>praemeditatus</span> <span class='ocrx_word' id='word_1_447' title='bbox 680 2818 746 2861; x_wconf 84' lang='lat' dir='ltr'>sit,</span> <span class='ocrx_word' id='word_1_448' title='bbox 769 2819 900 2854; x_wconf 67' lang='lat' dir='ltr'>trustra</span> <span class='ocrx_word' id='word_1_449' title='bbox 927 2824 1023 2854; x_wconf 87' lang='lat' dir='ltr'>certe</span> <span class='ocrx_word' id='word_1_450' title='bbox 1043 2818 1110 2855; x_wconf 88' lang='lat' dir='ltr'>erit</span> <span class='ocrx_word' id='word_1_451' title='bbox 1127 2818 1416 2864; x_wconf 80' lang='lat' dir='ltr'>praemeditatus3</span> <span class='ocrx_word' id='word_1_452' title='bbox 1440 2823 1627 2866; x_wconf 82' lang='lat' dir='ltr'>propterea</span> <span class='ocrx_word' id='word_1_453' title='bbox 1646 2817 1737 2863; x_wconf 89' lang='lat' dir='ltr'>quod</span> 
     </span>
     <span class='ocr_line' id='line_1_46' title="bbox 264 2862 1736 2913; baseline 0.001 -17"><span class='ocrx_word' id='word_1_454' title='bbox 264 2862 430 2900; x_wconf 82' lang='lat' dir='ltr'>orationis</span> <span class='ocrx_word' id='word_1_455' title='bbox 448 2876 584 2903; x_wconf 84' lang='lat' dir='ltr'>cursum</span> <span class='ocrx_word' id='word_1_456' title='bbox 607 2866 795 2913; x_wconf 80' lang='lat' dir='ltr'>imperator</span> <span class='ocrx_word' id='word_1_457' title='bbox 820 2864 889 2904; x_wconf 72' lang='lat' dir='ltr'>alio</span> <span class='ocrx_word' id='word_1_458' title='bbox 910 2866 1088 2905; x_wconf 76' lang='lat' dir='ltr'>retrahet:</span> <span class='ocrx_word' id='word_1_459' title='bbox 1111 2869 1218 2913; x_wconf 82' lang='lat' dir='ltr'>atque</span> <span class='ocrx_word' id='word_1_460' title='bbox 1238 2865 1298 2904; x_wconf 79' lang='lat' dir='ltr'>illo</span> <span class='ocrx_word' id='word_1_461' title='bbox 1316 2876 1436 2913; x_wconf 78' lang='lat' dir='ltr'>parum</span> <span class='ocrx_word' id='word_1_462' title='bbox 1458 2871 1520 2903; x_wconf 79' lang='lat' dir='ltr'>aut</span> <span class='ocrx_word' id='word_1_463' title='bbox 1538 2863 1622 2902; x_wconf 84' lang='lat' dir='ltr'>nihil</span> <span class='ocrx_word' id='word_1_464' title='bbox 1639 2863 1736 2899; x_wconf 75' lang='lat' dir='ltr'>vide-</span> 
     </span>
    </p>
   </div>
  </div>
 </body>
</html>
