1794 3172
310 131 442 180 1062
754 134 1072 182 NICEPHORI
1100 103 1427 182 GR'EGORAE

83 260 121 293 Α.
142 256 185 291 Μ.
203 258 295 296 6859
307 246 380 292 τὸν
403 250 478 291 τοῦ
497 245 694 291 ἀκουσίου
720 242 1023 302 σχηματισμόν.
1063 245 1169 304 Ἕγῶ
1191 244 1236 290 δ’
1259 246 1338 291 ὀὐκ
1358 245 1441 292 οἷδ’
1464 243 1613 305 αὖθις,
1652 245 1686 310 ᾧ
1706 250 1783 307 τὴν

136 305 280 390 Ῑῗξιέδὸ
300 319 424 375 χείρω
443 318 558 374 δίκην
579 315 800 374 ἕπιρῥίψω,
837 319 914 372 τῆς
931 320 1007 360 τοῦ
1026 322 1155 361 κακοῦ
1175 318 1376 374 διανομῆς
1393 321 1690 377 παραπλησίως
1710 320 1780 378 ἐφ’

301 385 495 444 ἑκάτερον
513 385 763 442 σχιζομένης.
800 387 835 429 εἲ
851 386 927 441 μὲν
946 386 1026 445 γὰρ
1044 386 1201 444 ἀγνοῶν
1221 386 1474 444 ἀμωσγέπως
1495 388 1661 445 ἀπείχου
1681 394 1783 433 θεο-

300 457 463 513 λογίας,
500 454 614 512 ἥττω
636 472 702 499 σοι
723 453 890 506 πάντως
910 460 986 513 τῆς
1005 458 1229 512 καταδίκης
1249 456 1327 513 τὴν
1346 461 1494 513 ψῆφον
1526 456 1547 501 ὅ
1576 463 1651 515 τῆς
1678 458 1782 515 ἀλη-

299 526 421 576 θειάς
451 526 664 583 παρείχετο
693 523 825 582 λόγος.
876 524 925 569 οὗ
945 525 1023 583 γὰρ
1048 527 1188 570 θέλων
1215 524 1366 577 ε’νόσεις
1392 525 1469 581 ἂν,
1509 527 1615 571 ἀλλὰ
1643 533 1794 572 νοσῶνε

297 594 448 656 ἤθελες
478 593 543 639 ἄν.
590 599 665 638 νῦν
690 594 732 638 δ’
767 597 823 646 εἷς
846 594 922 652 τὴν
949 595 1134 653 θατέρου
1152 594 1296 653 χώραν
1321 597 1389 638 καὶ
1417 601 1541 640 τοῦτο
1565 596 1782 655 παραδυό-

297 683 421 721 μενον
448 666 571 721 μείζω
603 663 672 708 διὰ
705 663 780 721 τὴν
809 664 1019 709 ἀναίδειαν
1038 665 1114 722 τὴν
1133 670 1208 723 τῆς
1231 667 1376 717 κακίας
1393 669 1598 721 κομίζεται
1617 672 1778 725 ψῆφον.

259 737 388 779 ΒΚαὶ
414 735 486 778 ἵνα
513 734 566 779 τὰ
590 735 716 778 πλείω
746 738 829 778 τῶν
857 736 1044 778 ἐνταῦθα
1067 735 1260 793 λέγεσθαι
1287 733 1537 794 ὀφειλόντων
1568 735 1678 780 ἐάσω
1709 737 1779 780 διὰ

297 805 347 849 τὸ
368 809 522 862 μῆκος,
559 802 649 855 ἑνὸς
666 805 735 848 καὶ
764 805 880 848 δυοῖν
908 803 1225 862 μνησθήσομαι.
1264 803 1286 849 ὃ
1310 810 1427 856 θεῖος
1451 807 1591 850 τοίνυν
1613 807 1657 849 ἔκ
1681 809 1779 850 Δα-

295 879 462 932 μασκοῦ
482 872 580 918 τάδε
600 876 726 933 φησὶν
741 872 933 931 Ἰωάννης
947 888 958 898 ·
993 874 1168 933 ,,ὡ’σπερ
1192 873 1213 918 ὅ
1231 873 1347 931 ἥλιος
1367 872 1423 926 εἷς
1440 875 1516 931 μέν
1539 877 1663 930 ἐστιν,
1694 876 1794 932 ἔχει]

298 946 346 988 δὲ
376 944 520 995 οὐσίας
545 942 644 998 δύο,
683 948 758 988 τοῦ
788 961 831 988 τε
868 943 1031 1002 φωτὸς,
1067 944 1089 989 ὃ
1119 945 1328 1004 γεγένηται
1350 943 1579 1004 πρότερον,
1613 947 1682 989 καὶ
1702 950 1777 989 τοῦ

295 1018 350 1073 τῇ
370 1015 495 1058 κτίσει
509 1015 850 1073 -ἒφυστερίζοντος
871 1012 1089 1070 σώματος·
1127 1014 1187 1057 δι’
1217 1014 1316 1059 ὅλου
1334 1031 1378 1058 τε
1397 1019 1471 1059 τοῦ
1507 1013 1702 1070 σώματος
1729 1015 1778 1059 τὸ

296 1088 390 1142 φῶς
408 1083 650 1143 ἀδιαιρέτως
667 1082 845 1140 ἥνωται,
876 1085 944 1127 καὶ
966 1088 1042 1127 τοῦ
1065 1082 1260 1141 σώματος
1288 1083 1359 1143 ἐφ’
1387 1082 1539 1129 ἑαυτοῦ
1564 1085 1775 1141 μένοντος,

255 1151 434 1210 emittm
452 1158 528 1210 τῆς
549 1157 626 1211 γῆς
647 1154 906 1212 ἓφαπλοῦται
933 1160 1022 1205 τοῖς
1043 1154 1240 1212 πέρασιν·
1278 1153 1388 1198 οὕτω
1416 1156 1486 1198 καὶ
1521 1152 1543 1198 ὅ
1573 1155 1775 1211 Χριστὸς,

296 1227 389 1282 φῶς
420 1224 464 1267 ἐκ
491 1223 633 1282 φωτὸς
664 1222 845 1281 ἄναρχον
877 1222 924 1267 ὂν
949 1225 1018 1267 καὶ
1046 1222 1299 1281 ἀπρόσιτον,
1340 1225 1383 1267 ἐν
1412 1229 1472 1284 τῷ
1495 1228 1676 1283 χρονικῷ
1708 1225 1794 1268 καὶ;

296 1297 449 1353 κτιστῷ
466 1290 679 1350 γενόμενος
698 1291 876 1349 σώματι,
905 1290 962 1344 εἷς
986 1293 1073 1337 ἔστι
1094 1292 1356 1350 δικαιοσύνης
1374 1291 1533 1349 ἥλιος.”
1569 1291 1671 1351 ὃρᾶς
1690 1298 1779 1344 πῶς

293 1360 387 1415 ἑνὸς
416 1361 622 1418 ὀνόματος
650 1360 727 1407 δύο
751 1365 854 1420 φησὶ
877 1362 953 1413 τὰς
977 1360 1245 1418 ὑποκειμένας
1274 1362 1417 1414 οὐσίας
1446 1360 1665 1421 ὑπάρχειν,
1701 1363 1778 1420 τὴν

292 1433 369 1488 μὲν
400 1437 547 1488 σῶμα,
585 1432 662 1489 τὴν
695 1431 738 1475 δ’
775 1430 1021 1488 ἀσώματον,
1063 1432 1200 1491 ὥσπερ
1234 1433 1287 1490 δὴ
1316 1433 1386 1476 καὶ
1411 1432 1485 1477 τὸν
1513 1430 1779 1489 δικαιοσύνης

291 1501 409 1559 ἥλιον
430 1499 619 1560 Χριστόν
633 1516 645 1527 ·
682 1503 884 1556 εἷκονίζων
905 1503 981 1558 μὲν
1003 1503 1182 1557 ἐκεῖθεν,
1218 1501 1317 1547 ὅσον
1335 1500 1501 1561 ἐφικτόν
1515 1516 1526 1528 ·
1563 1501 1777 1559 ὀνομάζων

252 1572 339 1616 Dd’
360 1571 439 1616 ἀνὰ
453 1572 579 1630 μέρος
596 1568 768 1630 ἑκάτερά
786 1571 829 1616 τ’
853 1573 985 1616 ἐκεῖνα
1008 1574 1075 1616 καὶ
1098 1577 1262 1628 τοῦτον,
1291 1571 1424 1630 ἥλιον,
1455 1572 1562 1617 κατὰ
1583 1573 1681 1625 τοὺς
1699 1576 1794 1629 τῆςΞ

138 1645 181 1680 V.
199 1646 269 1685 539
296 1640 537 1700 ὁμωνυμίας
563 1639 768 1702 τρόπους·
813 1643 885 1686 καὶ
918 1642 1078 1695 δεικνὺς
1107 1644 1258 1695 διπλᾶς
1289 1644 1357 1687 καὶ
1385 1642 1462 1694 τὰς
1491 1642 1636 1695 οὐσίας
1672 1641 1776 1687 εἶναι

291 1811 348 1858 gis
374 1810 542 1857 expedire
562 1812 663 1857 putes
676 1835 687 1854 ‚
711 1822 779 1858 quo
795 1810 905 1847 levior
925 1810 1025 1858 culpa
1041 1814 1101 1847 tua
1118 1810 1301 1854 videatur3
1325 1822 1370 1846 an
1386 1810 1650 1846 involuntariam
1665 1810 1773 1846 malo-

293 1870 370 1894 rum
393 1857 663 1903 ignorationem,
688 1869 732 1893 an
757 1870 841 1893 vero
862 1858 1084 1894 involuntarii
1103 1860 1241 1905 peccati
1266 1862 1492 1904 praetextum.
1547 1858 1682 1893 Rursus
1710 1870 1774 1893 ne-

293 1906 368 1940 scio
386 1905 456 1939 utri
473 1906 653 1950 graviores
671 1917 802 1950 poenas
819 1905 989 1950 infligam,
1013 1917 1089 1939 cum
1106 1906 1192 1940 haec
1212 1906 1341 1940 diffusa
1362 1904 1565 1951 improbitas
1583 1905 1658 1939 fere
1676 1904 1774 1939 simi-

293 1951 377 1986 liter
399 1950 436 1985 in
455 1959 635 1997 utrumque
656 1952 845 1987 dividatur.
903 1951 944 1986 Si
966 1951 1053 1986 enim
1081 1952 1353 1997 theologicarum
1380 1963 1493 1987 rerum
1519 1951 1660 1997 ignarus
1684 1962 1775 1997 quo-

295 1997 473 2032 dammodo
498 1998 541 2032 ab
562 1999 613 2033 eis
632 1998 871 2040 abstinuisses,
895 1997 1063 2033 mitiorem
1080 1998 1306 2034 damnationis
1324 1999 1527 2034 sententiam
1553 1999 1590 2032 in
1607 2002 1644 2032 te
1661 1998 1774 2033 ferret

293 2055 382 2079 vera
409 2046 446 2078 et
473 2045 643 2080 catholica
673 2045 842 2082 doctrina.
897 2044 976 2079 Nec
1017 2045 1105 2080 enim
1134 2046 1226 2080 hunc
1252 2051 1346 2081 tuum
1375 2044 1593 2092 ignorantiae
1619 2045 1772 2080 morbum

293 2091 453 2126 voluntas
481 2095 560 2134 tua,
585 2091 649 2127 sed
672 2091 884 2127 voluntatem
911 2092 1048 2126 morbus
1071 2093 1148 2138 ipse
1176 2093 1428 2138 praevenisset.
1485 2093 1557 2127 Iam
1580 2103 1665 2126 vero
1694 2103 1771 2126 cum

293 2137 333 2172 in
359 2136 500 2172 alterius
527 2138 637 2173 locum
663 2137 700 2172 id
725 2149 861 2184 quoque
887 2138 964 2173 vitii
988 2139 1207 2183 obrepserit,
1239 2139 1377 2175 maioris
1409 2140 1453 2175 ob
1474 2139 1565 2174 hanc
1589 2138 1771 2184 impuden-

294 2183 378 2218 tiam
398 2183 628 2229 improbitatis
653 2195 732 2220 reus
758 2184 936 2219 habendus
956 2197 1004 2220 es.
1052 2186 1102 2221 Et
1127 2190 1242 2229 certe,
1266 2191 1307 2221 ut
1326 2187 1424 2232 plura
1443 2197 1487 2221 ex
1507 2186 1575 2227 iis,
1605 2197 1694 2231 quae
1712 2184 1770 2218 hic

293 2229 444 2266 dicenda
471 2230 604 2273 forent,
634 2233 761 2277 utpote
787 2231 995 2277 prolixiora,
1028 2232 1165 2267 silentio
1190 2233 1482 2279 praetermittam,
1506 2232 1607 2266 unius
1626 2236 1663 2266 et
1682 2231 1771 2265 duo-

256 2315 259 2319 ,
293 2287 370 2311 rum
393 2276 560 2311 duntaxat
586 2278 651 2313 SS.
679 2279 818 2313 Patrum
839 2278 1033 2314 testimonia
1060 2281 1231 2314 referam:
1277 2280 1392 2315 Primo
1412 2279 1531 2325 itaque
1558 2278 1595 2312 S.
1623 2278 1770 2312 Ioannes

293 2322 529 2358 Damascenus
557 2323 606 2358 sic
629 2324 795 2370 loquitur.
847 2325 1165 2368 „Quemadmodum
1191 2325 1242 2362 sol
1264 2338 1351 2361 unus
1379 2326 1515 2372 quidem
1544 2328 1617 2368 est,
1647 2336 1770 2359 verum

294 2370 382 2405 duas
409 2370 516 2406 habet
544 2370 773 2414 substantias,
804 2382 905 2406 unam
934 2372 1085 2416 luminis,
1116 2373 1208 2419 quod
1241 2373 1338 2419 prius
1368 2373 1494 2407 factum
1518 2376 1593 2414 est,
1625 2371 1769 2406 alteram

294 2416 453 2463 corporis
483 2417 626 2460 solaris,
652 2419 744 2463 quod
765 2418 901 2454 nonnisi
929 2425 1011 2465 post
1036 2420 1244 2455 creationem
1266 2420 1395 2455 factum
1419 2423 1492 2454 est:
1514 2418 1624 2454 lumen
1652 2422 1768 2453 autem

294 2463 469 2499 indivisim
486 2464 618 2499 unitum
637 2468 691 2499 est
707 2476 770 2510 per
790 2468 900 2500 totum
924 2466 1035 2501 solare
1054 2478 1198 2512 corpus,
1231 2466 1322 2512 quod
1352 2466 1433 2501 dum
1460 2465 1496 2500 in
1514 2477 1552 2500 se
1569 2468 1705 2506 manet,
1729 2463 1768 2498 in

294 2510 478 2546 universae
494 2514 612 2546 terrae
632 2511 794 2546 terminos
819 2512 878 2546 lux
897 2513 1126 2559 expanditur:
1151 2512 1202 2547 sic
1220 2518 1257 2548 et
1275 2513 1436 2548 Christus
1457 2512 1573 2547 lumen
1597 2512 1642 2546 de
1668 2509 1767 2545 lumi-

293 2568 358 2601 ne,
382 2556 475 2593 initii
505 2569 631 2604 expers
654 2562 691 2592 et
717 2558 951 2602 inaccessum,
975 2560 1011 2594 in
1038 2558 1218 2606 temporali
1248 2565 1285 2594 et
1313 2563 1431 2594 creato
1462 2570 1609 2605 corpore
1636 2558 1766 2599 factus,

293 2614 381 2639 unus
410 2608 465 2640 est
488 2604 540 2639 sol
561 2603 752 2640 iustitiae.’'
808 2605 919 2641 Vides
947 2605 1228 2652 quomodossduas
1252 2606 1313 2641 uni
1340 2605 1467 2641 nomini
1494 2604 1668 2640 subiectas
1689 2615 1768 2638 esse

291 2654 429 2686 asserat
449 2651 681 2694 substantias,
713 2662 812 2686 unam
839 2653 1074 2699 corporalem,
1107 2652 1248 2687 alteram
1269 2653 1528 2699 incorpoream,
1563 2655 1684 2697 utpote
1706 2649 1767 2696 qui

293 2697 399 2733 etiam
415 2698 572 2734 iustitiae
589 2696 694 2733 solem
715 2698 893 2734 Christum
911 2700 975 2734 hac
991 2700 1160 2744 imagine,
1194 2705 1357 2744 quantum
1380 2699 1457 2734 fieri
1479 2701 1611 2744 potest,
1647 2695 1767 2742 expri-

293 2747 387 2786 mat,
411 2748 448 2780 et
472 2744 648 2791 sigillatim
672 2750 743 2780 tum
767 2746 853 2780 duas
884 2746 1018 2792 priores
1043 2747 1277 2788 substantias,
1302 2750 1372 2781 tum
1389 2747 1497 2787 hunc,
1524 2756 1646 2790 nempe
1662 2743 1767 2777 chri-

291 2794 406 2834 stum,
437 2804 501 2838 pro
522 2791 785 2837 aequivocorum
799 2803 892 2827 more
908 2793 1012 2828 solem
1030 2793 1200 2839 appellet3
1223 2792 1401 2828 declarans
1419 2792 1564 2838 insuper
1584 2791 1670 2825 duas
1688 2801 1766 2824 esse

290 2839 366 2875 ‹tum
389 2837 427 2874 in
455 2839 619 2884 Christo,
649 2845 723 2875 tum
746 2838 784 2874 in
801 2838 897 2883 sole,
919 2840 1143 2876 substautias.
1188 2839 1269 2876 Non
1294 2839 1380 2876 dicit
1405 2849 1507 2874 unam
1528 2836 1665 2885 quidem
1686 2847 1764 2872 esse
