1794 3172
305 136 332 183 1
343 135 440 186 142
710 141 1030 188 NICEPHORI
1057 141 1382 189 GREGORAE

82 262 184 300 AM.
201 262 293 300 6859
305 254 422 313 τριὰς
441 257 516 310 τῆς
529 249 746 309 θεότητος,
770 250 902 304 ἆΐδιός
915 270 957 297 τε
969 253 1037 296 καὶ
1059 251 1261 310 ἄτρεπτος
1281 255 1349 297 καὶ
1370 252 1691 306 ἇναλλοίωτος.”
1713 256 1782 298 καὶ

136 307 249 347 Ind·4
301 324 395 382 μετ’
413 324 528 379 ὀλίγα
541 337 551 347 ·
569 323 652 376 ,,τὸ
672 322 750 380 γὰρ
772 322 965 367 ἅκτιστον
977 327 1029 381 τῇ
1050 321 1170 380 φύσει
1191 323 1345 383 λέγεται
1368 323 1575 378 ἅκτιστον,
1589 322 1692 380 μήτε
1705 324 1784 367 αἷί-

267 397 418 450 Βξησιν
437 391 538 448 μήτ’
562 390 787 436 ἐλάττωσιν
799 391 1124 448 ἓπιδεχόμενον.”
1145 394 1212 436 καὶ
1235 391 1358 437 πάλιν
1372 408 1383 418 ·
1402 427 1415 447 ,
1420 396 1500 447 ,τίς
1519 394 1598 451 γὰρ
1620 392 1782 438 ἀκούων

304 463 498 507 ἄκτιστον
517 461 564 505 τὸ
586 466 659 506 τοῦ
681 463 824 520 κυρίου
844 467 980 518 σῶμα,
993 461 1142 506 ἑαυτὸν
1162 464 1206 506 δὲ
1225 463 1454 519 ποιηθέντα
1476 466 1542 506 καὶ
1560 464 1783 506 κτισθέντα

304 533 436 586 εἲδὼς,
451 531 526 576 οὐκ
545 530 741 588 ἕννοῇσει,
755 535 924 588 ψευδεῖς
941 533 1017 588 μὲν
1031 531 1131 576 εἶναι
1150 532 1225 583 τὰς
1244 535 1364 583 θειάς
1376 533 1555 591 γραφὰς,
1570 532 1717 576 ἑαυτὸν
1738 533 1794 576 δὲ’

303 602 362 659 μὴ
385 602 486 658 ἔχειν
503 602 608 659 πρὸς
621 602 694 645 τὸν
706 602 894 659 Χριστὸν
906 603 1163 647 κοινωνίαν.”
1193 604 1259 645 καὶ
1278 603 1372 657 μετ’
1398 602 1515 659 ὀλίγα
1528 617 1537 626 “
1559 602 1786 656 ,,ἆ’κτιστος

304 672 384 730 γὰρ
403 671 578 729 ὕπαρξις
597 670 705 728 μόνη
726 669 752 728 ἦ
775 677 850 728 τῆς
869 671 1072 729 θεότητος
1088 679 1240 716 νοεῖται
1253 687 1262 696 ·
1286 671 1390 715 ὥστε
1410 675 1477 715 καὶ
1496 672 1571 728 τὴν
1593 671 1786 715 ἅκτιστον

304 742 505 798 παθητὴν
535 742 660 798 λέγειν
689 742 856 797 ἀσεβὲς,
896 744 962 786 καὶ
995 742 1072 798 τὴν
1093 742 1292 798 παθητὴν
1315 741 1508 785 ἄκτιστον
1530 740 1785 796 ὄνομάζειν.”

306 814 374 856 καὶ
405 810 553 855 πάλιν·
599 811 744 865 ,,ὅλως
766 813 807 854 ἐν
836 820 924 863 τοῖς
950 810 1150 868 ποιήμασι
1181 812 1230 855 τὸ
1261 809 1477 868 λεγόμενον
1510 811 1702 855 ἅκτιστον
1736 810 1786 854 τὸ

262 882 482 938 Εμηδέπω
502 879 693 939 ’ὑπάρξαν
714 882 884 938 λέγεται,
911 881 973 925 ὅτι
984 882 1043 938 μὴ
1063 882 1241 939 γέγονε.”
1277 883 1344 925 καὶ
1363 881 1567 937 ἀλλαχοῦ·
1599 881 1713 936 »οὐχ
1731 878 1788 931 ὥς

307 952 506 1009 αἳρετικοί
524 968 675 1008 φασιν,
713 950 774 995 ὅτι
798 953 972 1009 ἐνέργεια
1000 951 1116 1009 παρὰ
1132 956 1207 995 τοῦ
1230 949 1463 1006 πνεύματος
1484 949 1638 1008 ἐγένετό
1661 967 1722 1001 τις
1746 952 1788 994 ἐν

307 1025 361 1079 τῇ
387 1021 601 1080 παρθένῳ,
624 1025 700 1064 τοῦ
719 1026 965 1078 τελεσθῆναι
989 1021 1065 1078 τὴν
1084 1019 1336 1079 σάρκωσιν.”
1381 1020 1492 1080 (ΙΕ.)
1521 1020 1588 1064 Τὰ
1608 1020 1650 1063 δ’
1681 1018 1789 1063 αὐτὰ

307 1092 399 1148 περὶ
420 1091 614 1134 ἄκτίστου
637 1092 704 1133 καὶ
726 1089 747 1134 ὅ
771 1091 993 1142 Νυσσαεὺς
1013 1091 1117 1147 πρὸς
1138 1089 1343 1146 Εὐνόμιον
1363 1089 1511 1149 φάσκει
1539 1093 1580 1133 Γ
1578 1087 1787 1148 ρηγόριος·

308 1158 452 1216 ,,μόνη
488 1164 564 1217 τῆς
583 1161 751 1211 κτίσεως
772 1159 1001 1218 ὑπέρκειται
1021 1159 1049 1217 ἡ
1078 1163 1176 1204 θεία
1205 1178 1248 1204 τε
1267 1162 1334 1204 καὶ
1357 1160 1549 1211 ἵὶκτιστος
1568 1158 1692 1217 φύσις
1714 1161 1790 1202 τοῦ

308 1230 458 1274 θεοῦ.”

273 1304 402 1350 Επῶς
435 1297 516 1343 ὑπὸ
546 1303 630 1343 τῶν
659 1298 784 1356 ἆγίων
817 1305 1053 1359 περιφανῶς
1084 1300 1351 1357 ἀναιροῦνται
1383 1300 1621 1355 Μανιχαΐοί
1645 1316 1688 1341 τε
1721 1300 1791 1341 καὶ

301 1367 636 1426 Ἀπολλινάριος,
657 1367 817 1427 Ἄρειός
844 1388 888 1414 τε
917 1372 983 1413 καὶ
1011 1368 1238 1424 Εὖνόμιος,
1274 1370 1313 1413 οἳ
1343 1368 1566 1428 ταῦτατῷ
1599 1371 1790 1429 Παλαμᾷ

309 1437 460 1489 πάντες
487 1436 787 1496 φθεγγόμενοι·
826 1437 881 1490 ὥς
901 1444 976 1483 νῦν
995 1457 1037 1496 γε
1060 1441 1127 1482 καὶ
1155 1437 1282 1488 αὐτὸς
1303 1439 1467 1489 ἐκείνοις
1494 1437 1628 1481 ταύτὰ
1657 1442 1793 1495 φθεγ-

157 1517 201 1552 V.
222 1516 293 1553 576
314 1506 485 1566 γόμενος
514 1506 596 1551 ὕπὸ
622 1512 708 1552 τῶν
728 1508 865 1552 αὐτῶν
894 1510 1056 1560 ἐκείνοις
1072 1515 1376 1565 συναναιρεῖται
1396 1510 1538 1566 ξιφῶν.
1576 1505 1640 1550 ὅτι
1660 1508 1703 1550 δὲ
1724 1507 1793 1550 καὶ

310 1576 597 1634 Εἷκονομάχος
627 1576 684 1621 ὢν
718 1576 963 1636 πεφώραται
988 1580 1063 1634 μὲν
1091 1580 1158 1620 καὶ
1190 1576 1391 1636 πρότερον
1418 1578 1462 1621 ἐκ
1497 1581 1686 1631 πολλῶν,
1738 1574 1794 1626 ὥς

156 1657 199 1691 P.
222 1656 293 1693 715
316 1650 550 1704 ἐδείξαμεν,
589 1647 666 1704 οὔχ
691 1642 818 1704 ἧττον
848 1649 893 1691 δὲ
924 1648 1003 1692 κάκ
1032 1646 1215 1701 τούτων,
1247 1646 1451 1691 ἀκούσατε
1474 1649 1542 1690 καὶ
1571 1643 1792 1703 Θεοδώρου

309 1723 386 1764 τοῦ
416 1715 597 1776 μεγάλου
629 1719 698 1761 καὶ
729 1722 864 1776 σοφοῦ
895 1722 971 1775 τῆς
1007 1718 1221 1774 ἐκκλησίας
1251 1718 1402 1761 ἐκείνου
1432 1715 1635 1776 κήρυκος,
1678 1733 1794 1772 τηνι-

494 1231 561 1273 καὶ
581 1227 704 1273 πάλιν
718 1244 728 1254 ·
750 1230 995 1285 ,,ἶίκτιστον,
1017 1230 1124 1285 πλὴν
1146 1232 1267 1281 θείας
1287 1228 1464 1288 φύσεως,
1483 1229 1645 1273 οὖδέν.”
1667 1227 1791 1287 ὁρᾶτε

403 1830 439 1866 5.
463 1827 733 1875 ἕννοηθήσεται
754 1828 810 1864 ed.
880 1824 989 1874 ἁγίας
1012 1828 1067 1867 ed.
1138 1830 1173 1865 9.
1199 1825 1293 1870 ὅλως
1307 1825 1377 1874 μὲν
1396 1821 1467 1865 οὖν
1482 1826 1539 1863 ed.
1621 1827 1678 1864 11.
1696 1823 1794 1872 ἐνέρ-

404 1875 486 1922 γειά
503 1890 559 1919 τις
583 1876 639 1913 ed.
734 1877 790 1913 18.
813 1875 883 1910 Pro
908 1871 959 1917 (ὃς
979 1876 1094 1922 Capp.
1115 1875 1206 1910 coni.
1225 1873 1278 1917 ὅς.

314 1972 432 2012 terna,
454 1969 674 2004 immutabilis
702 1971 739 2005 et
762 1965 1013 2004 invariabilis.”
1061 1968 1112 2002 Et
1134 1970 1214 2014 post
1240 1978 1370 2013 pauca:
1403 1965 1521 2009 „Nam
1550 1965 1644 2012 quod
1660 1964 1794 2000 increa-

315 2021 390 2051 tum
411 2020 485 2058 est,
514 2021 640 2051 natura
659 2027 724 2058 sua
747 2015 938 2050 increatum
964 2015 1107 2056 dicitur,
1131 2027 1194 2049 nec
1211 2014 1440 2049 accessionem
1461 2013 1517 2048 vel
1540 2012 1794 2047 diminutionem

319 2062 504 2097 admittit?
546 2063 595 2098 Et
613 2063 758 2098 iterum:
783 2062 899 2105 „Quis
917 2062 1019 2105 enim,
1041 2062 1231 2096 increatum
1251 2061 1282 2094 si
1301 2061 1420 2095 audiat
1435 2060 1573 2095 Domini
1585 2071 1724 2105 corpus,
1741 2069 1794 2093 se-

319 2121 390 2155 que
412 2110 538 2143 factum
558 2114 593 2144 et
615 2114 765 2145 creatum
785 2113 972 2154 agnoscat,
1000 2121 1067 2143 non
1084 2108 1292 2143 coniectabit
1312 2107 1419 2142 falsas
1441 2107 1577 2152 quidem
1596 2118 1673 2140 esse
1698 2104 1794 2139 Scri-

319 2160 444 2211 pturas
462 2155 610 2198 divinas,
635 2161 671 2191 et
689 2156 756 2190 sibi
776 2156 902 2190 nullam
922 2168 997 2191 esse
1010 2168 1087 2190 cum
1105 2155 1247 2190 Christo
1267 2152 1586 2189 communionem2'’
1611 2153 1660 2187 Et
1677 2150 1794 2198 paucis

319 2201 531 2236 interiectis:
558 2203 674 2246 „Nam
697 2203 771 2237 sola
795 2202 935 2237 deitatis
953 2202 1145 2238 substantia
1171 2203 1328 2236 increata
1347 2212 1424 2235 esse
1443 2199 1670 2244 intelligitur3
1694 2198 1744 2233 ita
1761 2200 1794 2232 ul

320 2248 462 2294 impium
481 2248 545 2290 sit,
569 2249 626 2284 vel
643 2250 829 2284 increatam
855 2250 1079 2285 substantiam
1103 2260 1229 2283 vocare
1249 2247 1446 2293 patibilem,
1472 2246 1529 2281 vel
1547 2245 1721 2291 patibilem
1746 2244 1794 2278 in-

323 2299 474 2330 creatam
496 2295 704 2341 appellare.'’
750 2295 798 2329 Et
816 2307 955 2331 rursus:
981 2297 1170 2339 „Profecto
1191 2295 1283 2330 inter
1305 2298 1441 2328 creatas
1466 2304 1523 2327 res
1555 2292 1639 2327 illud
1665 2292 1794 2326 increa-

319 2345 394 2376 tum
415 2341 554 2384 dicitur,
579 2342 670 2388 quod
689 2342 836 2377 nondum
854 2343 1002 2386 exsistit,
1022 2343 1103 2389 quia
1120 2344 1249 2377 factum
1266 2352 1333 2376 non
1351 2338 1438 2375 est.’'
1485 2339 1534 2373 Et
1552 2338 1656 2373 alibi:
1680 2338 1794 2380 „Non⁵

322 2387 416 2434 quod
435 2388 531 2422 aiunt
547 2389 736 2431 haeretici,
762 2389 876 2434 aliqua
901 2390 1066 2436 energia,
1090 2401 1150 2425 seu
1170 2388 1340 2435 operatio,
1363 2398 1385 2421 a
1409 2389 1529 2421 sancto
1550 2384 1688 2430 Spiritu
1707 2385 1794 2418 sacta

322 2438 390 2477 est,
410 2438 452 2469 ut
472 2434 662 2469 incarnatio
683 2436 941 2481 compleretur.”
989 2437 1107 2483 (XV.)
1129 2437 1183 2471 De
1201 2435 1357 2470 increato
1375 2433 1492 2467 eadem
1510 2433 1646 2478 profert
1662 2436 1794 2466 sanctus

323 2480 521 2526 Gregorius
529 2482 710 2527 Nyssenus
725 2487 844 2517 contro.
853 2483 1064 2520 Eunomium.
1088 2482 1198 2526 „Sola
1215 2479 1366 2527 (inquit)
1381 2479 1500 2514 divina
1517 2483 1553 2513 et
1567 2479 1722 2513 increata
1732 2474 1794 2511 Dei

323 2533 450 2563 natura
471 2539 578 2573 supra
595 2539 726 2563 omnem
744 2535 936 2565 creaturam
955 2531 1068 2576 posita
1087 2527 1174 2564 est.‘’
1221 2528 1272 2563 Et
1291 2528 1436 2562 iterum:
1459 2530 1626 2572 „praeter
1653 2524 1794 2558 divinam

324 2579 495 2616 naturam,
518 2574 604 2609 nihil
620 2580 675 2610 est
692 2575 914 2611 increatum.''
962 2577 1110 2620 Videtis,
1127 2578 1166 2610 ut
1184 2586 1206 2610 a
1225 2574 1356 2609 sanctis
1378 2573 1542 2607 Patribus
1562 2570 1794 2606 confodiantur

324 2619 543 2664 Manichaei,
565 2621 819 2667 Apollinarim,
843 2623 946 2658 Arius
971 2629 1007 2659 et
1032 2621 1238 2663 Eunomius,
1261 2621 1321 2668 qui
1339 2620 1458 2655 eadem
1485 2630 1560 2654 cum
1586 2618 1727 2652 Palama
1747 2614 1794 2650 di-

327 2668 474 2709 cebant3
499 2668 777 2714 quemadmodum
797 2681 886 2704 nunc
902 2671 1006 2706 etiam
1024 2670 1101 2716 ipse
1122 2668 1299 2710 Pnlamaz,
1324 2667 1460 2702 easdem
1483 2677 1558 2700 cum
1584 2664 1671 2711 ipsis
1699 2671 1794 2697 vocet

326 2714 530 2759 proferens,
553 2726 620 2749 una
637 2726 711 2750 cum
725 2715 811 2761 ipsis
830 2716 948 2751 eodem
966 2717 1080 2762 gladio
1102 2715 1293 2762 iugulatur.
1338 2715 1449 2748 Porto
1467 2711 1709 2747 Iconomachus
1727 2717 1794 2744 esse

326 2759 489 2795 Palamas
506 2773 551 2795 ex
569 2761 684 2796 multis
703 2768 806 2796 antea
822 2763 865 2797 de
892 2765 1055 2799 rehensus
1073 2766 1147 2806 est,
1171 2761 1260 2796 sicut
1279 2760 1513 2801 ostendimus,
1536 2769 1602 2792 nec
1623 2756 1733 2791 minus
1759 2763 1794 2788 οἱ

327 2805 384 2841 his
404 2811 518 2853 potest
534 2808 764 2854 deprehendi:
789 2775 889 2855 quoti)
900 2815 940 2845 ut
969 2815 1110 2856 pateat,
1134 2808 1282 2844 audiatis
1308 2806 1411 2842 velim
1434 2816 1591 2850 magnum
1610 2808 1646 2838 et
1665 2801 1794 2848 sapien·

327 2855 398 2889 tem
417 2853 511 2891 illum
527 2855 695 2891 ecclesiae
712 2855 986 2906 praedicatorem
1002 2856 1242 2901 Theodorum,
1265 2853 1326 2903 qui
1341 2859 1423 2890 tunc
1439 2852 1564 2890 aderat
1581 2854 1618 2887 et
1635 2860 1711 2887 cum
1728 2847 1794 2883 Ιοο·
