1794 3172
315 160 633 208 HISTORIAE
661 163 1037 210 BYZANTINAE
1054 163 1268 216 muz.
1378 157 1511 209 1095

27 291 154 329 χοντο
177 273 245 317 καὶ
258 273 470 318 ἐπίστευον
488 274 581 318 λίαν
598 272 787 332 ἀπονητὶ,
813 273 1106 333 ἀταλαίπωρον
1123 273 1318 320 ἀπιστίαν
1333 275 1509 329 πίστεως
1529 289 1568 325 Α,
1583 291 1622 325 c.
1638 290 1724 328 1351

30 341 352 411 ἀλλαττόμινοι,
391 343 453 387 δι’
476 343 667 402 ἀκαιρίαν
687 349 788 399 νοῦ,
818 348 981 400 μᾶλλον
999 346 1045 388 δὲ
1063 344 1131 388 διὰ
1161 342 1327 402 γνώμης
1347 338 1730 421 καίριονωὲὶξέῗω·

26 414 282 471 μοχθηρίαν,
294 413 495 468 ἀσέβειαν
504 411 619 471 παρά
633 432 678 471 γε
696 419 773 458 τοῦ
783 414 843 471 μὴ
863 411 1020 465 εἰδότος
1031 414 1072 458 οἷ
1086 414 1146 471 μὴ
1163 411 1316 467 εἰδότες
1333 414 1499 472 λαμβά-
1511 427 1543 464 c

27 499 178 532 νοντες.
201 480 334 542 ταύτῃ
350 499 416 527 τοι
427 484 495 526 καὶ
511 488 767 541 παραχρῆμα
784 482 979 542 παράγειν
992 481 1103 542 ἐπῄει
1113 502 1185 540 μοι
1194 486 1419 530 Διονυσίου
1431 490 1507 531 τοῦ

0 551 323 609 5Ἀρειοπαγίτου
342 553 475 596 ταυτί.
504 551 606 607 ,,“Εν
617 553 693 609 μέν
711 554 796 598 ἐστι
809 553 857 597 τὸ
877 552 1007 605 ὅντως
1019 552 1066 598 ὃν
1085 555 1152 598 καὶ
1172 554 1298 599 καλὸν
1315 556 1383 599 καὶ
1399 554 1504 612 ἀγα-

23 621 106 666 θὸν
125 623 193 665 καὶ
206 621 352 680 σοφὸν,
369 615 420 665 οὗ
438 619 586 673 πάντες
597 623 637 666 οἶ
654 622 839 674 ἕνοειὸεἴς
858 624 1037 681 ἐφίενται
1050 637 1059 647 ·
1078 624 1294 680 μετέχουσι
1315 624 1353 668 δ’
1374 624 1504 670 αὐτοῦ

23 690 101 747 οὐχ
121 689 303 746 ἕνιαίως,
337 692 471 735 καίτοι
501 690 592 743 ἕνός
611 695 678 736 καὶ
699 693 854 737 ταύτοῦ
884 692 1003 744 ὄντος
1018 707 1028 717 ·
1065 692 1161 737 ἀλλ’
1185 691 1241 745 ὥς
1260 691 1420 754 ἑκάστῳ
1440 694 1539 738 τὰῙ)

22 765 122 805 θεῖα
140 760 318 816 διανέμει
338 761 452 819 ζυγὰ,
476 762 583 806 κατὰ
595 763 671 819 τὴν
691 761 866 807 ἑκάστου
880 760 1231 819 ἓπιτηδειότητα.”
1266 765 1334 807 καὶ
1350 762 1474 808 πάλιν
1487 778 1499 789 ·

20 828 196 888 »ὥσπερ
218 829 263 874 ἓν
282 831 358 887 μὲν
377 829 404 887 ἦ
424 831 578 887 μονὰς,
611 832 692 891 πρὸ
714 830 879 877 πάντων
905 832 954 876 δέ
973 833 1059 876 ἐστι
1076 836 1160 876 τῶν
1179 832 1397 891 ἀριθμῶν,
1431 836 1502 877 καὶ

0 901 133 943 >aiffa
163 901 250 943 ἐστὶ
280 901 435 952 παντὸς
458 899 645 959 ἀριθμοῦ
673 904 743 945 καὶ
772 902 847 946 οὐκ
877 901 986 946 ἔστιν
1015 901 1221 960 ἀριθμὸς,
1261 902 1359 946 ἀλλ’
1391 903 1500 961 ἀρχὴ

19 969 239 1028 ἀριθμῶν,
287 972 356 1014 καὶ
385 970 439 1014 τὰ
459 969 554 1028 ἑξῆς
567 985 577 996 ·
624 971 734 1016 οὕτω
755 973 824 1015 καὶ
846 970 867 1016 ὅ
887 971 988 1022 θεὸς
1006 969 1051 1014 ’ἐν
1067 971 1249 1029 λέγεται,
1288 971 1340 1016 οὗ
1368 971 1499 1027 μόνον

18 1037 76 1090 ὥς
105 1037 234 1094 μόνος
262 1041 330 1083 καὶ
354 1041 600 1099 ἐξῃρημένος
627 1040 794 1086 πάντων
822 1046 906 1086 τῶν
941 1040 1072 1085 ὄντων
1098 1041 1206 1085 κατὰ
1228 1039 1390 1097 πάντα,
1427 1043 1496 1086 καὶ

17 1107 75 1160 ὥς
103 1107 262 1160 ἁπλοῦς
289 1111 359 1153 καὶ
381 1110 536 1169 ἀμερὴς
554 1112 622 1155 καὶ
641 1111 873 1171 ἀδιαίρετος
890 1113 959 1155 καὶ
983 1110 1179 1168 ἀπαθὴς,
1218 1110 1326 1155 ἀλλὰ
1344 1113 1415 1156 καὶ
1438 1110 1497 1162 ὧς

15 1179 95 1237 πρὸ
117 1176 284 1222 πάντων
306 1183 390 1224 τῶν
411 1179 564 1235 ὄντων,
593 1183 662 1224 καὶ
680 1179 737 1232 ὥς
760 1180 927 1225 πάντων
946 1180 1099 1232 αἴτιος·
1144 1179 1190 1225 ’ἐν
1209 1180 1290 1240 γὰρ
1309 1180 1358 1225 τὸ
1386 1178 1535 1225 πάν-Ε

0 1253 99 1293 ἱτων
121 1252 204 1292 τῶν
227 1247 358 1294 ὄντων
378 1250 533 1305 αἶ’τιον,
564 1252 633 1294 καὶ
661 1249 803 1302 ἑνικῶς
827 1248 895 1304 ἓν,
933 1249 1024 1308 ἤτοι
1052 1252 1192 1302 ι’δικῶς
1204 1283 1219 1305 ,
1261 1251 1491 1309 ἐξαιρέτως,

14 1320 84 1362 καὶ
110 1317 190 1377 πρὸ
213 1315 405 1364 πάντων·
441 1319 494 1364 τὰ
515 1318 652 1365 πάντα
676 1320 720 1364 δ’
743 1321 787 1373 ἐξ
813 1320 944 1365 αὐτοῦ
967 1322 1035 1364 καὶ
1054 1321 1150 1376 μετ’
1173 1318 1299 1364 αὐτό·
1335 1322 1405 1364 καὶ
1435 1319 1494 1371 ὥς

11 1385 94 1432 ὖπὸ
125 1385 292 1433 πάντων
323 1394 408 1434 τῶν
440 1388 572 1435 ὄντων
599 1388 870 1447 μετεχόμενος
902 1390 1008 1434 κατὰ
1042 1390 1117 1447 τὴν
1148 1387 1324 1434 ἑκάστου
1346 1391 1491 1446 ἐπιτη-

13 1455 219 1515 δειότητα.
281 1458 331 1503 τὸ
361 1459 442 1518 γὰρ
470 1457 607 1516 πάντη
647 1460 850 1516 ἀμέτοχον
887 1459 1017 1503 αὐτοῦ
1052 1457 1185 1516 πάντη
1221 1459 1282 1516 μὴ
1314 1458 1361 1504 ὅν
1388 1460 1490 1504 ἔστι.

11 1529 79 1571 καὶ
97 1532 156 1587 τῷ
177 1525 279 1571 εἶναι
299 1528 347 1572 τὸ
370 1526 416 1572 ιἐν
424 1562 438 1583 ,
473 1527 610 1573 πάντα
626 1530 712 1574 ἐστὶ
735 1529 789 1573 τὰ
810 1529 923 1573 ὄντα.
961 1530 1030 1572 καὶ
1052 1528 1128 1573 οὐκ
1148 1528 1235 1573 ἔστι
1253 1528 1302 1572 τὸ
1322 1526 1491 1573 πάντων

10 1597 143 1640 αἴτιον
165 1594 233 1651 ἐ’ν,
268 1595 314 1641 (ἐν
335 1603 419 1642 τῶν
440 1596 630 1653 πάντων,
673 1598 770 1642 ἀλλ’
789 1597 892 1658 ὑπὲρ
912 1602 996 1642 πᾶν
1019 1595 1088 1653 ίἐν,
1122 1599 1190 1642 καὶ
1214 1597 1369 1649 παντὸς
1396 1597 1490 1649 ἑνὸς
1524 1625 1529 1631 =

8 1668 78 1710 καὶ
108 1664 302 1724 πλήθους
327 1666 463 1726 ὥσπερ
491 1667 723 1725 ποιητικὸν,
762 1667 873 1713 οὕτω
903 1669 972 1712 καὶ
1001 1665 1222 1727 ὅριστικόν.
1271 1669 1339 1711 καὶ
1372 1665 1429 1719 ὥς
1455 1666 1527 1724 ‘'if‘'

6 1735 138 1793 μονὰς
158 1735 239 1796 πρὸ
259 1737 414 1789 παντὸς
432 1737 620 1797 ἀριθμοῦ
638 1738 983 1796 πεπληθυσμένου
993 1771 1008 1793 ,
1040 1739 1107 1782 καὶ
1128 1735 1265 1782 πάντα
1287 1738 1330 1781 ἐν
1347 1735 1483 1799 ἑαυτῷ

7 1891 95 1927 haec
114 1891 206 1928 nullo
229 1892 370 1938 negotio
393 1905 414 1929 a
439 1894 652 1941 probabant,
676 1895 788 1942 iisque
810 1895 912 1931 fidem
934 1895 1132 1938 habebant,
1153 1894 1298 1930 inertem
1321 1904 1364 1929 ac
1386 1892 1482 1928 desi-

4 1938 135 1974 diosam
157 1939 395 1976 infidelitatem
443 1941 510 1976 ‘ide
534 1946 801 1985 commutantes,
829 1943 1058 1989 importunum
1091 1943 1135 1978 ob
1167 1941 1339 1987 ingenium
1369 1952 1480 1983 suum,

4 1997 65 2020 seu
89 1985 204 2031 potius
237 1991 381 2032 propter
413 1988 571 2023 eximiam
596 1990 718 2024 mentis
741 2001 827 2025 suae
849 1990 1033 2032 malitiam,
1064 1988 1178 2035 ignari
1200 1989 1246 2023 ab
1271 1987 1392 2033 ignaro
1415 1986 1481 2022 im-

2 2031 167 2078 pietatem
190 2033 429 2079 suscipientes.
474 2034 558 2070 Ideo
578 2037 694 2071 statim
710 2036 793 2071 mihi
813 2036 881 2071 fuit
898 2036 933 2070 in
951 2036 1074 2079 animo,
1097 2037 1184 2070 haec
1199 2033 1357 2080 Dionysii
1372 2035 1482 2069 Areo-

2 2078 146 2124 pagitae
159 2080 267 2114 verba
276 2079 311 2114 in
329 2080 476 2116 medium
488 2081 624 2117 afferre.
647 2083 802 2125 „Verum
813 2095 874 2118 ens
886 2087 941 2118 est
956 2094 1069 2124 unum,
1089 2082 1276 2130 pulchrum,
1295 2083 1332 2115 et
1341 2080 1478 2125 bonum,

3 2132 41 2159 et
63 2125 222 2172 sapienS,
246 2125 344 2161 cuius
367 2126 540 2162 desiderio
563 2133 726 2164 tenentur
753 2141 888 2172 omnes,
910 2130 970 2176 qui
999 2129 1147 2164 divinam
1170 2129 1336 2163 unitatem
1364 2127 1477 2173 parti-

2 2171 131 2218 cipant.
177 2172 288 2208 Porro
312 2185 375 2208 ens
402 2173 518 2216 istud,
540 2175 678 2210 tametsi
695 2187 797 2211 unum
823 2181 859 2212 et
882 2176 990 2217 idem,
1013 2187 1082 2211 non
1099 2175 1199 2211 unico
1215 2174 1314 2210 modo
1332 2173 1478 2220 partici-

0 2223 109 2263 pant:
133 2218 196 2254 sed
213 2224 254 2254 ut
277 2219 486 2267 unicuique,
513 2232 576 2267 pro
600 2222 863 2269 uniuscuiusque
887 2223 1087 2266 habilitate,
1113 2222 1230 2257 divina
1251 2225 1382 2256 statera
1400 2221 1478 2256 dis-

0 2264 159 2300 tribuit.'’
205 2266 256 2301 Et
281 2267 425 2302 iterum:
454 2268 574 2310 „sicut
591 2268 704 2304 unitas
724 2274 779 2304 est
797 2280 897 2305 unum
914 2269 998 2317 quid
1016 2275 1097 2306 ante
1115 2281 1230 2304 omnes
1246 2279 1414 2310 numeros,
1438 2270 1476 2301 et

0 2311 109 2346 omnis
132 2312 264 2347 numeri
279 2325 405 2356 causa3
429 2326 493 2349 nec
512 2319 626 2350 tamen
644 2315 723 2362 ipsa
738 2327 898 2351 numerus
919 2322 992 2352 est:
1015 2318 1078 2352 sed
1102 2326 1317 2352 numerorum
1342 2313 1474 2361 princi-

2 2358 116 2404 pium,
141 2364 222 2401 etc.‚
246 2359 297 2394 ita
317 2361 419 2396 etiam
445 2361 541 2396 Deus
559 2373 664 2397 unum
690 2362 773 2409 quid
800 2374 878 2398 esse
899 2362 1049 2407 dicitur,
1080 2375 1148 2399 non
1177 2362 1283 2397 solum
1308 2366 1476 2408 quatenus

0 2404 95 2438 solus
117 2410 173 2440 est
196 2410 234 2440 et
253 2417 274 2441 a
303 2408 438 2442 cunctis
466 2408 603 2443 entibus
633 2409 767 2443 omnino
793 2414 966 2453 secretus,
990 2416 1027 2446 et
1051 2415 1220 2457 quatenus
1240 2408 1382 2453 simplex
1409 2408 1476 2460 est,

0 2450 148 2496 partium
177 2463 322 2497 expers,
347 2452 515 2489 indivisus
538 2459 574 2490 et
601 2455 828 2501 impatibilis:
850 2456 911 2491 sed
938 2456 1040 2493 etiam
1069 2461 1240 2503 quatenus
1259 2460 1340 2489 ante
1364 2462 1474 2487 omma

0 2496 93 2531 entia
110 2497 248 2533 exsistit
265 2504 301 2534 et
323 2504 492 2546 quatenus
510 2501 657 2537 omnium
680 2507 734 2537 est
749 2513 855 2537 causa
874 2502 972 2547 (una
993 2507 1046 2539 est
1064 2503 1152 2538 enim
1179 2501 1323 2536 omnium
1346 2498 1474 2533 entium

0 2554 123 2586 causa,
148 2549 185 2579 et
203 2544 303 2581 unice
325 2558 386 2581 seu
404 2548 605 2594 specialiter
630 2554 667 2584 et
689 2549 813 2584 eximie
838 2560 924 2584 unae
947 2554 1030 2586 ante
1048 2549 1160 2586 omnia
1182 2546 1338 2587 exsistit,
1361 2544 1474 2580 omni&

0 2601 81 2624 vero
100 2602 144 2625 ex
162 2591 240 2637 ipsa
259 2596 296 2626 et
317 2597 396 2639 post
414 2595 524 2640 ipsam
540 2594 730 2641 exsistunt)
751 2596 835 2631 item
853 2599 1025 2642 quatenus
1040 2608 1064 2632 a
1081 2595 1213 2632 cunctis
1232 2592 1379 2634 entibus,
1395 2590 1473 2625 iux-

0 2639 34 2671 ta
50 2637 250 2672 uniuscuius
274 2649 318 2674 ue
336 2639 561 2684 habilitatem,
585 2641 824 2689 participatur.
855 2643 947 2679 Nam
963 2643 1126 2690 quicquid
1145 2641 1253 2687 ipsum
1269 2639 1378 2673 Deum
1393 2636 1473 2672 nul-

0 2681 130 2718 latenus
148 2684 356 2731 participat,
379 2687 570 2723 nullatenus
591 2687 740 2723 exsistit.
778 2688 829 2724 Et
844 2689 955 2724 omnia
972 2689 1068 2725 entia
1088 2688 1278 2730 exsistunt,
1301 2687 1472 2738 quatenus

0 2738 99 2764 nuum
116 2730 266 2766 exsistit.
311 2731 398 2768 Item
417 2734 519 2770 unica
539 2735 686 2770 omnium
701 2746 806 2770 causa
829 2747 898 2771 non
924 2739 980 2771 est
1007 2747 1109 2771 unum
1133 2733 1214 2781 quid
1232 2742 1275 2767 ex
1295 2730 1470 2784 omnibus:

0 2775 56 2810 sed
76 2781 131 2811 est
150 2788 257 2823 super
273 2790 370 2814 omne
387 2791 507 2822 unum,
533 2786 570 2816 et
587 2787 641 2816 est
657 2781 764 2816 omnis
781 2781 928 2817 unitatis
948 2785 986 2818 et
1011 2779 1254 2820 multitudinis,
1276 2781 1317 2812 ut
1332 2777 1471 2812 effecu-

0 2830 73 2856 mm
99 2822 323 2870 principium,
346 2825 400 2862 ita
426 2831 464 2862 et
482 2827 573 2863 finis.
628 2827 677 2862 Et
702 2827 793 2863 sicut
809 2829 924 2864 unitas
949 2833 1007 2871 est
1033 2833 1115 2863 ante
1141 2834 1271 2861 omnem
1292 2833 1469 2877 numerum

0 2867 275 2916 multiplicatum,
296 2872 351 2909 ita
372 2884 477 2910 unum
500 2885 582 2917 ens,
606 2873 758 2910 divinum
784 2874 939 2919 scilicet,
962 2874 1075 2911 omnia
1102 2872 1205 2909 etiam
1234 2874 1411 2906 oonttana
1428 2880 1469 2904 m
