<?xml version="1.0" encoding="UTF-8"?>
<!DOCTYPE html PUBLIC "-//W3C//DTD XHTML 1.0 Transitional//EN"
    "http://www.w3.org/TR/xhtml1/DTD/xhtml1-transitional.dtd">
<html xmlns="http://www.w3.org/1999/xhtml" xml:lang="en" lang="en">
 <head>
  <title>
</title>
<meta http-equiv="Content-Type" content="text/html;charset=utf-8" />
  <meta name='ocr-system' content='tesseract 3.04.00' />
  <meta name='ocr-capabilities' content='ocr_page ocr_carea ocr_par ocr_line ocrx_word'/>
</head>
<body>
  <div class='ocr_page' id='page_1' title='image "./corpusscriptorum39niebuoft_0462.png"; bbox 0 0 1794 3172; ppageno 0'>
   <div class='ocr_carea' id='block_1_1' title="bbox 251 135 1346 183">
    <p class='ocr_par' dir='ltr' id='par_1_1' title="bbox 251 135 1346 183">
     <span class='ocr_line' id='line_1_1' title="bbox 251 135 1346 183; baseline -0.002 -1"><span class='ocrx_word' id='word_1_1' title='bbox 251 135 387 183; x_wconf 76' lang='lat'>1020</span> <span class='ocrx_word' id='word_1_2' title='bbox 662 136 979 183; x_wconf 90' lang='lat' dir='ltr'>NICEPHORI</span> <span class='ocrx_word' id='word_1_3' title='bbox 1007 135 1346 181; x_wconf 85' lang='lat' dir='ltr'><strong>GREGORAE</strong></span> 
     </span>
    </p>
   </div>
   <div class='ocr_carea' id='block_1_2' title="bbox 28 242 1794 1766">
    <p class='ocr_par' dir='ltr' id='par_1_2' title="bbox 28 242 1794 1766">
     <span class='ocr_line' id='line_1_2' title="bbox 28 242 1731 310; baseline -0.004 -15"><span class='ocrx_word' id='word_1_4' title='bbox 28 261 65 295; x_wconf 85' lang='grc' dir='ltr'><strong>Α.</strong></span> <span class='ocrx_word' id='word_1_5' title='bbox 86 260 131 294; x_wconf 86' lang='grc' dir='ltr'><strong>Μ.</strong></span> <span class='ocrx_word' id='word_1_6' title='bbox 149 258 241 296; x_wconf 84' lang='grc'><strong>6859</strong></span> <span class='ocrx_word' id='word_1_7' title='bbox 252 255 339 296; x_wconf 81' lang='grc' dir='ltr'><em>θοῦ</em></span> <span class='ocrx_word' id='word_1_8' title='bbox 361 248 388 308; x_wconf 78' lang='grc' dir='ltr'><strong><em>ἦ</em></strong></span> <span class='ocrx_word' id='word_1_9' title='bbox 409 247 663 310; x_wconf 72' lang='grc' dir='ltr'><em>προσηγορία</em></span> <span class='ocrx_word' id='word_1_10' title='bbox 674 280 687 300; x_wconf 89' lang='grc'><em>,</em></span> <span class='ocrx_word' id='word_1_11' title='bbox 725 245 798 304; x_wconf 72' lang='grc' dir='ltr'><strong>ἐφ’</strong></span> <span class='ocrx_word' id='word_1_12' title='bbox 823 246 961 304; x_wconf 68' lang='grc' dir='ltr'><em>ἕτερον</em></span> <span class='ocrx_word' id='word_1_13' title='bbox 984 246 1030 289; x_wconf 80' lang='grc' dir='ltr'><strong>δὲ</strong></span> <span class='ocrx_word' id='word_1_14' title='bbox 1048 243 1075 302; x_wconf 82' lang='grc' dir='ltr'><strong><em>ἦ</em></strong></span> <span class='ocrx_word' id='word_1_15' title='bbox 1094 249 1170 290; x_wconf 85' lang='grc' dir='ltr'><strong>τοῦ</strong></span> <span class='ocrx_word' id='word_1_16' title='bbox 1190 248 1327 303; x_wconf 88' lang='grc' dir='ltr'><em>σοφοῦ</em></span> <span class='ocrx_word' id='word_1_17' title='bbox 1355 245 1423 288; x_wconf 81' lang='grc' dir='ltr'><em>καὶ</em></span> <span class='ocrx_word' id='word_1_18' title='bbox 1443 242 1483 301; x_wconf 79' lang='grc' dir='ltr'><strong><em>ἦ</em></strong></span> <span class='ocrx_word' id='word_1_19' title='bbox 1497 248 1573 288; x_wconf 89' lang='grc' dir='ltr'><strong>τοῦ</strong></span> <span class='ocrx_word' id='word_1_20' title='bbox 1601 245 1731 288; x_wconf 83' lang='grc' dir='ltr'><em>δυνα-</em></span> 
     </span>
     <span class='ocr_line' id='line_1_3' title="bbox 52 307 1731 388; baseline -0.006 -22"><span class='ocrx_word' id='word_1_21' title='bbox 52 339 54 341; x_wconf 91' lang='grc'><em>·</em></span> <span class='ocrx_word' id='word_1_22' title='bbox 81 308 150 341; x_wconf 62' lang='lat'><strong>¹¹¹⁶·</strong></span> <span class='ocrx_word' id='word_1_23' title='bbox 166 307 191 342; x_wconf 81' lang='lat'>4</span> <span class='ocrx_word' id='word_1_24' title='bbox 211 324 327 388; x_wconf 81' lang='grc' dir='ltr'><em>Βτοῦ</em></span> <span class='ocrx_word' id='word_1_25' title='bbox 366 322 434 364; x_wconf 79' lang='grc' dir='ltr'><em>καὶ</em></span> <span class='ocrx_word' id='word_1_26' title='bbox 465 318 491 375; x_wconf 77' lang='grc' dir='ltr'><strong><em>ἦ</em></strong></span> <span class='ocrx_word' id='word_1_27' title='bbox 522 322 596 362; x_wconf 90' lang='grc' dir='ltr'><strong>τοῦ</strong></span> <span class='ocrx_word' id='word_1_28' title='bbox 630 317 788 360; x_wconf 78' lang='grc' dir='ltr'><strong><em>δικαίου</em></strong></span> <span class='ocrx_word' id='word_1_29' title='bbox 804 328 814 339; x_wconf 89' lang='grc'><em>·</em></span> <span class='ocrx_word' id='word_1_30' title='bbox 852 315 947 359; x_wconf 82' lang='grc' dir='ltr'><em>ἀλλ’</em></span> <span class='ocrx_word' id='word_1_31' title='bbox 974 314 1127 373; x_wconf 80' lang='grc' dir='ltr'><em>ὅσαπερ</em></span> <span class='ocrx_word' id='word_1_32' title='bbox 1147 314 1198 359; x_wconf 73' lang='grc' dir='ltr'><em>ἂν</em></span> <span class='ocrx_word' id='word_1_33' title='bbox 1220 315 1336 374; x_wconf 73' lang='grc' dir='ltr'><em>εἴπῃς</em></span> <span class='ocrx_word' id='word_1_34' title='bbox 1355 312 1539 370; x_wconf 84' lang='grc' dir='ltr'><em>ὀνόματα</em></span> <span class='ocrx_word' id='word_1_35' title='bbox 1549 347 1562 366; x_wconf 86' lang='grc'><em>,</em></span> <span class='ocrx_word' id='word_1_36' title='bbox 1597 313 1643 357; x_wconf 61' lang='grc' dir='ltr'><em>(ἐν</em></span> <span class='ocrx_word' id='word_1_37' title='bbox 1662 314 1731 357; x_wconf 76' lang='grc' dir='ltr'><strong>διὰ</strong></span> 
     </span>
     <span class='ocr_line' id='line_1_4' title="bbox 253 382 1731 443; baseline -0.006 -8"><span class='ocrx_word' id='word_1_38' title='bbox 253 387 420 434; x_wconf 88' lang='grc' dir='ltr'><em>πάντων</em></span> <span class='ocrx_word' id='word_1_39' title='bbox 447 389 534 431; x_wconf 70' lang='grc' dir='ltr'><em>ἐστὶ</em></span> <span class='ocrx_word' id='word_1_40' title='bbox 557 386 603 430; x_wconf 82' lang='grc' dir='ltr'><strong>τὸ</strong></span> <span class='ocrx_word' id='word_1_41' title='bbox 630 382 952 441; x_wconf 70' lang='grc' dir='ltr'><em>σημαινόμενον·</em></span> <span class='ocrx_word' id='word_1_42' title='bbox 990 384 1067 428; x_wconf 77' lang='grc' dir='ltr'><em>κᾶν</em></span> <span class='ocrx_word' id='word_1_43' title='bbox 1092 385 1194 428; x_wconf 81' lang='grc' dir='ltr'><em>θεὸν</em></span> <span class='ocrx_word' id='word_1_44' title='bbox 1225 385 1361 443; x_wconf 73' lang='grc' dir='ltr'><em>εἴπῃς,</em></span> <span class='ocrx_word' id='word_1_45' title='bbox 1399 383 1472 427; x_wconf 79' lang='grc' dir='ltr'><strong>τὸν</strong></span> <span class='ocrx_word' id='word_1_46' title='bbox 1495 383 1622 427; x_wconf 78' lang='grc' dir='ltr'><em>αὐτὸν</em></span> <span class='ocrx_word' id='word_1_47' title='bbox 1646 384 1731 426; x_wconf 75' lang='grc' dir='ltr'><em>ἓνε-</em></span> 
     </span>
     <span class='ocr_line' id='line_1_5' title="bbox 254 450 1732 512; baseline -0.005 -9"><span class='ocrx_word' id='word_1_48' title='bbox 254 461 395 512; x_wconf 74' lang='grc' dir='ltr'><em>δείξω,</em></span> <span class='ocrx_word' id='word_1_49' title='bbox 433 456 480 501; x_wconf 78' lang='grc' dir='ltr'><em>ὃν</em></span> <span class='ocrx_word' id='word_1_50' title='bbox 511 455 579 499; x_wconf 78' lang='grc' dir='ltr'><strong>διὰ</strong></span> <span class='ocrx_word' id='word_1_51' title='bbox 605 459 689 498; x_wconf 81' lang='grc' dir='ltr'><strong>τῶν</strong></span> <span class='ocrx_word' id='word_1_52' title='bbox 721 458 877 498; x_wconf 82' lang='grc' dir='ltr'><em>λοιπῶν</em></span> <span class='ocrx_word' id='word_1_53' title='bbox 907 452 1124 510; x_wconf 79' lang='grc' dir='ltr'><em>ὀνομάτων</em></span> <span class='ocrx_word' id='word_1_54' title='bbox 1155 453 1341 510; x_wconf 74' lang='grc' dir='ltr'><em>ἐνόησας.</em></span> <span class='ocrx_word' id='word_1_55' title='bbox 1385 450 1732 508; x_wconf 86' lang='grc' dir='ltr'><em>Καταμανθανό-</em></span> 
     </span>
     <span class='ocr_line' id='line_1_6' title="bbox 253 521 1761 584; baseline -0.003 -12"><span class='ocrx_word' id='word_1_56' title='bbox 253 546 356 584; x_wconf 87' lang='grc' dir='ltr'><em>μενα</em></span> <span class='ocrx_word' id='word_1_57' title='bbox 377 526 455 584; x_wconf 80' lang='grc' dir='ltr'><em>γὰρ</em></span> <span class='ocrx_word' id='word_1_58' title='bbox 476 527 543 569; x_wconf 82' lang='grc' dir='ltr'><em>καὶ</em></span> <span class='ocrx_word' id='word_1_59' title='bbox 564 522 859 582; x_wconf 79' lang='grc' dir='ltr'><em>συγκρινόμενα</em></span> <span class='ocrx_word' id='word_1_60' title='bbox 883 524 988 582; x_wconf 82' lang='grc' dir='ltr'><em>πρὸς</em></span> <span class='ocrx_word' id='word_1_61' title='bbox 1017 523 1176 580; x_wconf 76' lang='grc' dir='ltr'><em>ἄλληλα</em></span> <span class='ocrx_word' id='word_1_62' title='bbox 1197 524 1250 567; x_wconf 78' lang='grc' dir='ltr'><strong>τὰ</strong></span> <span class='ocrx_word' id='word_1_63' title='bbox 1275 521 1459 579; x_wconf 77' lang='grc' dir='ltr'><em>ὀνόματα</em></span> <span class='ocrx_word' id='word_1_64' title='bbox 1490 522 1560 566; x_wconf 79' lang='grc' dir='ltr'><strong>διὰ</strong></span> <span class='ocrx_word' id='word_1_65' title='bbox 1585 526 1661 579; x_wconf 82' lang='grc' dir='ltr'><strong>τῆς</strong></span> <span class='ocrx_word' id='word_1_66' title='bbox 1686 521 1761 567; x_wconf 81' lang='grc' dir='ltr'><em>ε’ν5</em></span> 
     </span>
     <span class='ocr_line' id='line_1_7' title="bbox 253 592 1732 652; baseline -0.005 -11"><span class='ocrx_word' id='word_1_67' title='bbox 253 595 440 646; x_wconf 70' lang='grc' dir='ltr'><em>ἑκάστοις</em></span> <span class='ocrx_word' id='word_1_68' title='bbox 481 594 816 651; x_wconf 76' lang='grc' dir='ltr'><em>ἔνθεωρουμένης</em></span> <span class='ocrx_word' id='word_1_69' title='bbox 845 592 1062 652; x_wconf 75' lang='grc' dir='ltr'><em>ἐμφάσεως</em></span> <span class='ocrx_word' id='word_1_70' title='bbox 1092 592 1358 652; x_wconf 73' lang='grc' dir='ltr'><em>εὑρεθήσεται</em></span> <span class='ocrx_word' id='word_1_71' title='bbox 1388 593 1519 648; x_wconf 79' lang='grc' dir='ltr'><em>μηδὲν</em></span> <span class='ocrx_word' id='word_1_72' title='bbox 1548 596 1625 648; x_wconf 79' lang='grc' dir='ltr'><strong>τῆς</strong></span> <span class='ocrx_word' id='word_1_73' title='bbox 1656 595 1732 635; x_wconf 90' lang='grc' dir='ltr'><strong>τοῦ</strong></span> 
     </span>
     <span class='ocr_line' id='line_1_8' title="bbox 251 659 1734 723; baseline -0.004 -13"><span class='ocrx_word' id='word_1_74' title='bbox 251 670 356 710; x_wconf 87' lang='grc' dir='ltr'><em>θεοῦ</em></span> <span class='ocrx_word' id='word_1_75' title='bbox 379 665 656 723; x_wconf 82' lang='grc' dir='ltr'><em>προσηγορίας</em></span> <span class='ocrx_word' id='word_1_76' title='bbox 681 663 852 707; x_wconf 70' lang='grc' dir='ltr'><em>ἔλαττον</em></span> <span class='ocrx_word' id='word_1_77' title='bbox 874 664 1040 720; x_wconf 19' lang='grc' dir='ltr'><em>(ἔχοντα.</em></span> <span class='ocrx_word' id='word_1_78' title='bbox 1087 661 1307 720; x_wconf 82' lang='grc' dir='ltr'><em>τεκμήριον</em></span> <span class='ocrx_word' id='word_1_79' title='bbox 1328 662 1394 716; x_wconf 75' lang='grc' dir='ltr'><strong>δὲ,</strong></span> <span class='ocrx_word' id='word_1_80' title='bbox 1423 660 1486 706; x_wconf 77' lang='grc' dir='ltr'><strong>ὅτι</strong></span> <span class='ocrx_word' id='word_1_81' title='bbox 1504 659 1640 720; x_wconf 79' lang='grc' dir='ltr'><em>τούτῳ</em></span> <span class='ocrx_word' id='word_1_82' title='bbox 1658 661 1734 716; x_wconf 71' lang='grc' dir='ltr'><strong>μὲν</strong></span> 
     </span>
     <span class='ocr_line' id='line_1_9' title="bbox 250 729 1734 795; baseline -0.005 -15"><span class='ocrx_word' id='word_1_83' title='bbox 250 740 309 795; x_wconf 79' lang='grc' dir='ltr'><strong>τῷ</strong></span> <span class='ocrx_word' id='word_1_84' title='bbox 330 733 502 791; x_wconf 77' lang='grc' dir='ltr'><em>ὀνόματι</em></span> <span class='ocrx_word' id='word_1_85' title='bbox 525 733 658 777; x_wconf 80' lang='grc' dir='ltr'><em>πολλὰ</em></span> <span class='ocrx_word' id='word_1_86' title='bbox 682 735 750 776; x_wconf 84' lang='grc' dir='ltr'><em>καὶ</em></span> <span class='ocrx_word' id='word_1_87' title='bbox 770 738 854 777; x_wconf 82' lang='grc' dir='ltr'><strong>τῶν</strong></span> <span class='ocrx_word' id='word_1_88' title='bbox 872 733 1201 791; x_wconf 83' lang='grc' dir='ltr'><em>καταδεεστέρων</em></span> <span class='ocrx_word' id='word_1_89' title='bbox 1223 729 1515 788; x_wconf 74' lang='grc' dir='ltr'><em>ἐπονομάζεται</em></span> <span class='ocrx_word' id='word_1_90' title='bbox 1525 764 1539 784; x_wconf 92' lang='grc'><em>,</em></span> <span class='ocrx_word' id='word_1_91' title='bbox 1569 732 1637 774; x_wconf 86' lang='grc' dir='ltr'><em>καὶ</em></span> <span class='ocrx_word' id='word_1_92' title='bbox 1668 731 1734 773; x_wconf 74' lang='grc' dir='ltr'><strong>ἐπὶ</strong></span> 
     </span>
     <span class='ocr_line' id='line_1_10' title="bbox 251 799 1735 862; baseline -0.005 -13"><span class='ocrx_word' id='word_1_93' title='bbox 251 809 335 849; x_wconf 87' lang='grc' dir='ltr'><strong>τῶν</strong></span> <span class='ocrx_word' id='word_1_94' title='bbox 359 801 701 862; x_wconf 80' lang='grc' dir='ltr'><em>ἀπεμφαινόντων</em></span> <span class='ocrx_word' id='word_1_95' title='bbox 728 801 879 858; x_wconf 83' lang='grc' dir='ltr'><em>ὁμοίως</em></span> <span class='ocrx_word' id='word_1_96' title='bbox 904 803 1121 862; x_wconf 85' lang='grc' dir='ltr'><em>λεγομένῳ.</em></span> <span class='ocrx_word' id='word_1_97' title='bbox 1179 802 1241 845; x_wconf 83' lang='grc' dir='ltr'><strong>Τὸ</strong></span> <span class='ocrx_word' id='word_1_98' title='bbox 1272 803 1316 845; x_wconf 82' lang='grc' dir='ltr'><strong>δὲ</strong></span> <span class='ocrx_word' id='word_1_99' title='bbox 1345 805 1421 845; x_wconf 90' lang='grc' dir='ltr'><strong>τοῦ</strong></span> <span class='ocrx_word' id='word_1_100' title='bbox 1451 799 1568 858; x_wconf 78' lang='grc' dir='ltr'><em>ἁγίου</em></span> <span class='ocrx_word' id='word_1_101' title='bbox 1602 799 1735 856; x_wconf 71' lang='grc' dir='ltr'><em>ὄνομα</em></span> 
     </span>
     <span class='ocr_line' id='line_1_11' title="bbox 212 870 1792 931; baseline -0.003 -16"><span class='ocrx_word' id='word_1_102' title='bbox 212 876 322 918; x_wconf 78' lang='grc' dir='ltr'><em>Οκαὶ</em></span> <span class='ocrx_word' id='word_1_103' title='bbox 351 878 425 917; x_wconf 90' lang='grc' dir='ltr'><strong>τοῦ</strong></span> <span class='ocrx_word' id='word_1_104' title='bbox 460 871 688 931; x_wconf 76' lang='grc' dir='ltr'><em>ἀφθάρτου</em></span> <span class='ocrx_word' id='word_1_105' title='bbox 730 875 798 916; x_wconf 84' lang='grc' dir='ltr'><em>καὶ</em></span> <span class='ocrx_word' id='word_1_106' title='bbox 830 877 906 916; x_wconf 90' lang='grc' dir='ltr'><strong>τοῦ</strong></span> <span class='ocrx_word' id='word_1_107' title='bbox 938 872 1083 923; x_wconf 73' lang='grc' dir='ltr'><em>εὐθέος</em></span> <span class='ocrx_word' id='word_1_108' title='bbox 1123 874 1189 915; x_wconf 73' lang='grc' dir='ltr'><em>καὶ</em></span> <span class='ocrx_word' id='word_1_109' title='bbox 1223 876 1298 915; x_wconf 91' lang='grc' dir='ltr'><strong>τοῦ</strong></span> <span class='ocrx_word' id='word_1_110' title='bbox 1340 871 1504 928; x_wconf 78' lang='grc' dir='ltr'><em>ἀγαθοῦ</em></span> <span class='ocrx_word' id='word_1_111' title='bbox 1546 870 1733 924; x_wconf 74' lang='grc' dir='ltr'><em>οὐδαμοῦ</em></span> <span class='ocrx_word' id='word_1_112' title='bbox 1748 874 1792 910; x_wconf 88' lang='grc'><strong>10</strong></span> 
     </span>
     <span class='ocr_line' id='line_1_12' title="bbox 252 937 1737 999; baseline -0.004 -11"><span class='ocrx_word' id='word_1_113' title='bbox 252 940 610 997; x_wconf 81' lang='grc' dir='ltr'><em>κοινοποιούμενον</em></span> <span class='ocrx_word' id='word_1_114' title='bbox 625 941 730 999; x_wconf 84' lang='grc' dir='ltr'><em>πρὸς</em></span> <span class='ocrx_word' id='word_1_115' title='bbox 750 942 803 985; x_wconf 83' lang='grc' dir='ltr'><strong>τὰ</strong></span> <span class='ocrx_word' id='word_1_116' title='bbox 824 942 883 998; x_wconf 84' lang='grc' dir='ltr'><strong>μὴ</strong></span> <span class='ocrx_word' id='word_1_117' title='bbox 905 942 1051 985; x_wconf 84' lang='grc' dir='ltr'><em>δέοντα</em></span> <span class='ocrx_word' id='word_1_118' title='bbox 1068 941 1183 999; x_wconf 78' lang='grc' dir='ltr'><em>παρὰ</em></span> <span class='ocrx_word' id='word_1_119' title='bbox 1216 945 1290 997; x_wconf 78' lang='grc' dir='ltr'><strong>τῆς</strong></span> <span class='ocrx_word' id='word_1_120' title='bbox 1314 944 1478 999; x_wconf 83' lang='grc' dir='ltr'><em>γραφῆς</em></span> <span class='ocrx_word' id='word_1_121' title='bbox 1507 937 1737 994; x_wconf 74' lang='grc' dir='ltr'><em>ἐδιδάχθη-</em></span> 
     </span>
     <span class='ocr_line' id='line_1_13' title="bbox 252 1007 1737 1072; baseline -0.004 -16"><span class='ocrx_word' id='word_1_122' title='bbox 252 1013 371 1069; x_wconf 90' lang='grc' dir='ltr'><em>μεν.”</em></span> <span class='ocrx_word' id='word_1_123' title='bbox 416 1011 509 1072; x_wconf 46' lang='lat' dir='ltr'><strong>(Est)</strong></span> <span class='ocrx_word' id='word_1_124' title='bbox 533 1012 650 1067; x_wconf 79' lang='grc' dir='ltr'><em>Ἐμοὶ</em></span> <span class='ocrx_word' id='word_1_125' title='bbox 671 1012 715 1054; x_wconf 80' lang='grc' dir='ltr'><strong>δὲ</strong></span> <span class='ocrx_word' id='word_1_126' title='bbox 735 1013 803 1054; x_wconf 83' lang='grc' dir='ltr'><em>καὶ</em></span> <span class='ocrx_word' id='word_1_127' title='bbox 821 1012 984 1062; x_wconf 88' lang='grc' dir='ltr'><em>πλειόυς</em></span> <span class='ocrx_word' id='word_1_128' title='bbox 1005 1014 1061 1062; x_wconf 82' lang='grc' dir='ltr'><strong>εἲς</strong></span> <span class='ocrx_word' id='word_1_129' title='bbox 1081 1011 1156 1067; x_wconf 88' lang='grc' dir='ltr'><strong>τὴν</strong></span> <span class='ocrx_word' id='word_1_130' title='bbox 1179 1015 1263 1054; x_wconf 86' lang='grc' dir='ltr'><strong>τῶν</strong></span> <span class='ocrx_word' id='word_1_131' title='bbox 1283 1010 1509 1068; x_wconf 80' lang='grc' dir='ltr'><em>λεγομένων</em></span> <span class='ocrx_word' id='word_1_132' title='bbox 1528 1007 1737 1059; x_wconf 77' lang='grc' dir='ltr'><em>ἀπόδειξιν</em></span> 
     </span>
     <span class='ocr_line' id='line_1_14' title="bbox 254 1076 1740 1141; baseline -0.004 -15"><span class='ocrx_word' id='word_1_133' title='bbox 254 1081 483 1140; x_wconf 77' lang='grc' dir='ltr'><em>ὡρμημένῳ</em></span> <span class='ocrx_word' id='word_1_134' title='bbox 505 1078 702 1138; x_wconf 79' lang='grc' dir='ltr'><em>παράγειν</em></span> <span class='ocrx_word' id='word_1_135' title='bbox 737 1078 877 1138; x_wconf 78' lang='grc' dir='ltr'><em>ἁγίους</em></span> <span class='ocrx_word' id='word_1_136' title='bbox 904 1081 1007 1141; x_wconf 72' lang='grc' dir='ltr'><em>ῥᾷον</em></span> <span class='ocrx_word' id='word_1_137' title='bbox 1030 1080 1168 1132; x_wconf 66' lang='grc' dir='ltr'><em>ἔδοξεν</em></span> <span class='ocrx_word' id='word_1_138' title='bbox 1185 1079 1309 1134; x_wconf 76' lang='grc' dir='ltr'><em>εἶναι,</em></span> <span class='ocrx_word' id='word_1_139' title='bbox 1340 1078 1541 1137; x_wconf 84' lang='grc' dir='ltr'><em>πρότερον</em></span> <span class='ocrx_word' id='word_1_140' title='bbox 1566 1077 1625 1121; x_wconf 78' lang='grc' dir='ltr'><strong>δι’</strong></span> <span class='ocrx_word' id='word_1_141' title='bbox 1649 1076 1740 1128; x_wconf 72' lang='grc' dir='ltr'><em>ἑνὸς</em></span> 
     </span>
     <span class='ocr_line' id='line_1_15' title="bbox 254 1144 1738 1208; baseline -0.003 -13"><span class='ocrx_word' id='word_1_142' title='bbox 254 1144 432 1195; x_wconf 82' lang='grc' dir='ltr'><em>τουτουῖ·</em></span> <span class='ocrx_word' id='word_1_143' title='bbox 452 1151 527 1207; x_wconf 88' lang='grc' dir='ltr'><strong>τὴν</strong></span> <span class='ocrx_word' id='word_1_144' title='bbox 560 1155 644 1193; x_wconf 84' lang='grc' dir='ltr'><strong>τῶν</strong></span> <span class='ocrx_word' id='word_1_145' title='bbox 668 1148 797 1193; x_wconf 90' lang='grc' dir='ltr'><em>πάλαι</em></span> <span class='ocrx_word' id='word_1_146' title='bbox 827 1150 932 1208; x_wconf 83' lang='grc' dir='ltr'><em>πρὸς</em></span> <span class='ocrx_word' id='word_1_147' title='bbox 961 1150 1014 1193; x_wconf 76' lang='grc' dir='ltr'><strong>τὰ</strong></span> <span class='ocrx_word' id='word_1_148' title='bbox 1042 1148 1230 1207; x_wconf 91' lang='grc' dir='ltr'><em>παρόντα</em></span> <span class='ocrx_word' id='word_1_149' title='bbox 1258 1150 1488 1207; x_wconf 88' lang='grc' dir='ltr'><em>συγγένειαν</em></span> <span class='ocrx_word' id='word_1_150' title='bbox 1507 1145 1738 1206; x_wconf 78' lang='grc' dir='ltr'><em>διευκρινή-</em></span> 
     </span>
     <span class='ocr_line' id='line_1_16' title="bbox 256 1216 1793 1277; baseline -0.003 -13"><span class='ocrx_word' id='word_1_151' title='bbox 256 1238 435 1274; x_wconf 88' lang='grc' dir='ltr'><em>σαντας,</em></span> <span class='ocrx_word' id='word_1_152' title='bbox 482 1219 620 1263; x_wconf 64' lang='grc' dir='ltr'><em>ἔπειτα</em></span> <span class='ocrx_word' id='word_1_153' title='bbox 653 1221 872 1277; x_wconf 77' lang='grc' dir='ltr'><em>ἐπενεγκεῖν</em></span> <span class='ocrx_word' id='word_1_154' title='bbox 904 1222 971 1262; x_wconf 74' lang='grc' dir='ltr'><em>καὶ</em></span> <span class='ocrx_word' id='word_1_155' title='bbox 1002 1220 1078 1270; x_wconf 82' lang='grc' dir='ltr'><strong>τὰς</strong></span> <span class='ocrx_word' id='word_1_156' title='bbox 1107 1224 1190 1263; x_wconf 82' lang='grc' dir='ltr'><strong>τῶν</strong></span> <span class='ocrx_word' id='word_1_157' title='bbox 1223 1219 1359 1262; x_wconf 76' lang='grc' dir='ltr'><em>ἄλλων</em></span> <span class='ocrx_word' id='word_1_158' title='bbox 1397 1219 1632 1276; x_wconf 86' lang='grc' dir='ltr'><em>μαρτυρίας</em></span> <span class='ocrx_word' id='word_1_159' title='bbox 1666 1216 1736 1260; x_wconf 80' lang='grc' dir='ltr'><strong>διὰ</strong></span> <span class='ocrx_word' id='word_1_160' title='bbox 1753 1223 1793 1259; x_wconf 82' lang='lat'><strong>15</strong></span> 
     </span>
     <span class='ocr_line' id='line_1_17' title="bbox 218 1285 1738 1347; baseline -0.003 -13"><span class='ocrx_word' id='word_1_161' title='bbox 218 1290 357 1341; x_wconf 78' lang='grc' dir='ltr'><strong>Ι)τούς</strong></span> <span class='ocrx_word' id='word_1_162' title='bbox 379 1288 639 1347; x_wconf 74' lang='grc' dir='ltr'><em>ἀμφιβόλους</em></span> <span class='ocrx_word' id='word_1_163' title='bbox 669 1291 736 1333; x_wconf 81' lang='grc' dir='ltr'><em>καὶ</em></span> <span class='ocrx_word' id='word_1_164' title='bbox 760 1287 1133 1347; x_wconf 85' lang='grc' dir='ltr'><em>σμικρογνώμονας.</em></span> <span class='ocrx_word' id='word_1_165' title='bbox 1180 1290 1263 1332; x_wconf 76' lang='grc' dir='ltr'><em>ἐπεὶ</em></span> <span class='ocrx_word' id='word_1_166' title='bbox 1284 1288 1362 1332; x_wconf 78' lang='grc' dir='ltr'><strong>κάκ</strong></span> <span class='ocrx_word' id='word_1_167' title='bbox 1383 1285 1534 1331; x_wconf 80' lang='grc' dir='ltr'><em>τούτου</em></span> <span class='ocrx_word' id='word_1_168' title='bbox 1565 1291 1639 1331; x_wconf 90' lang='grc' dir='ltr'><strong>νῦν</strong></span> <span class='ocrx_word' id='word_1_169' title='bbox 1660 1286 1738 1341; x_wconf 82' lang='grc' dir='ltr'><em>με’-</em></span> 
     </span>
     <span class='ocr_line' id='line_1_18' title="bbox 255 1354 1739 1419; baseline -0.003 -16"><span class='ocrx_word' id='word_1_170' title='bbox 255 1357 352 1419; x_wconf 87' lang='grc' dir='ltr'><em>τριά</em></span> <span class='ocrx_word' id='word_1_171' title='bbox 379 1357 472 1403; x_wconf 84' lang='grc' dir='ltr'><em>τινά</em></span> <span class='ocrx_word' id='word_1_172' title='bbox 498 1376 571 1414; x_wconf 89' lang='grc' dir='ltr'><strong>μοι</strong></span> <span class='ocrx_word' id='word_1_173' title='bbox 596 1359 712 1416; x_wconf 82' lang='grc' dir='ltr'><em>δίκην</em></span> <span class='ocrx_word' id='word_1_174' title='bbox 745 1358 893 1418; x_wconf 73' lang='grc' dir='ltr'><em>ἐράνου</em></span> <span class='ocrx_word' id='word_1_175' title='bbox 922 1363 1143 1415; x_wconf 85' lang='grc' dir='ltr'><em>συνῆκται,</em></span> <span class='ocrx_word' id='word_1_176' title='bbox 1182 1361 1251 1402; x_wconf 83' lang='grc' dir='ltr'><em>καὶ</em></span> <span class='ocrx_word' id='word_1_177' title='bbox 1283 1357 1382 1402; x_wconf 81' lang='grc' dir='ltr'><em>ὅσον</em></span> <span class='ocrx_word' id='word_1_178' title='bbox 1410 1354 1739 1415; x_wconf 78' lang='grc' dir='ltr'><em>ἀφοσιώσασθαι</em></span> 
     </span>
     <span class='ocr_line' id='line_1_19' title="bbox 105 1425 1735 1487; baseline -0.004 -13"><span class='ocrx_word' id='word_1_179' title='bbox 105 1429 148 1467; x_wconf 84' lang='lat' dir='ltr'><strong>V·</strong></span> <span class='ocrx_word' id='word_1_180' title='bbox 165 1429 236 1466; x_wconf 84' lang='grc'><strong>518</strong></span> <span class='ocrx_word' id='word_1_181' title='bbox 261 1429 367 1487; x_wconf 80' lang='grc' dir='ltr'><em>πρὸς</em></span> <span class='ocrx_word' id='word_1_182' title='bbox 393 1428 470 1485; x_wconf 85' lang='grc' dir='ltr'><strong>τὴν</strong></span> <span class='ocrx_word' id='word_1_183' title='bbox 497 1426 661 1484; x_wconf 76' lang='grc' dir='ltr'><em>ζήτησιν</em></span> <span class='ocrx_word' id='word_1_184' title='bbox 687 1430 755 1472; x_wconf 86' lang='grc' dir='ltr'><em>καὶ</em></span> <span class='ocrx_word' id='word_1_185' title='bbox 779 1429 922 1487; x_wconf 84' lang='grc' dir='ltr'><em>χρείαν</em></span> <span class='ocrx_word' id='word_1_186' title='bbox 950 1433 1025 1485; x_wconf 80' lang='grc' dir='ltr'><strong>τῆς</strong></span> <span class='ocrx_word' id='word_1_187' title='bbox 1056 1433 1130 1472; x_wconf 90' lang='grc' dir='ltr'><strong>νῦν</strong></span> <span class='ocrx_word' id='word_1_188' title='bbox 1155 1426 1407 1478; x_wconf 68' lang='grc' dir='ltr'><em>ὑποθέσεως.</em></span> <span class='ocrx_word' id='word_1_189' title='bbox 1455 1427 1613 1478; x_wconf 73' lang='grc' dir='ltr'><em>ἐξέσται</em></span> <span class='ocrx_word' id='word_1_190' title='bbox 1640 1425 1735 1483; x_wconf 82' lang='grc' dir='ltr'><em>γὰρ,</em></span> 
     </span>
     <span class='ocr_line' id='line_1_20' title="bbox 259 1493 1740 1559; baseline -0.005 -16"><span class='ocrx_word' id='word_1_191' title='bbox 259 1498 344 1559; x_wconf 79' lang='grc' dir='ltr'><strong>ὅτῳ</strong></span> <span class='ocrx_word' id='word_1_192' title='bbox 376 1497 427 1541; x_wconf 76' lang='grc' dir='ltr'><em>ἂν</em></span> <span class='ocrx_word' id='word_1_193' title='bbox 455 1493 482 1556; x_wconf 79' lang='grc' dir='ltr'><strong><em>ᾖ</em></strong></span> <span class='ocrx_word' id='word_1_194' title='bbox 507 1498 774 1558; x_wconf 75' lang='grc' dir='ltr'><em>βουλομένῳ,</em></span> <span class='ocrx_word' id='word_1_195' title='bbox 814 1506 901 1549; x_wconf 79' lang='grc' dir='ltr'><em>τοῖς</em></span> <span class='ocrx_word' id='word_1_196' title='bbox 933 1499 1160 1556; x_wconf 80' lang='grc' dir='ltr'><em>εἴρημένοις</em></span> <span class='ocrx_word' id='word_1_197' title='bbox 1188 1497 1496 1555; x_wconf 81' lang='grc' dir='ltr'><em>παρατιθέντας</em></span> <span class='ocrx_word' id='word_1_198' title='bbox 1519 1495 1564 1539; x_wconf 65' lang='grc' dir='ltr'><em>ἓν</em></span> <span class='ocrx_word' id='word_1_199' title='bbox 1588 1494 1647 1538; x_wconf 72' lang='grc' dir='ltr'><em>ἑνὶ</em></span> <span class='ocrx_word' id='word_1_200' title='bbox 1668 1496 1740 1538; x_wconf 85' lang='grc' dir='ltr'><em>καὶ</em></span> 
     </span>
     <span class='ocr_line' id='line_1_21' title="bbox 262 1565 1794 1624; baseline -0.004 -12"><span class='ocrx_word' id='word_1_201' title='bbox 262 1569 420 1612; x_wconf 87' lang='grc' dir='ltr'><em>πλειόσι</em></span> <span class='ocrx_word' id='word_1_202' title='bbox 443 1568 568 1611; x_wconf 88' lang='grc' dir='ltr'><em>πλείω</em></span> <span class='ocrx_word' id='word_1_203' title='bbox 590 1573 673 1611; x_wconf 87' lang='grc' dir='ltr'><strong>τῶν</strong></span> <span class='ocrx_word' id='word_1_204' title='bbox 693 1567 798 1611; x_wconf 78' lang='grc' dir='ltr'><em>καθ’</em></span> <span class='ocrx_word' id='word_1_205' title='bbox 820 1566 932 1623; x_wconf 76' lang='grc' dir='ltr'><em>ἡμᾶς</em></span> <span class='ocrx_word' id='word_1_206' title='bbox 952 1566 1161 1624; x_wconf 81' lang='grc' dir='ltr'><em>ἀκήρατον</em></span> <span class='ocrx_word' id='word_1_207' title='bbox 1181 1565 1376 1624; x_wconf 76' lang='grc' dir='ltr'><em>εὑρίσκειν</em></span> <span class='ocrx_word' id='word_1_208' title='bbox 1400 1566 1475 1622; x_wconf 88' lang='grc' dir='ltr'><strong>τὴν</strong></span> <span class='ocrx_word' id='word_1_209' title='bbox 1493 1565 1738 1623; x_wconf 84' lang='grc' dir='ltr'><em>συμφωνίαν</em></span> <span class='ocrx_word' id='word_1_210' title='bbox 1749 1572 1794 1607; x_wconf 75' lang='lat'><strong>20</strong></span> 
     </span>
     <span class='ocr_line' id='line_1_22' title="bbox 260 1631 1742 1696; baseline -0.003 -15"><span class='ocrx_word' id='word_1_211' title='bbox 260 1642 335 1682; x_wconf 86' lang='grc' dir='ltr'><strong>τοῦ</strong></span> <span class='ocrx_word' id='word_1_212' title='bbox 354 1641 428 1680; x_wconf 90' lang='grc' dir='ltr'><strong>νῦν</strong></span> <span class='ocrx_word' id='word_1_213' title='bbox 449 1638 631 1694; x_wconf 80' lang='grc' dir='ltr'><em>διωγμοῦ</em></span> <span class='ocrx_word' id='word_1_214' title='bbox 651 1637 754 1696; x_wconf 81' lang='grc' dir='ltr'><em>πρὸς</em></span> <span class='ocrx_word' id='word_1_215' title='bbox 779 1637 852 1680; x_wconf 85' lang='grc' dir='ltr'><strong>τὸν</strong></span> <span class='ocrx_word' id='word_1_216' title='bbox 874 1635 986 1680; x_wconf 88' lang='grc' dir='ltr'><em>τότε·</em></span> <span class='ocrx_word' id='word_1_217' title='bbox 1025 1639 1092 1680; x_wconf 84' lang='grc' dir='ltr'><em>καὶ</em></span> <span class='ocrx_word' id='word_1_218' title='bbox 1118 1635 1349 1692; x_wconf 83' lang='grc' dir='ltr'><em>μανθάνειν</em></span> <span class='ocrx_word' id='word_1_219' title='bbox 1368 1635 1648 1694; x_wconf 82' lang='grc' dir='ltr'><em>σαφέστερον,</em></span> <span class='ocrx_word' id='word_1_220' title='bbox 1685 1631 1742 1684; x_wconf 79' lang='grc' dir='ltr'><em>ὥς</em></span> 
     </span>
     <span class='ocr_line' id='line_1_23' title="bbox 224 1700 1742 1766; baseline -0.003 -17"><span class='ocrx_word' id='word_1_221' title='bbox 224 1707 295 1751; x_wconf 60' lang='lat' dir='ltr'><strong>E&amp;</strong></span> <span class='ocrx_word' id='word_1_222' title='bbox 327 1709 504 1764; x_wconf 68' lang='grc' dir='ltr'><em>διῖστησι</em></span> <span class='ocrx_word' id='word_1_223' title='bbox 528 1705 703 1765; x_wconf 78' lang='grc' dir='ltr'><em>χρίνος,</em></span> <span class='ocrx_word' id='word_1_224' title='bbox 740 1710 875 1751; x_wconf 86' lang='grc' dir='ltr'><em>ταῦτα</em></span> <span class='ocrx_word' id='word_1_225' title='bbox 903 1704 1055 1766; x_wconf 87' lang='grc' dir='ltr'><em>χρόνος</em></span> <span class='ocrx_word' id='word_1_226' title='bbox 1079 1704 1438 1762; x_wconf 76' lang='grc' dir='ltr'><em>ἐπαναλαμβάνων</em></span> <span class='ocrx_word' id='word_1_227' title='bbox 1467 1700 1594 1755; x_wconf 72' lang='grc' dir='ltr'><em>αὖθις</em></span> <span class='ocrx_word' id='word_1_228' title='bbox 1626 1704 1742 1751; x_wconf 78' lang='grc' dir='ltr'><em>συνί-</em></span> 
     </span>
    </p>
   </div>
   <div class='ocr_carea' id='block_1_3' title="bbox 351 1812 1740 1911">
    <p class='ocr_par' dir='ltr' id='par_1_3' title="bbox 351 1812 1740 1911">
     <span class='ocr_line' id='line_1_24' title="bbox 357 1812 1740 1865; baseline -0.005 -11"><span class='ocrx_word' id='word_1_229' title='bbox 357 1819 391 1854; x_wconf 92' lang='grc'><strong>1.</strong></span> <span class='ocrx_word' id='word_1_230' title='bbox 425 1813 450 1863; x_wconf 82' lang='grc' dir='ltr'><strong><em>ἦ</em></strong></span> <span class='ocrx_word' id='word_1_231' title='bbox 487 1818 654 1854; x_wconf 80' lang='grc' dir='ltr'><em>δυνατοῦ</em></span> <span class='ocrx_word' id='word_1_232' title='bbox 689 1829 810 1865; x_wconf 82' lang='lat' dir='ltr'><strong>apogr.</strong></span> <span class='ocrx_word' id='word_1_233' title='bbox 848 1818 957 1860; x_wconf 64' lang='lat' dir='ltr'><strong>Pan,</strong></span> <span class='ocrx_word' id='word_1_234' title='bbox 986 1817 1051 1854; x_wconf 79' lang='grc' dir='ltr'><strong>καὶ</strong></span> <span class='ocrx_word' id='word_1_235' title='bbox 1076 1818 1146 1854; x_wconf 82' lang='grc' dir='ltr'><strong>τοῦ</strong></span> <span class='ocrx_word' id='word_1_236' title='bbox 1173 1817 1255 1853; x_wconf 85' lang='lat' dir='ltr'><strong>edd.</strong></span> <span class='ocrx_word' id='word_1_237' title='bbox 1290 1815 1353 1853; x_wconf 81' lang='grc' dir='ltr'><strong>καὶ</strong></span> <span class='ocrx_word' id='word_1_238' title='bbox 1384 1812 1410 1863; x_wconf 81' lang='grc' dir='ltr'><em>ἡ</em></span> <span class='ocrx_word' id='word_1_239' title='bbox 1444 1814 1516 1852; x_wconf 77' lang='grc' dir='ltr'><strong>τοῦ</strong></span> <span class='ocrx_word' id='word_1_240' title='bbox 1545 1826 1610 1850; x_wconf 87' lang='lat' dir='ltr'><strong>em.</strong></span> <span class='ocrx_word' id='word_1_241' title='bbox 1639 1812 1740 1849; x_wconf 82' lang='lat' dir='ltr'><strong>Boiv.</strong></span> 
     </span>
     <span class='ocr_line' id='line_1_25' title="bbox 351 1862 1118 1911; baseline -0.003 -10"><span class='ocrx_word' id='word_1_242' title='bbox 351 1863 387 1901; x_wconf 74' lang='lat'><strong>4.</strong></span> <span class='ocrx_word' id='word_1_243' title='bbox 413 1862 568 1911; x_wconf 80' lang='grc' dir='ltr'><em>ἐνόησας</em></span> <span class='ocrx_word' id='word_1_244' title='bbox 592 1865 693 1911; x_wconf 64' lang='lat' dir='ltr'><strong>edd„</strong></span> <span class='ocrx_word' id='word_1_245' title='bbox 718 1864 876 1911; x_wconf 78' lang='grc' dir='ltr'><em>ἐνόησαν</em></span> <span class='ocrx_word' id='word_1_246' title='bbox 896 1876 1015 1911; x_wconf 82' lang='lat' dir='ltr'><strong>apogr.</strong></span> <span class='ocrx_word' id='word_1_247' title='bbox 1035 1865 1118 1900; x_wconf 89' lang='lat' dir='ltr'><strong>Par.</strong></span> 
     </span>
    </p>
   </div>
   <div class='ocr_carea' id='block_1_4' title="bbox 264 1952 1749 2886">
    <p class='ocr_par' dir='ltr' id='par_1_4' title="bbox 264 1952 1749 2886">
     <span class='ocr_line' id='line_1_26' title="bbox 264 1952 1742 2003; baseline -0.003 -12"><span class='ocrx_word' id='word_1_248' title='bbox 264 1955 391 1992; x_wconf 86' lang='lat' dir='ltr'><strong>tionem</strong></span> <span class='ocrx_word' id='word_1_249' title='bbox 414 1956 459 1992; x_wconf 87' lang='lat' dir='ltr'><strong>ad</strong></span> <span class='ocrx_word' id='word_1_250' title='bbox 484 1957 577 1992; x_wconf 85' lang='lat' dir='ltr'><strong>aliud</strong></span> <span class='ocrx_word' id='word_1_251' title='bbox 605 1958 796 1993; x_wconf 89' lang='lat' dir='ltr'><strong>subiectum</strong></span> <span class='ocrx_word' id='word_1_252' title='bbox 820 1956 917 1992; x_wconf 87' lang='lat' dir='ltr'><strong>ducit</strong></span> <span class='ocrx_word' id='word_1_253' title='bbox 945 1956 1133 2003; x_wconf 75' lang='lat' dir='ltr'><strong>appellatio</strong></span> <span class='ocrx_word' id='word_1_254' title='bbox 1159 1955 1263 1998; x_wconf 87' lang='lat' dir='ltr'><strong>boni,</strong></span> <span class='ocrx_word' id='word_1_255' title='bbox 1287 1957 1323 1990; x_wconf 88' lang='lat' dir='ltr'><strong>et</strong></span> <span class='ocrx_word' id='word_1_256' title='bbox 1346 1953 1391 1990; x_wconf 87' lang='lat' dir='ltr'><strong>ad</strong></span> <span class='ocrx_word' id='word_1_257' title='bbox 1418 1953 1535 1996; x_wconf 83' lang='lat' dir='ltr'><strong>aliud,</strong></span> <span class='ocrx_word' id='word_1_258' title='bbox 1559 1952 1742 2000; x_wconf 76' lang='lat' dir='ltr'><strong>sapientie,</strong></span> 
     </span>
     <span class='ocr_line' id='line_1_27' title="bbox 265 2001 1744 2050; baseline -0.003 -12"><span class='ocrx_word' id='word_1_259' title='bbox 265 2004 438 2049; x_wconf 82' lang='lat' dir='ltr'><strong>potentis,</strong></span> <span class='ocrx_word' id='word_1_260' title='bbox 463 2008 499 2038; x_wconf 89' lang='lat' dir='ltr'><strong>et</strong></span> <span class='ocrx_word' id='word_1_261' title='bbox 526 2004 626 2039; x_wconf 88' lang='lat' dir='ltr'><strong>iusti:</strong></span> <span class='ocrx_word' id='word_1_262' title='bbox 652 2005 714 2039; x_wconf 86' lang='lat' dir='ltr'><strong>sed</strong></span> <span class='ocrx_word' id='word_1_263' title='bbox 742 2015 967 2050; x_wconf 83' lang='lat' dir='ltr'><strong>quaecunque</strong></span> <span class='ocrx_word' id='word_1_264' title='bbox 988 2003 1154 2038; x_wconf 88' lang='lat' dir='ltr'><strong>eiusmodi</strong></span> <span class='ocrx_word' id='word_1_265' title='bbox 1174 2002 1310 2037; x_wconf 84' lang='lat' dir='ltr'><strong>nomina</strong></span> <span class='ocrx_word' id='word_1_266' title='bbox 1331 2001 1538 2048; x_wconf 78' lang='lat' dir='ltr'><strong>protuleris,</strong></span> <span class='ocrx_word' id='word_1_267' title='bbox 1565 2012 1668 2035; x_wconf 89' lang='lat' dir='ltr'><strong>unum</strong></span> <span class='ocrx_word' id='word_1_268' title='bbox 1687 2005 1744 2035; x_wconf 78' lang='lat' dir='ltr'><strong>est</strong></span> 
     </span>
     <span class='ocr_line' id='line_1_28' title="bbox 264 2047 1744 2097; baseline -0.003 -13"><span class='ocrx_word' id='word_1_269' title='bbox 264 2055 436 2097; x_wconf 85' lang='lat' dir='ltr'><strong>perpetuo</strong></span> <span class='ocrx_word' id='word_1_270' title='bbox 457 2051 546 2096; x_wconf 91' lang='lat' dir='ltr'><strong>quod</strong></span> <span class='ocrx_word' id='word_1_271' title='bbox 566 2051 791 2096; x_wconf 82' lang='lat' dir='ltr'><strong>significatur.</strong></span> <span class='ocrx_word' id='word_1_272' title='bbox 837 2051 887 2085; x_wconf 86' lang='lat' dir='ltr'><strong>Et</strong></span> <span class='ocrx_word' id='word_1_273' title='bbox 905 2050 934 2084; x_wconf 89' lang='lat' dir='ltr'><strong>si</strong></span> <span class='ocrx_word' id='word_1_274' title='bbox 951 2049 1063 2084; x_wconf 88' lang='lat' dir='ltr'><strong>Deum</strong></span> <span class='ocrx_word' id='word_1_275' title='bbox 1082 2050 1223 2092; x_wconf 81' lang='lat' dir='ltr'><strong>dixeris,</strong></span> <span class='ocrx_word' id='word_1_276' title='bbox 1247 2049 1389 2084; x_wconf 88' lang='lat' dir='ltr'><strong>eundem</strong></span> <span class='ocrx_word' id='word_1_277' title='bbox 1408 2047 1624 2094; x_wconf 81' lang='lat' dir='ltr'><strong>significasti,</strong></span> <span class='ocrx_word' id='word_1_278' title='bbox 1644 2057 1744 2092; x_wconf 87' lang='lat' dir='ltr'><strong>quem</strong></span> 
     </span>
     <span class='ocr_line' id='line_1_29' title="bbox 267 2093 1744 2142; baseline -0.002 -12"><span class='ocrx_word' id='word_1_279' title='bbox 267 2101 304 2131; x_wconf 89' lang='lat' dir='ltr'><strong>et</strong></span> <span class='ocrx_word' id='word_1_280' title='bbox 322 2097 358 2130; x_wconf 90' lang='lat' dir='ltr'><strong>in</strong></span> <span class='ocrx_word' id='word_1_281' title='bbox 374 2096 518 2142; x_wconf 87' lang='lat' dir='ltr'><strong>reliquis</strong></span> <span class='ocrx_word' id='word_1_282' title='bbox 539 2098 730 2132; x_wconf 79' lang='lat' dir='ltr'><strong>nominibus</strong></span> <span class='ocrx_word' id='word_1_283' title='bbox 746 2095 919 2142; x_wconf 85' lang='lat' dir='ltr'><strong>cogitasti.</strong></span> <span class='ocrx_word' id='word_1_284' title='bbox 966 2096 1056 2131; x_wconf 84' lang='lat' dir='ltr'><strong>Nam</strong></span> <span class='ocrx_word' id='word_1_285' title='bbox 1077 2097 1106 2130; x_wconf 87' lang='lat' dir='ltr'><strong>si</strong></span> <span class='ocrx_word' id='word_1_286' title='bbox 1124 2096 1361 2142; x_wconf 82' lang='lat' dir='ltr'><strong>expendantur</strong></span> <span class='ocrx_word' id='word_1_287' title='bbox 1381 2094 1574 2129; x_wconf 83' lang='lat' dir='ltr'><strong>huiusmodi</strong></span> <span class='ocrx_word' id='word_1_288' title='bbox 1594 2093 1744 2134; x_wconf 84' lang='lat' dir='ltr'><strong>nomina,</strong></span> 
     </span>
     <span class='ocr_line' id='line_1_30' title="bbox 267 2140 1746 2190; baseline -0.003 -12"><span class='ocrx_word' id='word_1_289' title='bbox 267 2146 305 2178; x_wconf 86' lang='lat' dir='ltr'><strong>et</strong></span> <span class='ocrx_word' id='word_1_290' title='bbox 322 2143 414 2177; x_wconf 84' lang='lat' dir='ltr'><strong>inter</strong></span> <span class='ocrx_word' id='word_1_291' title='bbox 432 2155 470 2177; x_wconf 82' lang='lat' dir='ltr'><strong>se</strong></span> <span class='ocrx_word' id='word_1_292' title='bbox 488 2145 704 2179; x_wconf 86' lang='lat' dir='ltr'><strong>considerata</strong></span> <span class='ocrx_word' id='word_1_293' title='bbox 721 2144 884 2190; x_wconf 88' lang='lat' dir='ltr'><strong>cuiusque</strong></span> <span class='ocrx_word' id='word_1_294' title='bbox 905 2142 1159 2188; x_wconf 83' lang='lat' dir='ltr'><strong>significatione</strong></span> <span class='ocrx_word' id='word_1_295' title='bbox 1177 2143 1411 2183; x_wconf 85' lang='lat' dir='ltr'><strong>conferantur,</strong></span> <span class='ocrx_word' id='word_1_296' title='bbox 1435 2141 1519 2175; x_wconf 88' lang='lat' dir='ltr'><strong>nihil</strong></span> <span class='ocrx_word' id='word_1_297' title='bbox 1537 2140 1746 2186; x_wconf 85' lang='lat' dir='ltr'><strong>appellatio-</strong></span> 
     </span>
     <span class='ocr_line' id='line_1_31' title="bbox 268 2187 1743 2236; baseline -0.003 -12"><span class='ocrx_word' id='word_1_298' title='bbox 268 2200 313 2224; x_wconf 83' lang='lat' dir='ltr'><strong>ne</strong></span> <span class='ocrx_word' id='word_1_299' title='bbox 337 2189 406 2224; x_wconf 89' lang='lat' dir='ltr'><strong>Dei</strong></span> <span class='ocrx_word' id='word_1_300' title='bbox 423 2189 531 2223; x_wconf 86' lang='lat' dir='ltr'><strong>minus</strong></span> <span class='ocrx_word' id='word_1_301' title='bbox 553 2191 679 2225; x_wconf 86' lang='lat' dir='ltr'><strong>habere</strong></span> <span class='ocrx_word' id='word_1_302' title='bbox 697 2190 907 2236; x_wconf 80' lang='lat' dir='ltr'><strong>differreque</strong></span> <span class='ocrx_word' id='word_1_303' title='bbox 923 2189 1234 2234; x_wconf 84' lang='lat' dir='ltr'><strong>deprehendentur.</strong></span> <span class='ocrx_word' id='word_1_304' title='bbox 1282 2191 1527 2233; x_wconf 81' lang='lat' dir='ltr'><strong>Argumentum</strong></span> <span class='ocrx_word' id='word_1_305' title='bbox 1556 2187 1654 2221; x_wconf 89' lang='lat' dir='ltr'><strong>huius</strong></span> <span class='ocrx_word' id='word_1_306' title='bbox 1677 2189 1743 2228; x_wconf 83' lang='lat' dir='ltr'><strong>est,</strong></span> 
     </span>
     <span class='ocr_line' id='line_1_32' title="bbox 269 2234 1746 2282; baseline -0.003 -12"><span class='ocrx_word' id='word_1_307' title='bbox 269 2235 363 2281; x_wconf 88' lang='lat' dir='ltr'><strong>quod</strong></span> <span class='ocrx_word' id='word_1_308' title='bbox 381 2236 427 2270; x_wconf 85' lang='lat' dir='ltr'><strong>ab</strong></span> <span class='ocrx_word' id='word_1_309' title='bbox 449 2235 678 2281; x_wconf 80' lang='lat' dir='ltr'><strong>appellatione</strong></span> <span class='ocrx_word' id='word_1_310' title='bbox 689 2237 755 2271; x_wconf 90' lang='lat' dir='ltr'><strong>Dei</strong></span> <span class='ocrx_word' id='word_1_311' title='bbox 776 2236 880 2270; x_wconf 90' lang='lat' dir='ltr'><strong>multa</strong></span> <span class='ocrx_word' id='word_1_312' title='bbox 897 2248 940 2270; x_wconf 86' lang='lat' dir='ltr'><strong>ex</strong></span> <span class='ocrx_word' id='word_1_313' title='bbox 957 2235 1177 2271; x_wconf 83' lang='lat' dir='ltr'><strong>inferioribus</strong></span> <span class='ocrx_word' id='word_1_314' title='bbox 1193 2247 1327 2282; x_wconf 88' lang='lat' dir='ltr'><strong>quoque</strong></span> <span class='ocrx_word' id='word_1_315' title='bbox 1344 2234 1638 2279; x_wconf 83' lang='lat' dir='ltr'><strong>cognominantur,</strong></span> <span class='ocrx_word' id='word_1_316' title='bbox 1653 2242 1746 2278; x_wconf 86' lang='lat' dir='ltr'><strong>quae</strong></span> 
     </span>
     <span class='ocr_line' id='line_1_33' title="bbox 271 2279 1746 2318; baseline -0.003 -2"><span class='ocrx_word' id='word_1_317' title='bbox 271 2281 376 2316; x_wconf 88' lang='lat' dir='ltr'><strong>etiam</strong></span> <span class='ocrx_word' id='word_1_318' title='bbox 394 2281 602 2316; x_wconf 84' lang='lat' dir='ltr'><strong>absimilibus</strong></span> <span class='ocrx_word' id='word_1_319' title='bbox 623 2287 659 2317; x_wconf 88' lang='lat' dir='ltr'><strong>et</strong></span> <span class='ocrx_word' id='word_1_320' title='bbox 677 2282 903 2317; x_wconf 84' lang='lat' dir='ltr'><strong>dissentaneis</strong></span> <span class='ocrx_word' id='word_1_321' title='bbox 920 2284 1022 2317; x_wconf 82' lang='lat' dir='ltr'><strong>rebus</strong></span> <span class='ocrx_word' id='word_1_322' title='bbox 1041 2282 1255 2318; x_wconf 82' lang='lat' dir='ltr'><strong>attribuitur.</strong></span> <span class='ocrx_word' id='word_1_323' title='bbox 1297 2280 1419 2315; x_wconf 87' lang='lat' dir='ltr'><strong>Sancti</strong></span> <span class='ocrx_word' id='word_1_324' title='bbox 1435 2291 1519 2314; x_wconf 82' lang='lat' dir='ltr'><strong>vero</strong></span> <span class='ocrx_word' id='word_1_325' title='bbox 1537 2283 1573 2313; x_wconf 87' lang='lat' dir='ltr'><strong>et</strong></span> <span class='ocrx_word' id='word_1_326' title='bbox 1589 2279 1746 2314; x_wconf 85' lang='lat' dir='ltr'><strong>incorru-</strong></span> 
     </span>
     <span class='ocr_line' id='line_1_34' title="bbox 271 2324 1746 2375; baseline -0.003 -12"><span class='ocrx_word' id='word_1_327' title='bbox 271 2327 339 2374; x_wconf 85' lang='lat' dir='ltr'><strong>pti,</strong></span> <span class='ocrx_word' id='word_1_328' title='bbox 363 2331 400 2363; x_wconf 86' lang='lat' dir='ltr'><strong>et</strong></span> <span class='ocrx_word' id='word_1_329' title='bbox 416 2328 503 2363; x_wconf 87' lang='lat' dir='ltr'><strong>recti</strong></span> <span class='ocrx_word' id='word_1_330' title='bbox 522 2328 672 2374; x_wconf 82' lang='lat' dir='ltr'><strong>bonique</strong></span> <span class='ocrx_word' id='word_1_331' title='bbox 691 2329 826 2364; x_wconf 88' lang='lat' dir='ltr'><strong>nomina</strong></span> <span class='ocrx_word' id='word_1_332' title='bbox 839 2341 1004 2375; x_wconf 82' lang='lat' dir='ltr'><strong>nusquam</strong></span> <span class='ocrx_word' id='word_1_333' title='bbox 1021 2328 1103 2372; x_wconf 81' lang='lat' dir='ltr'><strong>illis,</strong></span> <span class='ocrx_word' id='word_1_334' title='bbox 1127 2328 1254 2375; x_wconf 85' lang='lat' dir='ltr'><strong>quibus</strong></span> <span class='ocrx_word' id='word_1_335' title='bbox 1276 2327 1369 2362; x_wconf 86' lang='lat' dir='ltr'><strong>haud</strong></span> <span class='ocrx_word' id='word_1_336' title='bbox 1390 2329 1537 2372; x_wconf 85' lang='lat' dir='ltr'><strong>oportet,</strong></span> <span class='ocrx_word' id='word_1_337' title='bbox 1559 2324 1746 2360; x_wconf 79' lang='lat' dir='ltr'><strong>communi·</strong></span> 
     </span>
     <span class='ocr_line' id='line_1_35' title="bbox 272 2372 1747 2421; baseline -0.002 -12"><span class='ocrx_word' id='word_1_338' title='bbox 272 2373 346 2409; x_wconf 84' lang='lat' dir='ltr'><strong>cari</strong></span> <span class='ocrx_word' id='word_1_339' title='bbox 363 2385 428 2421; x_wconf 90' lang='lat' dir='ltr'><strong>per</strong></span> <span class='ocrx_word' id='word_1_340' title='bbox 443 2374 659 2421; x_wconf 84' lang='lat' dir='ltr'><strong>Scripturam</strong></span> <span class='ocrx_word' id='word_1_341' title='bbox 676 2375 792 2411; x_wconf 86' lang='lat' dir='ltr'><strong>edocti</strong></span> <span class='ocrx_word' id='word_1_342' title='bbox 809 2375 958 2411; x_wconf 81' lang='lat' dir='ltr'><strong>sumus.”</strong></span> <span class='ocrx_word' id='word_1_343' title='bbox 1004 2375 1086 2420; x_wconf 84' lang='lat' dir='ltr'><strong>(V.)</strong></span> <span class='ocrx_word' id='word_1_344' title='bbox 1109 2376 1164 2410; x_wconf 92' lang='lat' dir='ltr'><strong>Ad</strong></span> <span class='ocrx_word' id='word_1_345' title='bbox 1184 2387 1226 2410; x_wconf 90' lang='lat' dir='ltr'><strong>ea</strong></span> <span class='ocrx_word' id='word_1_346' title='bbox 1247 2385 1337 2419; x_wconf 86' lang='lat' dir='ltr'><strong>quae</strong></span> <span class='ocrx_word' id='word_1_347' title='bbox 1353 2372 1425 2407; x_wconf 85' lang='lat' dir='ltr'><strong>dixi</strong></span> <span class='ocrx_word' id='word_1_348' title='bbox 1445 2372 1676 2407; x_wconf 80' lang='lat' dir='ltr'><strong>confirmanda</strong></span> <span class='ocrx_word' id='word_1_349' title='bbox 1692 2374 1747 2406; x_wconf 82' lang='lat' dir='ltr'><strong>te-</strong></span> 
     </span>
     <span class='ocr_line' id='line_1_36' title="bbox 273 2418 1747 2467; baseline -0.002 -12"><span class='ocrx_word' id='word_1_350' title='bbox 273 2426 346 2455; x_wconf 78' lang='lat' dir='ltr'><strong>stes</strong></span> <span class='ocrx_word' id='word_1_351' title='bbox 363 2420 473 2456; x_wconf 84' lang='lat' dir='ltr'><strong>citare</strong></span> <span class='ocrx_word' id='word_1_352' title='bbox 485 2422 629 2456; x_wconf 78' lang='lat' dir='ltr'><strong>Sanctus</strong></span> <span class='ocrx_word' id='word_1_353' title='bbox 648 2421 764 2467; x_wconf 82' lang='lat' dir='ltr'><strong>plures</strong></span> <span class='ocrx_word' id='word_1_354' title='bbox 782 2422 914 2456; x_wconf 84' lang='lat' dir='ltr'><strong>animus</strong></span> <span class='ocrx_word' id='word_1_355' title='bbox 931 2422 1010 2457; x_wconf 89' lang='lat' dir='ltr'><strong>fuit.</strong></span> <span class='ocrx_word' id='word_1_356' title='bbox 1044 2422 1091 2456; x_wconf 78' lang='lat' dir='ltr'><strong>At</strong></span> <span class='ocrx_word' id='word_1_357' title='bbox 1108 2421 1311 2457; x_wconf 84' lang='lat' dir='ltr'><strong>commodius</strong></span> <span class='ocrx_word' id='word_1_358' title='bbox 1327 2431 1406 2454; x_wconf 83' lang='lat' dir='ltr'><strong>esse</strong></span> <span class='ocrx_word' id='word_1_359' title='bbox 1421 2418 1529 2453; x_wconf 84' lang='lat' dir='ltr'><strong>visum</strong></span> <span class='ocrx_word' id='word_1_360' title='bbox 1550 2422 1616 2461; x_wconf 85' lang='lat' dir='ltr'><strong>est,</strong></span> <span class='ocrx_word' id='word_1_361' title='bbox 1641 2429 1747 2465; x_wconf 81' lang='lat' dir='ltr'><strong>prae-</strong></span> 
     </span>
     <span class='ocr_line' id='line_1_37' title="bbox 273 2465 1745 2514; baseline -0.002 -12"><span class='ocrx_word' id='word_1_362' title='bbox 273 2467 455 2502; x_wconf 60' lang='lat' dir='ltr'><strong>heritarum</strong></span> <span class='ocrx_word' id='word_1_363' title='bbox 470 2471 507 2503; x_wconf 86' lang='lat' dir='ltr'><strong>et</strong></span> <span class='ocrx_word' id='word_1_364' title='bbox 516 2468 746 2514; x_wconf 80' lang='lat' dir='ltr'><strong>praesentium</strong></span> <span class='ocrx_word' id='word_1_365' title='bbox 763 2478 877 2503; x_wconf 87' lang='lat' dir='ltr'><strong>rerum</strong></span> <span class='ocrx_word' id='word_1_366' title='bbox 889 2469 1093 2504; x_wconf 81' lang='lat' dir='ltr'><strong>affinitatem</strong></span> <span class='ocrx_word' id='word_1_367' title='bbox 1109 2479 1174 2514; x_wconf 88' lang='lat' dir='ltr'><strong>per</strong></span> <span class='ocrx_word' id='word_1_368' title='bbox 1191 2478 1293 2501; x_wconf 88' lang='lat' dir='ltr'><strong>unum</strong></span> <span class='ocrx_word' id='word_1_369' title='bbox 1313 2465 1401 2501; x_wconf 80' lang='lat' dir='ltr'><strong>hunc</strong></span> <span class='ocrx_word' id='word_1_370' title='bbox 1417 2465 1525 2512; x_wconf 89' lang='lat' dir='ltr'><strong>primo</strong></span> <span class='ocrx_word' id='word_1_371' title='bbox 1544 2465 1745 2506; x_wconf 71' lang='lat' dir='ltr'><strong>declarare3</strong></span> 
     </span>
     <span class='ocr_line' id='line_1_38' title="bbox 274 2512 1747 2560; baseline -0.001 -13"><span class='ocrx_word' id='word_1_372' title='bbox 274 2512 420 2556; x_wconf 88' lang='lat' dir='ltr'><strong>deinde,</strong></span> <span class='ocrx_word' id='word_1_373' title='bbox 443 2517 484 2549; x_wconf 88' lang='lat' dir='ltr'><strong>ut</strong></span> <span class='ocrx_word' id='word_1_374' title='bbox 500 2514 699 2549; x_wconf 85' lang='lat' dir='ltr'><strong>vacillantes</strong></span> <span class='ocrx_word' id='word_1_375' title='bbox 717 2519 752 2549; x_wconf 91' lang='lat' dir='ltr'><strong>et</strong></span> <span class='ocrx_word' id='word_1_376' title='bbox 769 2515 908 2560; x_wconf 81' lang='lat' dir='ltr'><strong>pusillos</strong></span> <span class='ocrx_word' id='word_1_377' title='bbox 933 2515 1063 2550; x_wconf 86' lang='lat' dir='ltr'><strong>animos</strong></span> <span class='ocrx_word' id='word_1_378' title='bbox 1082 2514 1336 2555; x_wconf 86' lang='lat' dir='ltr'><strong>confirmarem,</strong></span> <span class='ocrx_word' id='word_1_379' title='bbox 1361 2512 1502 2546; x_wconf 89' lang='lat' dir='ltr'><strong>aliorum</strong></span> <span class='ocrx_word' id='word_1_380' title='bbox 1531 2522 1666 2558; x_wconf 90' lang='lat' dir='ltr'><strong>quoque</strong></span> <span class='ocrx_word' id='word_1_381' title='bbox 1689 2515 1747 2545; x_wconf 88' lang='lat' dir='ltr'><strong>te-</strong></span> 
     </span>
     <span class='ocr_line' id='line_1_39' title="bbox 273 2558 1746 2607; baseline -0.001 -14"><span class='ocrx_word' id='word_1_382' title='bbox 273 2559 433 2595; x_wconf 80' lang='lat' dir='ltr'><strong>stimonia</strong></span> <span class='ocrx_word' id='word_1_383' title='bbox 449 2559 665 2606; x_wconf 80' lang='lat' dir='ltr'><strong>subiungere.</strong></span> <span class='ocrx_word' id='word_1_384' title='bbox 714 2562 829 2606; x_wconf 85' lang='lat' dir='ltr'><strong>Atque</strong></span> <span class='ocrx_word' id='word_1_385' title='bbox 854 2572 897 2595; x_wconf 84' lang='lat' dir='ltr'><strong>ex</strong></span> <span class='ocrx_word' id='word_1_386' title='bbox 917 2561 982 2596; x_wconf 90' lang='lat' dir='ltr'><strong>hoc</strong></span> <span class='ocrx_word' id='word_1_387' title='bbox 1001 2561 1077 2607; x_wconf 87' lang='lat' dir='ltr'><strong>ipso</strong></span> <span class='ocrx_word' id='word_1_388' title='bbox 1099 2559 1233 2595; x_wconf 86' lang='lat' dir='ltr'><strong>modica</strong></span> <span class='ocrx_word' id='word_1_389' title='bbox 1251 2559 1418 2605; x_wconf 81' lang='lat' dir='ltr'><strong>quaedam</strong></span> <span class='ocrx_word' id='word_1_390' title='bbox 1437 2570 1458 2593; x_wconf 81' lang='lat' dir='ltr'><strong>a</strong></span> <span class='ocrx_word' id='word_1_391' title='bbox 1475 2569 1529 2593; x_wconf 89' lang='lat' dir='ltr'><strong>me</strong></span> <span class='ocrx_word' id='word_1_392' title='bbox 1548 2558 1692 2593; x_wconf 82' lang='lat' dir='ltr'><strong>collecta</strong></span> <span class='ocrx_word' id='word_1_393' title='bbox 1708 2560 1746 2591; x_wconf 82' lang='lat' dir='ltr'><strong>et</strong></span> 
     </span>
     <span class='ocr_line' id='line_1_40' title="bbox 274 2603 1747 2654; baseline -0.001 -14"><span class='ocrx_word' id='word_1_394' title='bbox 274 2610 465 2652; x_wconf 71' lang='lat' dir='ltr'><strong>corrugata·</strong></span> <span class='ocrx_word' id='word_1_395' title='bbox 476 2611 575 2649; x_wconf 83' lang='lat' dir='ltr'><strong>sunt,</strong></span> <span class='ocrx_word' id='word_1_396' title='bbox 601 2607 653 2642; x_wconf 85' lang='lat' dir='ltr'><strong>sic</strong></span> <span class='ocrx_word' id='word_1_397' title='bbox 671 2606 856 2650; x_wconf 85' lang='lat' dir='ltr'><strong>videlicet,</strong></span> <span class='ocrx_word' id='word_1_398' title='bbox 881 2611 921 2642; x_wconf 87' lang='lat' dir='ltr'><strong>ut</strong></span> <span class='ocrx_word' id='word_1_399' title='bbox 938 2619 1026 2654; x_wconf 86' lang='lat' dir='ltr'><strong>quae</strong></span> <span class='ocrx_word' id='word_1_400' title='bbox 1043 2608 1088 2642; x_wconf 85' lang='lat' dir='ltr'><strong>ad</strong></span> <span class='ocrx_word' id='word_1_401' title='bbox 1117 2605 1349 2652; x_wconf 87' lang='lat' dir='ltr'><strong>quaestionem</strong></span> <span class='ocrx_word' id='word_1_402' title='bbox 1373 2610 1409 2640; x_wconf 89' lang='lat' dir='ltr'><strong>et</strong></span> <span class='ocrx_word' id='word_1_403' title='bbox 1430 2603 1475 2638; x_wconf 85' lang='lat' dir='ltr'><strong>ad</strong></span> <span class='ocrx_word' id='word_1_404' title='bbox 1500 2615 1663 2650; x_wconf 76' lang='lat' dir='ltr'><strong>praesens</strong></span> <span class='ocrx_word' id='word_1_405' title='bbox 1689 2603 1747 2638; x_wconf 89' lang='lat' dir='ltr'><strong>in-</strong></span> 
     </span>
     <span class='ocr_line' id='line_1_41' title="bbox 274 2649 1745 2700; baseline -0.003 -13"><span class='ocrx_word' id='word_1_406' title='bbox 274 2652 433 2687; x_wconf 81' lang='lat' dir='ltr'><strong>stitutum</strong></span> <span class='ocrx_word' id='word_1_407' title='bbox 453 2653 671 2696; x_wconf 81' lang='lat' dir='ltr'><strong>attinebant,</strong></span> <span class='ocrx_word' id='word_1_408' title='bbox 694 2665 737 2688; x_wconf 86' lang='lat' dir='ltr'><strong>ea</strong></span> <span class='ocrx_word' id='word_1_409' title='bbox 754 2653 828 2687; x_wconf 87' lang='lat' dir='ltr'><strong>sola</strong></span> <span class='ocrx_word' id='word_1_410' title='bbox 845 2654 969 2688; x_wconf 89' lang='lat' dir='ltr'><strong>leviter</strong></span> <span class='ocrx_word' id='word_1_411' title='bbox 990 2653 1091 2700; x_wconf 80' lang='lat' dir='ltr'><strong>quasi</strong></span> <span class='ocrx_word' id='word_1_412' title='bbox 1106 2652 1297 2688; x_wconf 83' lang='lat' dir='ltr'><strong>delibarim.</strong></span> <span class='ocrx_word' id='word_1_413' title='bbox 1343 2650 1483 2686; x_wconf 84' lang='lat' dir='ltr'><strong>Etenim</strong></span> <span class='ocrx_word' id='word_1_414' title='bbox 1506 2650 1618 2686; x_wconf 83' lang='lat' dir='ltr'><strong>cuivis</strong></span> <span class='ocrx_word' id='word_1_415' title='bbox 1640 2649 1745 2684; x_wconf 76' lang='lat' dir='ltr'><strong>facile</strong></span> 
     </span>
     <span class='ocr_line' id='line_1_42' title="bbox 276 2696 1747 2746; baseline -0.001 -14"><span class='ocrx_word' id='word_1_416' title='bbox 276 2698 365 2740; x_wconf 87' lang='lat' dir='ltr'><strong>erit,</strong></span> <span class='ocrx_word' id='word_1_417' title='bbox 388 2703 508 2734; x_wconf 80' lang='lat' dir='ltr'><strong>nostra</strong></span> <span class='ocrx_word' id='word_1_418' title='bbox 522 2710 596 2734; x_wconf 80' lang='lat' dir='ltr'><strong>eum</strong></span> <span class='ocrx_word' id='word_1_419' title='bbox 615 2699 658 2734; x_wconf 86' lang='lat' dir='ltr'><strong>iis</strong></span> <span class='ocrx_word' id='word_1_420' title='bbox 675 2711 764 2746; x_wconf 87' lang='lat' dir='ltr'><strong>quae</strong></span> <span class='ocrx_word' id='word_1_421' title='bbox 788 2700 881 2734; x_wconf 81' lang='lat' dir='ltr'><strong>dicta</strong></span> <span class='ocrx_word' id='word_1_422' title='bbox 900 2703 1000 2743; x_wconf 86' lang='lat' dir='ltr'><strong>sunt,</strong></span> <span class='ocrx_word' id='word_1_423' title='bbox 1025 2711 1130 2735; x_wconf 89' lang='lat' dir='ltr'><strong>unum</strong></span> <span class='ocrx_word' id='word_1_424' title='bbox 1155 2699 1337 2741; x_wconf 81' lang='lat' dir='ltr'><strong>cumuno,</strong></span> <span class='ocrx_word' id='word_1_425' title='bbox 1362 2697 1463 2743; x_wconf 80' lang='lat' dir='ltr'><strong>plura</strong></span> <span class='ocrx_word' id='word_1_426' title='bbox 1485 2708 1562 2732; x_wconf 87' lang='lat' dir='ltr'><strong>cum</strong></span> <span class='ocrx_word' id='word_1_427' title='bbox 1589 2696 1747 2742; x_wconf 84' lang='lat' dir='ltr'><strong>pluribus</strong></span> 
     </span>
     <span class='ocr_line' id='line_1_43' title="bbox 274 2743 1749 2793; baseline -0.001 -15"><span class='ocrx_word' id='word_1_428' title='bbox 274 2744 464 2780; x_wconf 84' lang='lat' dir='ltr'><strong>conferenti</strong></span> <span class='ocrx_word' id='word_1_429' title='bbox 476 2771 487 2787; x_wconf 91' lang='lat'>‚</span> <span class='ocrx_word' id='word_1_430' title='bbox 510 2746 793 2792; x_wconf 77' lang='lat' dir='ltr'><strong>perfectissimam</strong></span> <span class='ocrx_word' id='word_1_431' title='bbox 812 2746 993 2792; x_wconf 82' lang='lat' dir='ltr'><strong>utriusque</strong></span> <span class='ocrx_word' id='word_1_432' title='bbox 1013 2745 1280 2793; x_wconf 72' lang='lat' dir='ltr'><strong>persecutioni8‚</strong></span> <span class='ocrx_word' id='word_1_433' title='bbox 1302 2744 1487 2779; x_wconf 79' lang='lat' dir='ltr'><strong>hodiernae</strong></span> <span class='ocrx_word' id='word_1_434' title='bbox 1508 2748 1546 2778; x_wconf 86' lang='lat' dir='ltr'><strong>et</strong></span> <span class='ocrx_word' id='word_1_435' title='bbox 1563 2743 1638 2778; x_wconf 87' lang='lat' dir='ltr'><strong>eius</strong></span> <span class='ocrx_word' id='word_1_436' title='bbox 1659 2753 1749 2787; x_wconf 84' lang='lat' dir='ltr'><strong>quae</strong></span> 
     </span>
     <span class='ocr_line' id='line_1_44' title="bbox 274 2789 1749 2847; baseline -0.002 -22"><span class='ocrx_word' id='word_1_437' title='bbox 274 2792 347 2824; x_wconf 82' lang='lat' dir='ltr'><strong>tum</strong></span> <span class='ocrx_word' id='word_1_438' title='bbox 373 2791 519 2836; x_wconf 78' lang='lat' dir='ltr'><strong>saeviit,</strong></span> <span class='ocrx_word' id='word_1_439' title='bbox 543 2792 796 2827; x_wconf 86' lang='lat' dir='ltr'><strong>similitudinem</strong></span> <span class='ocrx_word' id='word_1_440' title='bbox 821 2792 1036 2839; x_wconf 83' lang='lat' dir='ltr'><strong>intelligere;</strong></span> <span class='ocrx_word' id='word_1_441' title='bbox 1059 2792 1141 2828; x_wconf 88' lang='lat' dir='ltr'><strong>item</strong></span> <span class='ocrx_word' id='word_1_442' title='bbox 1169 2791 1349 2847; x_wconf 83' lang='lat' dir='ltr'><strong>explorate</strong></span> <span class='ocrx_word' id='word_1_443' title='bbox 1373 2790 1458 2826; x_wconf 88' lang='lat' dir='ltr'><strong>illud</strong></span> <span class='ocrx_word' id='word_1_444' title='bbox 1475 2789 1636 2831; x_wconf 84' lang='lat' dir='ltr'><strong>discere,</strong></span> <span class='ocrx_word' id='word_1_445' title='bbox 1657 2799 1749 2834; x_wconf 85' lang='lat' dir='ltr'><strong>quae</strong></span> 
     </span>
     <span class='ocr_line' id='line_1_45' title="bbox 274 2835 1749 2886; baseline -0.001 -15"><span class='ocrx_word' id='word_1_446' title='bbox 274 2840 409 2883; x_wconf 83' lang='lat' dir='ltr'><strong>tempus</strong></span> <span class='ocrx_word' id='word_1_447' title='bbox 433 2837 624 2886; x_wconf 80' lang='lat' dir='ltr'><strong>disiungit,</strong></span> <span class='ocrx_word' id='word_1_448' title='bbox 648 2851 690 2875; x_wconf 85' lang='lat' dir='ltr'><strong>ea</strong></span> <span class='ocrx_word' id='word_1_449' title='bbox 711 2850 776 2886; x_wconf 87' lang='lat' dir='ltr'><strong>per</strong></span> <span class='ocrx_word' id='word_1_450' title='bbox 801 2842 935 2886; x_wconf 79' lang='lat' dir='ltr'><strong>tempus</strong></span> <span class='ocrx_word' id='word_1_451' title='bbox 959 2839 1196 2886; x_wconf 78' lang='lat' dir='ltr'><strong>redintegrata</strong></span> <span class='ocrx_word' id='word_1_452' title='bbox 1221 2842 1345 2875; x_wconf 74' lang='lat' dir='ltr'><strong>iterum</strong></span> <span class='ocrx_word' id='word_1_453' title='bbox 1375 2835 1559 2884; x_wconf 74' lang='lat' dir='ltr'><strong>coniungi:</strong></span> <span class='ocrx_word' id='word_1_454' title='bbox 1583 2846 1673 2883; x_wconf 81' lang='lat' dir='ltr'><strong>quae</strong></span> <span class='ocrx_word' id='word_1_455' title='bbox 1689 2844 1749 2870; x_wconf 70' lang='lat' dir='ltr'><strong>re&lt;</strong></span> 
     </span>
    </p>
   </div>
  </div>
 </body>
</html>
