1794 3172
340 132 659 206 HISTORIAE
686 158 1062 205 BYZANTINAE
1091 157 1188 205 xv.
1211 163 1253 205 3.
1445 148 1548 198 755

50 276 251 330 κουζηνοῦ
274 276 447 330 μακρῶν
476 272 518 322 ἐς
540 271 795 324 Βυζαντίους
816 270 1044 313 ἐπιστολῶν
1071 266 1341 326 ποιησάμενοι
1362 266 1547 325 μνήμην,
1573 279 1609 312 A.
1620 281 1658 312 C.
1682 277 1773 315 1346

50 349 125 388 τοῦ
159 361 203 386 τε
235 342 396 399 μήκους
425 339 726 399 ὗφαιροῦμενοι
757 339 810 382 τὰ
837 343 1032 393 πλεῖστα,
1066 344 1142 382 τοῦ
1164 341 1378 395 ἐπαχθοῦς
1401 327 1685 407 εἰἰέκαξωιῐζέἕὶ·
1700 329 1771 411 ga*

52 416 118 458 καὶ
142 412 230 469 ἱὶμα
250 412 299 456 τὸ
322 412 498 462 ἀκαλλὲς
518 415 600 454 τῶν
619 411 765 461 λε”ξεων
784 409 841 466 πὴ
860 410 937 465 μὲν
954 408 1104 467 μικρὸν
1119 407 1401 467 ὖπερείδοντές
1414 426 1458 452 τε
1479 411 1549 452 καὶ
1684 398 1692 407 ’

51 484 348 540 ἅνεγείροντες,
384 486 459 525 τοῦ
485 481 714 538 εὐπρεποῦς
734 481 864 523 εἵνεκα
886 483 969 522 τῶν
991 477 1180 522 ἇκούσειν
1200 477 1451 535 μελλόντων,
1488 479 1545 535 πή

15 554 101 597 ὅδ’
133 554 278 604 ἐῶντες
287 585 301 606 ,
340 551 410 595 διὰ
440 551 517 607 τὴν
547 555 624 606 τῆς
659 549 863 606 ἀληθείας
889 549 1182 607 ἐναργεστέραν
1209 553 1295 593 τῶν
1319 548 1588 606 λεγομένωνΟ

49 622 245 680 δήλωσιν.
284 621 384 682 (Δ.)
406 619 635 675 ,,Οἶσθα”,
660 621 810 678 φησὶν,
833 617 1072 677 ,,ἇγιώτατε
1093 619 1275 663 δέσποτα
1292 617 1547 678 πατριάρχα,

47 694 126 750 ’τὴν
151 693 314 750 φιλίαν,
348 689 506 747 ὁπόσην
525 688 787 745 ἐνεδειξάμην
803 689 908 747 πρὸς
939 690 986 733 σὲ
1018 690 1086 733 καὶ
1116 689 1192 745 τὴν
1222 689 1300 746 σὴν
1319 689 1457 745 τιμὴν,
1480 691 1551 732 καὶ

49 761 197 807 ὖπόσοι
225 779 291 806 σοι
323 760 430 805 κατὰ
457 761 574 818 γένος
606 765 843 817 προσῆκον·
892 758 995 816 ὅσην
1028 777 1072 803 τε
1101 759 1288 815 σπουδὴν
1318 757 1547 816 εἰσήνεγκα,

47 833 154 891 πρὸς
170 831 244 888 τὴν
274 830 575 888 πατριαρχικὴν
596 831 840 886 ἀναχθῆναί
867 847 912 873 σε
939 829 1175 886 περιωπήν,
1207 827 1311 886 μήτε
1340 831 1551 886 μηδεμιᾶς

0 909 40 944 10
51 902 271 960 γενομένης
292 900 460 958 μνήμης
482 900 616 944 οὐδενὶ
639 905 723 943 τῶν
743 897 977 943 ἐπισκόπων
995 900 1063 942 καὶ
1085 899 1376 958 πρεσβυτέρων
1393 900 1436 942 ἐν
1455 906 1549 949 ταῖς

48 980 366 1030 πατριαρχικαΐς
398 971 694 1028 ψηφηφορίαις
723 971 814 1026 περὶ
850 974 927 1013 σοῦ
943 1003 958 1023 ,
996 967 1106 1025 μήτ’
1141 965 1194 1012 αὖ
1223 967 1344 1026 ήμῶν
1376 972 1591 1026 εἷσαγα-Ι)

47 1041 205 1100 γόντων
233 1042 309 1098 τὴν
333 1039 502 1097 μνήμην
533 1041 615 1096 ὀψὲ
638 1040 713 1096 τὴν
741 1039 842 1096 σὴν,
876 1040 1181 1098 ἀναμφίλεκτον
1213 1037 1447 1097 εὑρηκότων
1469 1038 1545 1095 τὴν

48 1111 300 1169 εἴσαγωγὴν,
331 1111 509 1171 ἀφανείᾳ
538 1110 809 1166 τετιμημένην
838 1109 940 1161 τέως
963 1114 1110 1171 μακρᾷ
1135 1111 1203 1153 καὶ
1222 1111 1393 1170 βαθείᾳ.
1433 1107 1548 1164 ὅμως

49 1181 193 1234 οἶσθα,
217 1179 396 1232 ὅπόσους
407 1185 632 1237 τηνικαῦτα
654 1177 954 1237 διηντλήκαμεν
972 1178 1076 1238 ὑπὲρ
1096 1184 1173 1236 τῆς
1195 1185 1272 1236 σῆς
1283 1179 1382 1231 τοὺς
1393 1177 1547 1229 πόνους

0 1259 38 1295 15
51 1257 195 1308 τιμῆς,
225 1250 392 1295 πάντων
421 1250 740 1306 ἀνθισταμένων
768 1254 944 1308 μικροῦ,
977 1252 1045 1294 καὶ
1080 1250 1331 1309 τυραννικὴν
1364 1246 1546 1293 ,καλούν-

48 1340 133 1366 των
153 1323 307 1378 ἐκείνην
339 1319 459 1378 ἡμῶν
492 1321 567 1377 τὴν
597 1319 798 1376 σπουδήν.
838 1318 968 1364 οἶσθα
998 1320 1045 1364 δ’
1072 1315 1126 1364 αὖ
1146 1322 1214 1364 καὶ
1233 1319 1340 1376 μετὰ
1359 1319 1408 1363 τὸ
1435 1319 1547 1377 γενέ-

47 1396 169 1446 σθαι,
200 1390 350 1442 πόσαις
370 1391 552 1447 ἐνέτυχες
569 1388 831 1448 περιστάσεσι
851 1390 955 1449 πρὸς
976 1395 1052 1434 τοῦ
1067 1388 1342 1444 Ἀποκαῦκου,
1365 1389 1443 1440 τὰς
1462 1394 1546 1444 βα-

47 1461 206 1512 σιλικὰς
227 1459 535 1519 ὗπορύττοντος
564 1461 718 1515 ἀκοὰς,
752 1462 820 1504 καὶ
849 1460 980 1516 συχνὰ
1003 1465 1088 1504 τῶν
1114 1459 1285 1518 θρόνων
1306 1477 1352 1504 σε
1373 1460 1587 1503 πείθω-Ε

47 1549 122 1582 τος
139 1536 344 1576 καθελεῖν.
384 1525 442 1576 ὧν
463 1529 659 1575 ἁπάντων
679 1531 934 1589 καθαιρὲτης
958 1528 1146 1589 ὑπῆρχον
1170 1530 1320 1584 αὐτὸς,
1354 1526 1547 1585 μηχανή-

0 1610 175 1657 Ξομασιν
203 1601 410 1652 ἀνθιστᾶς
435 1599 718 1657 μηχανήματα
745 1602 814 1644 καὶ
844 1598 1075 1644 ἑλεπόλεσιν
1097 1598 1312 1653 ἑλεπόλεις,
1347 1601 1416 1642 καὶ
1436 1596 1546 1655 πύρ-

49 1689 122 1728 γος
151 1689 218 1714 σοι
250 1669 461 1728 γινόμενος
499 1669 720 1728 κράτιστος
757 1671 826 1712 καὶ
857 1670 1050 1725 θεμέλιος
1088 1669 1291 1720 ἄσειστος.
1329 1669 1442 1712 Δεόν
1469 1663 1545 1711 οὖν

50 1744 117 1784 καὶ
152 1742 197 1784 σὲ
229 1749 315 1791 τοῖς
347 1738 502 1796 ὃμοιόις
532 1738 644 1796 ἡμᾶς
681 1739 954 1795 ἇμειβεσθαι,
986 1740 1038 1783 σὺ
1068 1741 1204 1783 δὲκαὶ
1232 1740 1542 1798 προσεπιδαψι-

49 1810 183 1854 λεῦσω
215 1811 268 1853 τιὶ
294 1812 482 1868 χείριστα
513 1810 621 1853 καθ’
655 1807 787 1866 ἡμῶν.
828 1811 1037 1866 δεηθῆναί
1065 1826 1111 1854 σε
1137 1809 1273 1869 χρεῶν
1299 1809 1439 1853 τοίνυν
1466 1812 1545 1852 τοῦ

48 1885 178 1935 θεοῦ,
213 1881 272 1937 μὴ
295 1881 587 1939 παραπλησίου
610 1880 919 1936 τυχεῖνἐ’κει’νου
940 1883 1096 1939 κριτοῦ.
1135 1882 1205 1924 καὶ
1225 1881 1260 1924 εἲ
1278 1879 1354 1935 μὲν
1374 1881 1433 1930 εἷς
1454 1885 1543 1922 πεῖ-

49 2038 285 2073 Cantacuzeni
309 2038 354 2073 ad
368 2037 559 2084 Byzantios
585 2036 741 2084 epistolis
761 2037 811 2072 sic
831 2036 1035 2080 afferamus,
1059 2042 1100 2072 ut
1119 2041 1155 2072 et
1170 2037 1338 2084 pleraque
1359 2035 1470 2070 taedii
1488 2036 1546 2070 vi«

48 2085 147 2120 tandi
170 2086 286 2131 gratia
305 2086 516 2127 recidamus,
539 2089 575 2119 et
593 2084 795 2119 invenustas
821 2084 1009 2127 dictiones,
1032 2085 1131 2119 modo
1151 2085 1346 2119 auditorum
1366 2087 1404 2117 et
1423 2083 1542 2118 decori

47 2132 158 2178 ipsius
180 2144 286 2167 causa
307 2133 487 2167 fulciamus
514 2132 640 2167 leviter
667 2136 702 2166 et
722 2131 917 2177 erigamus,
939 2133 1040 2166 modo
1063 2132 1108 2166 ad
1126 2143 1239 2166 rerum
1258 2131 1442 2166 veritatem
1466 2130 1544 2164 evi-

47 2179 186 2214 dentius
203 2179 444 2214 declarandam
460 2179 611 2213 intactas
627 2179 875 2225 relinquamus.
908 2179 1012 2224 (IV.)
1035 2178 1138 2221 „Scis
1155 2178 1305 2226 (inquit)
1323 2177 1543 2212 sanctissime

48 2227 185 2260 domine
208 2227 430 2272 patriarcha,
455 2238 553 2271 quam
577 2226 767 2260 studiosum
784 2237 837 2260 me
856 2229 893 2260 et
911 2226 962 2260 tui
982 2231 1019 2260 et
1040 2225 1224 2270 dignitatis
1249 2230 1331 2261 tuae
1355 2228 1392 2258 et
1422 2235 1543 2259 eorum¹

48 2272 207 2315 omnium,
228 2273 287 2319 qui
312 2278 348 2308 te
369 2273 575 2318 cognatione
594 2273 830 2317 attingerent,
853 2284 990 2318 semper
1013 2272 1199 2317 gesserim3
1223 2275 1261 2307 et
1275 2274 1437 2318 quantum
1459 2270 1541 2305 dili-

47 2321 188 2364 gentiae
210 2320 412 2355 contulerim
423 2345 435 2362 ,
458 2325 497 2354 ut
515 2326 553 2354 tu
568 2320 613 2354 ad
632 2319 897 2364 patriarchalem
918 2320 1083 2354 honorem
1100 2320 1310 2361 eveherere,
1334 2330 1410 2352 cum
1427 2317 1542 2352 nullus

48 2367 93 2400 de
110 2372 147 2400 te
165 2366 240 2402 sive
264 2367 467 2413 episcopus,
491 2367 566 2401 sive
587 2367 791 2412 presbyter,
815 2366 1020 2400 mentionem
1038 2366 1076 2400 in
1092 2366 1248 2402 ferendis
1271 2364 1452 2410 suffragiis
1475 2363 1541 2399 eli·
1580 2396 1584 2401 ,

47 2413 231 2459 gendoque
250 2415 448 2460 patriarcha
466 2413 654 2455 iniecisset,
680 2425 743 2448 nec
760 2413 839 2458 ipsa
857 2413 910 2447 tui
926 2412 1124 2455 nominatio,
1143 2425 1244 2459 quam
1261 2423 1385 2458 magna
1402 2415 1439 2446 et
1457 2422 1540 2457 pro-

47 2461 158 2494 funda
178 2460 328 2505 caligine
351 2460 395 2494 ad
414 2461 507 2494 illam
523 2472 633 2506 usque
652 2460 742 2494 diem
762 2460 896 2504 dignati
912 2461 1070 2503 fuerant,
1093 2460 1333 2495 controversia
1354 2457 1539 2492 caruisset.

49 2506 127 2540 Scis
147 2511 260 2541 tamen
272 2532 283 2549 ,
308 2511 457 2553 quantos
480 2507 619 2542 honoris
639 2507 690 2541 tui
709 2518 813 2541 causa
831 2507 967 2541 labores
985 2511 1057 2540 tum
1074 2506 1355 2547 sustinuerimus,
1381 2505 1541 2539 omnibus

49 2554 157 2586 ferme
175 2554 444 2599 refragantibus,
460 2565 501 2588 ac
519 2560 671 2588 nostrum
690 2553 773 2587 illud
792 2553 942 2588 studium
957 2553 1175 2598 tyrannicum
1190 2552 1434 2589 vocitantibus.
1459 2552 1545 2586 Scis·

48 2610 167 2633 rursus
186 2605 224 2634 et
240 2601 402 2646 quantis,
426 2605 607 2648 postquam
626 2600 828 2645 patriarcha
846 2601 1069 2635 renunciatus
1085 2613 1143 2642 es,
1166 2600 1320 2646 negotiis
1342 2598 1541 2644 implicatus

50 2646 177 2687 fueris,
201 2647 412 2682 obtundente
431 2647 651 2693 imperatoris
670 2658 773 2681 aures
791 2649 975 2693 Apocauco
987 2672 998 2689 ,
1023 2653 1129 2693 atque
1146 2652 1185 2681 ut
1202 2654 1238 2682 te
1256 2647 1301 2681 de
1318 2646 1430 2690 gradu
1450 2645 1540 2680 deii-

48 2697 145 2726 ceret
164 2692 311 2727 subinde
330 2695 508 2729 suadente.
555 2695 613 2729 Ea
634 2706 698 2738 ego
717 2693 829 2728 omnia
850 2693 1055 2739 compressi,
1075 2693 1345 2728 machinationes
1364 2691 1541 2727 machina-

50 2739 218 2780 tionibus,
241 2740 336 2774 vires
355 2740 488 2775 viribus
505 2740 732 2788 opponendo,
758 2752 800 2774 ac
820 2752 874 2775 me
892 2741 1005 2786 ipsum
1025 2741 1091 2775 tibi
1114 2739 1407 2786 propugnaculum
1427 2739 1541 2773 muni-

48 2785 214 2820 tissimum
229 2786 554 2834 fundamentumque
570 2789 809 2822 inconcussum
826 2788 1038 2832 praebendo.
1075 2788 1163 2821 Cum
1180 2788 1299 2832 itaque
1317 2786 1459 2831 paribus
1475 2797 1540 2830 pa-

48 2832 102 2865 ria
119 2832 245 2867 referri
262 2837 453 2878 oporteret,
474 2839 514 2870 tu
530 2847 592 2869 nos
607 2833 744 2868 iniuriis
762 2834 950 2868 cumulatos
968 2834 1116 2880 pessime
1134 2839 1375 2868 remuneratus
1393 2845 1443 2868 es.
1467 2834 1541 2866 Su-

49 2884 168 2925 perest
182 2878 306 2925 igitur,
326 2884 366 2916 ut
384 2879 495 2917 Deum
509 2893 633 2927 roges,
657 2892 701 2915 ne
721 2892 798 2916 eum
816 2881 963 2917 iudicem
979 2881 1162 2928 experiare
1178 2881 1230 2916 tui
1246 2880 1401 2916 similem.
1434 2879 1540 2922 Quod
