1794 3172
342 143 657 190 HISTORIAE
685 143 1059 189 BYZAN'I'INAE
1084 143 1246 189 XXIV.
1278 149 1319 191 1.
1391 138 1522 186 1121

50 253 185 310 μένων
203 252 232 311 ἧ
252 251 389 310 βάσις.
459 254 556 314 (Β.)
590 256 678 299 Καὶ
709 251 875 311 πρῶτόν
891 271 935 311 γε
954 254 1007 310 δὴ
1028 253 1190 298 λεκτέον
1210 252 1310 311 ἦμῒν
1327 254 1412 298 ἐστι
1431 257 1532 313 περὶ
1545 262 1634 296 ΔΛ).
1651 261 1743 301 1351

50 329 136 367 τῶν
154 322 399 379 πνευμάτων
412 358 425 378 ,
464 319 522 368 ὧν
551 322 575 368 ὅ
604 322 823 382 προφήτης
850 324 915 367 ἐπὶ
941 323 1017 368 τὸν
1040 322 1180 382 κόριον
1201 322 1318 380 ἡμῶν
1345 326 1414 368 καὶ
1438 310 1742 392 om-Imtpa'lcs’z‘fgn‘

50 397 160 449 τῆρα
181 393 368 451 Χριστὸν
397 392 716 438 ἀναπαύσεσθαι
741 392 917 452 ἔφησενι
952 394 1089 450 ἐπειδὴ
1119 395 1188 437 καὶ
1220 391 1244 438 ὅ
1274 397 1362 438 τῶν
1387 396 1560 452 φίλωνΒ

50 462 266 516 βέλτιστος
295 461 395 519 ἦμῖν
419 464 669 515 Καβασίλας
694 467 819 506 τοῦτο
851 467 1018 519 πρῶτον
1044 461 1143 519 ἦμΐν
1168 460 1226 513 ὧς
1245 463 1413 520 ἰσχυρὸν
1431 465 1526 509 ἒπε-

21 530 200 587 ὗπράχει
216 536 301 575 τῶν
328 530 462 587 λόγων
490 533 651 576 ἐκείνων
675 530 914 590 πρόβλημα.
959 536 1094 576 ταῦτα
1122 533 1260 576 τοίνυν
1287 532 1392 577 ἔπτὰ
1421 533 1524 579 ὄντα

48 599 224 643 &nuo-ui
244 618 288 644 τε
306 603 375 643 καὶ
393 599 489 658 ἅγια
512 599 726 657 πνεύματα
748 600 1035 659 δεδογμιίτικεν
1059 601 1223 646 ἅπαντα
1250 601 1351 647 εἶναι
1380 602 1523 648 καθά·-

49 673 134 720 παξ
158 666 181 713 ὅ
209 673 445 725 Παλαμᾶς,
482 673 550 714 καὶ
569 671 609 715 οἱ
630 675 852 716 θιασῶται.
897 666 949 728 ἦν
974 667 1047 715 οὖν
1067 673 1111 715 ἐκ
1129 670 1298 729 πρώτης
1327 674 1562 729 ἐπιβολῆς-Ο

47 737 355 795 προαγαγόντας
376 742 434 791 εἷς
451 741 579 796 μέσον
609 739 723 797 ἡμᾶς
750 740 881 797 αὐτὴν
899 746 975 784 τοῦ
997 746 1183 798 σωτῆρος
1202 742 1279 798 τὴν
1295 742 1436 801 ῥῆσιν,
1469 743 1523 800 ἢν

47 815 137 858 τοῖς
156 807 405 859 ἀποστόλοις
430 808 599 867 εἶρήκει,
637 811 815 867 μηδενὸς
838 810 886 854 τὸ
908 809 1103 867 παράπαν
1125 809 1265 868 ἑτέρου
1297 810 1520 868 δεήσεσθαι

0 880 40 919 10
50 877 155 934 πρὸς
170 877 305 921 πειθὼ
325 883 409 922 τῶν
428 878 715 936 ἀκροωμένων,
737 880 840 937 λέγω
858 880 911 936 δὴ
930 881 1020 936 τὴν,
1047 881 1356 938 ,,πορευθέντες
1370 887 1519 939 μαθη-
1541 890 1587 926 V.
1607 891 1678 928 566

46 945 218 990 τεύσατε
242 945 380 991 πάντα
407 948 462 991 τὰ
487 949 591 1006 ἔθνη
602 982 616 1002 ,
652 952 920 1005 βαπτίζοντες
948 949 1101 1001 αὗτοῦς
1131 953 1189 1001 εἷς
1216 951 1264 994 τὸ
1295 950 1427 1007 ὄνομα
1446 958 1521 996 τοῦ

45 1017 205 1072 πατρὸς
223 1018 293 1060 καὶ
308 1022 384 1061 τοῦ
406 1018 501 1062 υἱοῦ
522 1021 589 1062 καὶ
608 1024 683 1062 τοῦ
706 1018 823 1076 ἁγίου
844 1017 1118 1074 πνεύματος.”
1164 1020 1213 1064 οὖ
1231 1024 1521 1076 πληθυντικῶς

44 1085 125 1142 γὰρ
144 1087 333 1130 ἐνταῦθα
352 1085 568 1142 πνεύματα
590 1089 741 1133 δέδωκε
762 1090 887 1146 λέγειν
900 1103 911 1113 ·
945 1088 974 1145 ἢ
994 1094 1082 1140 πῶς
1100 1088 1153 1133 ἂν
1170 1089 1218 1134 τὸ
1239 1089 1521 1147 τρισυπόστα-

44 1172 120 1198 τον
145 1160 198 1213 τῇ
217 1156 318 1216 θείᾳ
343 1155 595 1214 φυλάττοιτο
630 1157 773 1215 φύσει,
809 1162 974 1202 πολλῶν
994 1160 1062 1202 καὶ
1084 1159 1160 1215 οὔχ
1181 1158 1272 1211 ἑνὸς
1292 1165 1368 1203 τοῦ
1394 1159 1560 1204 med-1)

0 1234 36 1270 15
45 1241 180 1279 ματος
215 1224 360 1281 ὄντοςς
405 1225 503 1269 ἀλλ’
538 1228 674 1284 ἐπειδὴ
703 1228 752 1272 τὸ
779 1226 888 1271 πάνυ
922 1232 1193 1286 βραχυλογεῖν
1225 1227 1247 1273 ὃ
1277 1230 1405 1280 πολύς
1432 1238 1519 1282 τοῖς

43 1291 250 1338 Λάκωσιν
271 1292 475 1353 ἐκλήρωσε
492 1295 646 1355 χρόνος
666 1295 724 1348 ὥς
742 1298 796 1341 τὰ
814 1298 973 1351 πολλὰ,
1010 1305 1098 1349 τοῖς
1117 1300 1163 1342 δὲ
1180 1300 1519 1357 φιλολογωτέροις

45 1364 112 1406 δεῖ·
135 1361 331 1408 πλειόνων
361 1366 548 1410 ἐνταῦθα
586 1372 825 1425 μαρτυριῶν
860 1369 917 1418 εἷς
955 1367 1246 1426 ἀκριβεστέραν
1286 1374 1371 1412 τῶν
1397 1370 1518 1412 ἔναν-

44 1433 144 1476 τίων
164 1435 408 1491 καθαίρεσιν
421 1468 435 1488 ,
471 1436 569 1493 φέρε
589 1439 657 1480 καὶ
676 1435 792 1492 ἡμεῖς
813 1437 866 1480 τὰ
886 1441 961 1480 τοῦ
990 1436 1130 1481 πόθου
1152 1445 1242 1488 τοῖς
1256 1440 1392 1496 φίλοις
1411 1438 1517 1482 ἀπο-

44 1503 180 1556 δῶμεν
198 1503 445 1559 ἀκροαταῖς,
481 1504 611 1549 ἷίκνων
629 1504 900 1561 ἐκλαθόμενοι
925 1504 1104 1551 πάντων.
1152 1505 1349 1561 Μάξιμος
1379 1510 1517 1551 τοίνυν

0 1568 68 1615 ωδ
98 1576 215 1622 θεῖος
241 1570 340 1615 τάδε
366 1575 457 1631 περὶ
477 1578 560 1617 τῶν
582 1573 684 1618 ἔπτὰ
706 1575 864 1627 διέξεισι
891 1574 1159 1630 πνευμάτων,
1196 1575 1351 1620 ταύτὸν
1381 1576 1428 1619 δ’
1458 1579 1516 1620 εἰ-

42 1647 158 1695 πεῖν,
195 1641 364 1699 ἀρετῶν.
400 1645 507 1696 ,,καὶ
526 1643 912 1698 enarmonicum?
939 1647 1089 1703 φησὶν,
1122 1645 1229 1700 υἐπ’
1258 1645 1385 1689 αὐτὸν
1405 1644 1552 1692 {nulli}

42 1708 280 1765 πνεύματα·
313 1716 474 1767 πνεῦμα
494 1714 667 1770 σοφίας,
705 1718 867 1769 πνεῦμα
886 1715 1106 1768 συνέσεως,
1134 1719 1291 1770 πνεῦμα
1309 1712 1511 1772 γνώσεως,

41 1784 202 1836 πνεῦμα
224 1779 464 1838 ἐπιστήμης,
494 1786 655 1839 πνεῦμα
671 1787 844 1841 βουλῆς,
876 1788 1035 1841 πνεῦμα
1055 1782 1198 1840 ἰσχύος
1204 1817 1221 1841 ,
1252 1789 1414 1841 πνεῦμα
1433 1783 1516 1843 φό-

43 1955 130 2001 (Π.)
152 1956 203 1991 Et
229 1955 339 2003 primo
365 1957 502 2004 quidem
522 1957 568 1994 de
585 1961 719 2006 septem
734 1958 933 2006 spiritibus,
955 1971 1041 2006 quos
1065 1959 1239 2006 propheta
1264 1972 1371 2008 super
1401 1961 1511 1996 domi-

41 2014 123 2037 num
146 2007 297 2038 nostrum
323 2004 538 2041 salvatorem
562 2005 736 2041 Christum
763 2007 979 2052 requieturos
1003 2019 1080 2042 esse
1105 2007 1310 2051 affirmavit,
1335 2008 1434 2043 nobis
1456 2013 1511 2043 est

42 2049 303 2092 disserendum3
334 2051 492 2097 quoniam
522 2052 706 2088 amicorum
732 2058 923 2088 nostrorum
956 2054 1103 2099 optimus
1133 2053 1194 2088 ille
1222 2055 1401 2090 Cabasilas
1434 2055 1511 2101 pri-

42 2107 131 2130 mum
148 2097 214 2131 hoc
229 2097 335 2132 veluti
359 2097 492 2132 firmum
512 2098 603 2133 illius
619 2098 872 2134 dissertationis
890 2100 1184 2146 propugnaculum
1202 2101 1301 2136 nobis
1320 2101 1509 2136 obiecerat.

41 2142 120 2177 Hos
142 2144 262 2188 itaque
284 2149 415 2189 septem
434 2156 549 2178 omnes
566 2146 700 2180 omnino
721 2146 893 2181 increatus
918 2152 955 2181 et
974 2151 1112 2182 sanctos
1138 2159 1217 2182 esse
1241 2147 1381 2194 spiritus
1402 2148 1509 2182 Pala-

41 2199 114 2223 mas
133 2189 275 2234 eiusque
294 2191 454 2236 gregales
476 2191 717 2227 decreverunt.
765 2192 891 2227 Statim
916 2193 1024 2238 igitur
1049 2205 1226 2239 possemus
1251 2194 1344 2229 nulla
1365 2205 1507 2240 prorsus

39 2236 110 2270 alia
130 2248 169 2270 re
188 2237 232 2270 ad
247 2237 505 2282 persuadendos
523 2238 697 2273 auditores
716 2237 885 2284 indigere,
908 2239 939 2273 si
955 2239 1065 2286 prima
1080 2240 1303 2286 aggressione
1321 2241 1398 2286 ipsa
1418 2241 1505 2274 haec

40 2284 148 2316 nostri
155 2283 349 2318 Salvatoris
364 2284 401 2318 in
419 2283 562 2318 medium
581 2285 812 2330 proferremus
824 2286 942 2328 verba,
959 2298 1049 2332 quae
1064 2287 1237 2332 Apostolis
1254 2287 1354 2321 dixit.
1378 2286 1506 2328 „Eun-

39 2328 131 2371 tes,”
147 2329 274 2375 inquit,
295 2327 442 2372 „docete
460 2342 576 2365 omnes
596 2336 729 2376 gentes,
748 2331 965 2376 baptizantes
983 2345 1044 2368 eos
1060 2333 1097 2367 in
1116 2333 1249 2368 nomine
1259 2332 1377 2367 Patris
1395 2337 1431 2366 et
1442 2331 1505 2364 Fi-

37 2374 78 2409 lii
87 2380 123 2410 et
130 2376 283 2421 Spiritus
299 2376 445 2411 sancti.”
468 2377 599 2411 Plurali
616 2389 755 2412 numero
769 2378 909 2423 spiritus
919 2379 1044 2414 efferre
1061 2379 1117 2413 hic
1134 2391 1200 2414 non
1219 2378 1392 2425 permisit:
1417 2377 1504 2411 alio-

38 2422 124 2467 qui,
149 2423 318 2467 quomodo
344 2423 483 2458 divinae
507 2428 652 2459 naturae
680 2429 774 2460 sarta
798 2428 892 2459 tecta
910 2430 1107 2461 servaretur
1133 2437 1353 2472 personarum
1382 2423 1505 2458 Triui-

36 2473 112 2510 tas,
135 2468 166 2502 si
184 2480 249 2502 nou
266 2481 373 2512 unus,
397 2476 435 2504 at
455 2470 573 2515 plures
591 2476 707 2505 essent
722 2469 902 2515 Spiritus?
932 2472 1003 2506 Sed
1023 2472 1105 2518 quia
1125 2472 1252 2506 iamdiu
1271 2469 1440 2511 obtinuit,
1462 2472 1504 2503 ut

38 2526 197 2549 summam
215 2515 519 2562 breviloquentiam
534 2517 642 2552 veluti
659 2517 800 2563 proprio
816 2516 883 2552 sibi
902 2517 978 2553 iure
994 2519 1150 2553 Lacones
1167 2522 1205 2552 ut
1220 2517 1398 2562 plurimum
1422 2515 1503 2549 vin-

37 2560 216 2602 dicarent,
239 2562 465 2598 litteratiores
486 2568 598 2598 autem
619 2563 775 2609 pluribus
797 2563 862 2598 hoc
886 2563 920 2598 in
941 2563 1016 2599 loeo
1036 2564 1240 2599 testimoniis
1259 2574 1345 2608 opus
1364 2561 1503 2615 habeut,

37 2607 160 2652 quibus
181 2608 371 2643 adversarii
391 2609 586 2645 accuratius
603 2610 823 2652 refellantur3
845 2610 1010 2655 agedum,
1033 2622 1096 2645 nos
1113 2611 1216 2644 etiam
1243 2608 1425 2643 amicorum
1444 2618 1505 2652 qm

35 2665 99 2688 nos
127 2654 273 2688 audiunt
297 2655 469 2690 desiderio
494 2655 661 2691 faciamus
691 2657 797 2697 satis,
819 2659 857 2691 et
885 2668 1015 2692 omnem
1044 2656 1193 2691 adeundi
1221 2654 1348 2690 laboris
1376 2657 1502 2687 metum

37 2700 211 2734 oblivione
228 2706 451 2736 conteramus.
481 2701 591 2737 Divus
606 2703 724 2748 itaque
743 2702 916 2738 Maximus
933 2704 1020 2738 haec
1038 2704 1082 2737 de
1100 2707 1230 2747 septem
1246 2700 1423 2746 spiritibus
1441 2709 1504 2733 seu

36 2745 156 2790 (quod
177 2746 266 2781 idem
288 2747 371 2792 est)
393 2748 581 2783 virtutibus
607 2749 761 2783 disserit.
817 2749 895 2791 „Et
924 2747 1184 2794 requiescent?
1216 2746 1348 2791 inquit,
1372 2756 1504 2790 „supet

35 2803 111 2826 eum
131 2792 304 2827 Christum
322 2798 456 2848 septem
480 2795 645 2840 spiritus3
677 2795 820 2840 spiritus
839 2795 1053 2842 sapientiae,
1075 2794 1218 2839 spiritus
1242 2791 1502 2837 intelligentiae,

34 2838 179 2884 spiritus
190 2839 417 2886 cognitionis,
440 2841 584 2887 spiritus
605 2841 794 2886 edendae,
820 2841 965 2890 spiritus
982 2840 1138 2882 consilii,
1160 2838 1302 2886 spiritus
1325 2837 1503 2873 fortitudi-
