1794 3172
323 95 638 180 msTomAE
669 131 1046 178 »BYZANI'INAE
1077 130 1176 176 xv.
1207 137 1248 178 7.
1406 125 1526 173 v769

45 247 171 305 ἀνῆγε
200 246 279 303 τὴν
308 243 504 304 κεφαλήν.
561 244 675 304 (ΔΓ)
695 241 872 287 Τούτων
900 243 944 286 δ’
979 241 1112 293 οὕτως
1146 239 1347 298 ἐχόντων,
1389 241 1524 285 πολλὰ
1547 247 1748 284 A.-c.1347

45 319 138 374 περὶ
155 321 231 373 τῆς
250 317 353 372 ε’μῆς
374 320 531 370 σιωπῆς
549 313 576 370 ἦ
603 315 767 370 βασιλὶς
787 311 966 370 ὑπῆρχεν
984 311 1332 370 ἀμφισβητοῦσα,
1361 314 1430 354 καὶ
1448 297 1750 378 τῆςωῗὲὲὥ·.ξ““

44 388 149 442 ἐμῆς
171 385 240 429 διὰ
258 385 430 441 μελέτης
449 386 618 428 ἐποιεῖτο
639 387 865 440 πειρᾶσθαι
881 379 1059 439 γνώμης.
1099 383 1174 424 καί
1186 399 1239 437 με
1258 383 1325 424 καὶ
1342 381 1402 437 μὴ
1421 386 1528 436 βου-

48 454 222 510 λόμενον
244 450 372 506 αὖθις
390 454 532 512 κριτὴν
549 457 863 510 προσκαλεῖται,
896 453 965 495 καὶ
988 448 1077 494 οἷόν
1102 468 1193 494 τινα
1224 449 1418 508 γνώμονα
1444 454 1568 494 τῶνΕ

12 530 38 567 5
49 524 180 580 αὐτῆς
195 542 238 568 τε
257 526 325 568 καὶ
342 529 418 568 τοῦ
438 522 695 580 πατριάρχου
714 524 806 579 περὶ
823 525 897 565 τοῦ
908 524 1100 576 Παλαμᾶ
1116 525 1370 578 φιλονεικιῶν
1381 535 1392 544 ”
1413 522 1528 565 δυοῖν

47 595 170 652 ε’ννῷ
208 594 360 649 ἴχουσα
384 590 570 650 θάτερον
602 592 874 649 πεπραχέναι·
910 592 946 634 εἶ
970 591 1049 646 μὲν
1075 590 1154 647 γὰρ
1177 588 1376 649 ὅμόᾳρων
1398 591 1529 649 ἐκείνῃ

48 663 155 707 κατὰ
178 667 255 707 τοῦ
272 660 530 720 πατριάρχου
551 663 768 719 γενοίμην,
802 657 900 703 ἵλεώ
929 677 974 703 τε
1007 657 1163 716 ταύτης
1192 667 1327 715 τυχεῖν
1359 661 1427 703 καὶ
1445 665 1530 716 βα-

47 737 212 777 σιλικῶν
241 732 560 776 ἀπολελαυκέναι
584 732 790 788 χαρίτων,
821 729 983 787 μακρὸν
1010 729 1059 773 τὸ
1091 727 1309 787 φιλότιμον
1333 729 1529 786 κεκτημέ-

47 817 151 846 νων·
188 805 224 846 εἰ
243 802 288 845 δ’
311 797 386 846 οὖν
399 835 412 855 ,
449 790 769 845 ἆνανεώσασθαι
790 805 864 843 νῦν
883 801 951 842 καὶ
969 798 1045 855 τὴν
1062 803 1123 858 τῷ
1131 797 1270 858 χρόνῳ
1292 799 1529 858 παρεῤῥυη-

0 877 39 914 [0
49 879 169 916 κυῖαν
201 870 283 928 ἤδη
318 871 388 915 διὰ
416 871 491 914 τὸν
518 868 715 926 Γαλάτην
739 871 890 913 ἐκεῖνον
919 873 1068 925 μῆνιν·
1103 867 1157 924 ἣν
1184 867 1313 912 πάλαι
1332 867 1526 928 καθάπερ
1536 874 1656 913 Ρ.483

45 941 191 998 βωμὸν
210 938 549 998 ἔγκαθιδρύσασα
573 947 662 991 τοῖς
691 944 768 995 τῆς
787 944 928 995 ψυχῆς
955 936 1165 996 συνετήρει
1184 936 1418 994 θαλάμοις,
1459 940 1528 990 καὶ

46 1010 182 1054 πάνθ’
204 1009 310 1066 ὅμοῧ
328 1011 381 1054 τὰ
397 1008 674 1066 χαλεπώτατα
691 1008 799 1053 καθ’
818 1007 938 1064 ἡμῶν
957 1008 1208 1066 δεδρακέναι.
1247 1007 1339 1067 (Β.)
1358 1012 1527 1066 Προσε-

46 1078 288 1137 ληλυθότας
307 1075 382 1124 οἷν
398 1081 465 1123 καὶ
485 1081 744 1129 καθίσαντας
771 1082 1053 1136 προσειποῦσα
1076 1080 1145 1121 καὶ
1171 1076 1452 1135 ἇπαλωτέροις
1472 1078 1527 1122 τὰ

46 1154 193 1206 πρῶτα
212 1150 317 1208 πρὸς
335 1147 448 1206 ἡμᾶς
461 1149 701 1207 χρησαμένη
720 1155 808 1199 τοῖς
839 1146 976 1205 λόγοις
1002 1147 1081 1198 τὰς
1100 1143 1175 1192 τοῦ
1192 1151 1383 1203 Παλαμᾶ
1401 1166 1526 1205 προε-

0 1223 37 1262 [5
48 1218 184 1275 κόμιζε
207 1220 495 1277 καινοφωνίας.
532 1220 600 1262 καὶ
627 1218 764 1275 ἐπειδὴ
786 1217 1059 1273 πειθομένους
1086 1217 1164 1273 οὐχ
1180 1216 1362 1276 εὕρισκεν
1370 1251 1386 1272 ,
1425 1217 1525 1261 ἀλλ’

45 1292 226 1347 ἰσχυρῶς
250 1293 336 1333 τῶν
367 1290 553 1346 πατρίων
586 1288 880 1344 ἀντεχομένους
902 1286 1013 1345 ὅρων
1044 1289 1113 1331 καὶ
1146 1286 1309 1343 νόμων,
1345 1289 1413 1330 καὶ
1444 1285 1566 1334 Scan

45 1365 130 1403 τῶν
148 1361 375 1403 συνοδικῶν
393 1361 469 1402 εἶσι
485 1356 756 1415 παραδόσεων
774 1357 959 1415 ἴγγραφα
977 1358 1314 1415 παραγγέλματα,
1348 1358 1417 1400 καὶ
1437 1356 1527 1412 ἅμα

45 1429 210 1473 κάκεῖνα
226 1433 302 1472 τοῦ
322 1429 441 1472 θείου
464 1428 750 1486 προφέροντας
772 1426 950 1472 Παύλου
966 1441 977 1451 ·
998 1427 1112 1478 εἴτις
1131 1427 1420 1484 εὖαγγελίζοιτο
1444 1426 1530 1485 (λε’-

44 1497 206 1556 γοπος)
229 1496 428 1556 ὖπερόρια
451 1502 528 1555 τῆς
551 1498 707 1541 ἐκείνου,
727 1498 1020 1550 διδασκαλίας,
1058 1495 1161 1540 εἶναι
1194 1494 1415 1550 ἀνάθεμα,
1451 1494 1529 1538 κᾶν

0 1563 76 1627 2οᾖ
98 1572 182 1612 τῶν
205 1567 409 1625 οὖρανίων
442 1585 506 1618 τις
528 1566 727 1624 ἀγγέλων·
763 1568 871 1623 μηδὲ
890 1566 968 1623 γὰρ
997 1564 1099 1609 εἶναι
1118 1565 1223 1623 πρὸς
1247 1563 1365 1621 ἡμῶν
1376 1598 1391 1618 ,
1425 1564 1528 1608 ἄλλο

46 1655 87 1681 τι
104 1641 210 1680 θεοῦ
227 1641 455 1698 προτιμᾷν·
493 1634 800 1696 (παραπλήσιον
815 1635 894 1693 γὰρ
913 1634 964 1678 ἂν
991 1634 1053 1691 εἴη
1071 1637 1188 1678 τουτὶ
1201 1668 1217 1688 ,
1259 1633 1396 1692 ὥσπερ
1418 1633 1471 1676 ἂν
1491 1633 1534 1677 εἷ’

47 1723 110 1757 τις
121 1711 174 1765 τῇ
190 1706 387 1767 ἀριστερᾷ
402 1707 508 1763 χειρὶ
524 1705 600 1762 τὴν
618 1705 754 1757 δεξιὰν
764 1703 1010 1749 ἀποκόπτειν
1026 1702 1254 1761 ἓβούλετο·)
1266 1703 1371 1746 ἀλλὰ
1386 1701 1524 1747 πάντα

46 1774 162 1821 κάτω
189 1775 438 1835 ῥιπτοῦντας
467 1775 573 1834 πρὸς
600 1775 728 1819 αὐτὸν
755 1773 884 1832 μόνον
916 1773 1104 1830 βλέπειν·
1148 1773 1418 1832 ἀγριαίνουσα
1439 1772 1565 1830 ἤδηο

46 1934 96 1969 tis
123 1935 237 1969 autem
266 1933 451 1970 insolentia
473 1937 581 1981 caput
603 1933 707 1969 altius
729 1935 880 1968 erectum
904 1931 1098 1968 attollebat.
1145 1930 1243 1977 (lv.)
1265 1931 1364 1967 Haec
1382 1942 1455 1965 cum
1474 1929 1528 1965 ita

46 1993 87 2016 se
106 1981 297 2024 haberent,
329 1981 471 2016 multam
498 1981 668 2017 silentium
697 1992 804 2016 meum
829 1979 1040 2026 imperatrici
1068 1978 1318 2014 dubitationem
1342 1977 1527 2019 afferebat,

46 2032 191 2074 eratque
212 2028 263 2062 illi
281 2028 514 2074 propositum,
538 2034 578 2062 ut
595 2027 679 2075 quid
699 2028 860 2062 sentirem
882 2027 1091 2074 exploraret.
1136 2025 1367 2067 Quamobrem
1383 2035 1449 2066 me,
1471 2029 1528 2057 ta-

45 2075 147 2109 metsi
169 2074 304 2117 nollem,
326 2075 438 2110 denuo
455 2075 616 2117 arcessit,
636 2078 676 2109 ut
692 2075 728 2108 in
746 2074 790 2109 iis
806 2074 936 2116 litibus,
961 2085 1048 2119 quas
1065 2073 1109 2108 de
1127 2072 1266 2107 Palama
1283 2083 1357 2106 cum
1372 2070 1526 2117 patriar-

45 2121 113 2155 cha
132 2121 304 2163 habebat,
326 2121 431 2156 iudex
449 2134 560 2157 essem
587 2127 624 2156 et
644 2120 743 2167 quasi
767 2132 885 2155 norma
910 2120 1095 2166 quaedam:
1127 2119 1273 2154 duorum
1296 2118 1356 2152 illa
1380 2118 1525 2152 alterum

44 2168 165 2202 facere
182 2167 218 2202 in
239 2167 351 2203 animo
367 2168 519 2210 habens3
542 2168 574 2202 si
590 2168 727 2214 quidem
746 2167 911 2202 adversus
930 2167 1162 2214 patriarcham
1180 2177 1255 2200 cum
1272 2164 1331 2200 illa
1345 2164 1523 2210 conspira-

44 2225 116 2248 rem
129 2239 140 2255 ‚
164 2218 236 2248 tum
254 2219 295 2249 ut
317 2226 383 2260 ego
399 2214 585 2261 propitiam
609 2214 718 2261 ipsam
738 2215 937 2260 experirer,
960 2218 996 2248 et
1014 2212 1245 2259 imperatoriis
1264 2211 1443 2246 beneficiis
1462 2222 1526 2244 cu-

43 2260 195 2295 mularet
210 2272 376 2307 perquam
393 2261 612 2303 honorificis3
637 2261 689 2296 sin
705 2261 826 2303 minus,
844 2266 883 2295 ut
901 2265 1047 2306 propter
1061 2259 1200 2294 Gallum
1215 2259 1307 2294 illum
1325 2258 1361 2292 in
1378 2269 1432 2292 me
1446 2256 1526 2291 olim

44 2312 215 2352 concepta
232 2307 308 2350 ira,
330 2312 369 2342 et
386 2308 552 2354 temporis
571 2307 670 2353 lapsu
688 2307 754 2343 iam
771 2306 940 2347 obsoleta„
960 2306 1062 2342 hodie
1078 2307 1327 2346 suscitaretur3
1350 2315 1451 2350 quam
1467 2303 1527 2337 illa

42 2352 257 2408 iampridem,
279 2354 378 2389 velut
395 2366 490 2389 aram
502 2354 604 2389 animi
622 2354 858 2400 penetralibus
874 2354 1026 2396 infixam,
1048 2353 1212 2398 religiose
1229 2352 1413 2391 servabat3
1435 2348 1527 2383 omni

45 2399 195 2445 demque
216 2400 252 2434 in
270 2412 324 2435 me
347 2401 550 2436 acerbitatis
576 2413 703 2446 genere
728 2401 935 2435 saeviretur.
982 2400 1067 2444 (V.)
1090 2399 1311 2434 Praesentem
1331 2397 1450 2442 itaque
1469 2407 1527 2430 se-

44 2446 249 2492 dentemque
267 2447 441 2493 alloquuta
458 2460 523 2490 me,
547 2454 584 2483 et
600 2447 810 2482 mollioribus
829 2446 947 2481 verbis
962 2446 1062 2481 initio
1080 2457 1211 2481 mecum
1228 2457 1302 2489 usa,
1325 2454 1433 2478 novas
1449 2442 1526 2476 illas

43 2492 204 2527 Palamae
221 2493 400 2539 opiniones
418 2494 571 2540 protulit.
618 2494 703 2529 Mox
721 2493 779 2529 ubi
797 2499 1033 2539 repugnantes
1048 2505 1112 2527 nos
1129 2492 1288 2533 offendit,
1312 2495 1348 2525 et
1362 2489 1527 2524 maiorum

44 2539 270 2585 praescriptis
294 2539 533 2587 institutisque
558 2540 783 2587 pertinaciter
806 2539 1048 2582 inhaerentes,
1070 2539 1185 2586 iisque
1206 2538 1361 2573 omnibus
1382 2547 1527 2582 praece-

68 2584 137 2627 tis,
160 2596 249 2630 quae
266 2586 408 2632 synodis
431 2587 560 2622 tradita
586 2592 703 2621 essent
726 2592 764 2621 et
782 2587 915 2633 scripta
942 2591 1142 2629 exstarent,
1166 2584 1336 2630 simulque
1358 2583 1419 2617 illa
1443 2580 1527 2616 Divi

42 2678 44 2680 v
74 2631 144 2665 auli
161 2633 270 2668 verba
284 2634 517 2679 proferentes,
540 2633 693 2668 iubentis
712 2645 787 2668 eum
800 2634 980 2669 anathema
998 2645 1088 2675 esse,
1111 2632 1170 2678 qui
1187 2636 1432 2678 praeterquam
1447 2628 1527 2674 ipse

42 2677 241 2721 docuisset,
263 2680 564 2725 evangelizaturus
582 2681 694 2722 foret,
717 2679 851 2721 etiamsi
867 2679 1068 2714 caelestium
1086 2679 1296 2725 Angelorum
1314 2688 1403 2711 unus
1420 2674 1451 2709 is
1468 2686 1527 2708 es-

42 2727 124 2770 set3
152 2735 216 2758 nec
242 2725 334 2760 enim
356 2726 462 2761 officii
486 2727 598 2761 nostri
616 2738 716 2768 esse,
737 2726 833 2761 aliud
854 2726 1040 2772 quidquam
1059 2725 1136 2760 Deo
1160 2725 1356 2765 anteferre3
1379 2719 1524 2768 perinde

42 2770 173 2816 quippe
197 2770 283 2806 illud
307 2772 373 2815 sit,
404 2784 446 2808 ac
466 2773 498 2807 si
521 2773 599 2820 quis
626 2773 769 2808 sinistra
795 2784 897 2808 mann
922 2772 1079 2808 dextram
1101 2775 1279 2817 amputare
1298 2781 1339 2805 cu
1366 2769 1437 2811 iat;
1459 2766 1523 2802 sed

42 2817 198 2854 omnibus
215 2817 308 2856 infra
322 2818 471 2863 habitis,
494 2818 533 2856 in
549 2831 625 2856 eum
643 2820 751 2856 solum
774 2818 903 2857 intueri
919 2824 1100 2868 oportere:
1124 2823 1196 2855 tum
1218 2828 1302 2854 vero
1329 2816 1340 2825 ‘
1368 2827 1391 2852 a
1409 2815 1445 2850 in
1466 2825 1522 2850 me
