1794 3172
354 144 672 200 HISTORIAE
703 149 1079 199 BYZANTINAE
1107 148 1228 198 XIV.
1257 150 1299 198 5.
1461 142 1564 191 709

74 269 152 311 τοῦ
181 263 338 323 θέρους
358 264 402 308 ἓν
428 264 581 320 ἀκμαῖς
610 262 732 314 ὄντος
758 262 841 319 ἤδη
867 265 945 306 τοῦ
969 261 1102 305 σίτου.
1138 260 1208 303 καὶ
1237 253 1290 316 ἦν
1308 258 1352 303 ἓν
1372 256 1422 303 οὗ
1444 256 1562 314 μάλα
1586 264 1788 303 Α.ε.1344

74 342 281 394 φορηταΐς
302 334 357 378 τὰ
373 334 580 390 βασιλέως
604 331 867 391 περιστάσεσι
895 328 1145 387 πράγματα,
1181 330 1250 373 καὶ
1274 333 1416 388 πᾶσαν
1439 314 1785 396 cinaefvmphfssffjgffi

73 405 352 462 ἀνθρωπίνως
379 402 652 458 ἆποσειόμενα
673 401 888 455 σώζουσαν
910 401 1177 457 προσδοκίαν.
1216 397 1319 459 (A.)
1332 398 1401 442 Ἐν
1419 397 1601 442 τοιού-Β

71 491 161 525 τοις
182 474 227 517 δ’
252 474 340 518 ὄντι
363 477 423 533 τῷ
442 477 612 528 βασιλεῖ
627 479 714 523 τοῖς
743 474 890 520 δεινοῖς
915 470 1187 526 προσετίθετο
1219 470 1287 511 καὶ
1307 466 1334 524 ἦ
1364 472 1450 512 τῶν
1471 467 1562 524 ἅμα

42 544 191 603 δαῦτῷ
222 547 489 601 στρατιωτῶν
517 540 624 598 ὁμοῦ
657 543 725 584 καὶ
759 543 1004 598 στρατηγῶν
1033 540 1101 581 καὶ
1131 542 1337 596 συγγενῶν
1358 539 1558 590 ἐπίθεσις.

72 615 158 673 ι’δίᾳ
176 613 255 671 γὰρ
293 610 533 668 προσιόντες
557 612 721 654 ἕκαστοι
755 610 825 654 διὰ
846 609 918 654 τὸν
944 608 1088 664 καιρὸν
1116 610 1185 651 καὶ
1203 607 1302 659 roi-g
1320 608 1560 666 ἐφεστῶτας

70 681 286 732 κινδύνους
318 680 503 740 ἀπῄτουν
532 681 572 724 οἱ
597 681 675 736 μὲν
701 680 901 735 Λέσβον,
940 678 979 722 οἶ
997 679 1043 721 δὲ
1060 681 1246 734 Λῆμνον
1254 711 1268 731 ,
1305 678 1346 721 οἶ
1367 679 1413 721 δὲ
1432 680 1558 722 Χίον·

70 751 191 795 ἄλλοι
212 752 259 794 δ’
286 751 393 794 ἄλλα
415 768 459 794 τε
476 752 612 807 χωρία
633 752 699 792 καὶ
720 747 942 807 προσόδων
959 747 1152 804 εὖποριάς
1164 781 1179 801 ,
1216 748 1319 798 τέως
1333 748 1410 803 μὲν
1430 749 1473 791 ἓν
1491 749 1559 806 ἔγ-

69 819 188 877 γύαις
207 818 426 878 ἐγγράφοις
438 835 450 844 ·
488 820 555 864 ὅτε
578 820 621 864 δ’
643 819 843 877 ἐγκρατὴς
862 815 1064 869 καθάπαξ
1087 822 1162 873 τῆς
1179 816 1280 874 ὅλης
1296 818 1455 874 γένοιτο
1472 823 1599 872 βαι-Ο

13 897 59 933 10
71 892 251 944 σιλείας,
299 891 460 946 ἐπιτελῆ
494 891 562 933 καὶ
591 889 646 932 τὰ
677 890 719 932 ἓν
750 887 912 945 ἕγγύαις
948 887 1220 943 ἕπηςῆἐλμείἀ
1250 889 1556 933 καθίστασθαι.

65 961 175 1016 μηδὲ
187 959 264 1017 γὰρ
285 959 354 1003 ἐπ’
377 958 548 1016 ἀδήλοις
567 960 724 1002 ἐλπίσιν
741 957 853 1002 οὕτω
873 955 1128 1011 διακυβεύειν
1146 957 1194 1001 τὸ
1212 959 1296 1016 ζῇν,
1323 958 1367 1000 ἓν
1384 957 1554 1015 ὄφθαλ·
1566 966 1611 1002 V.
1622 967 1695 1004 360

67 1037 164 1085 μοῖς
190 1029 271 1085 ἤδη
307 1033 392 1072 τῶν
421 1027 621 1072 κινδύνων
650 1026 868 1082 ἑστώτων,
918 1027 1082 1071 οἴεσθαι
1122 1027 1199 1083 τὴν
1228 1031 1304 1071 τοῦ
1334 1030 1554 1082 βελτίστου

65 1100 184 1157 σφίσι
202 1106 355 1157 μοῖραν
374 1096 576 1156 ἱδρύσθαι
585 1132 599 1151 ,
627 1097 723 1140 ἀλλ’
743 1098 933 1155 ἐνέχυρον
952 1095 1060 1140 εἷναί
1072 1113 1111 1140 τι
1129 1097 1302 1152 βέβαιον
1310 1130 1325 1150 ,
1357 1091 1408 1141 οὗ
1428 1095 1556 1154 πριά-

63 1185 188 1223 μενος
220 1167 271 1211 ἄν
301 1185 365 1219 τις
393 1168 467 1212 τὸν
494 1166 686 1212 θάνατον
717 1167 1001 1226 ἀνεπίφθονον
1030 1171 1130 1222 γοῦν
1157 1166 1234 1222 τὴν
1265 1171 1351 1210 τῶν
1378 1171 1554 1223 περιλει-

9 1245 54 1280 15
67 1238 264 1295 αθέντων
286 1242 437 1296 ψῆφον
460 1238 545 1294 ἴχοι
568 1242 852 1295 καρποῦσθαι.
914 1234 1002 1297 (Ε.)
1042 1233 1231 1279 Τοιαῦτά
1257 1253 1301 1293 γε
1318 1235 1405 1293 μὴν
1426 1236 1553 1280 ἄπαι-

62 1312 207 1351 τοῦσιν
237 1309 404 1359 ε’κείνοις
431 1308 537 1366 πρὸς
567 1307 688 1350 οὐδὲν
711 1307 878 1362 οὐδαμῆ
907 1323 951 1364 γε
981 1303 1187 1349 ἐνδιδόναι
1213 1304 1325 1363 ἐπῄει
1346 1310 1591 1366 nimam-1>

63 1381 147 1429 aa,
186 1375 417 1435 φάσκοντι,
455 1377 515 1434 μὴ
541 1375 753 1420 δύνασθαι
776 1375 1002 1432 τάλλότρια
1023 1373 1129 1432 μήτε
1149 1380 1223 1419 νῦν
1241 1373 1550 1432 ὑπισχνεῖσθαι,

61 1445 166 1503 μήτε
187 1446 273 1502 μὴν
293 1445 400 1502 μετά
418 1464 463 1504 γε
482 1447 559 1504 τὴν
586 1451 662 1503 τῆς
683 1446 1012 1504 αὐτοκρατορίας
1033 1444 1278 1501 ἀντίληψιν,
1316 1447 1353 1489 εἶ
1380 1446 1554 1503 γένοιτο,

62 1519 287 1573 προΐεσθαι
311 1524 400 1568 τοῖς
420 1517 496 1560 οὐκ
528 1518 572 1560 ἓν
601 1515 709 1576 λόγῳ
743 1518 947 1572 ζητοῦσιν.
985 1519 1060 1559 νῦν
1085 1516 1162 1570 μὲν
1182 1514 1262 1572 γὰρ
1285 1514 1333 1558 τὸ
1354 1513 1557 1573 παράπαν

3 1583 259 1641 Ξοῦπάρχειν
286 1585 511 1644 ἀλλότρια,
558 1586 916 1644 πολιορκουμένων
944 1602 987 1629 τε
1020 1585 1089 1626 καὶ
1128 1586 1202 1641 ζῇν
1239 1583 1441 1642 ἀσφαλῶς
1467 1603 1556 1641 μη-

60 1657 176 1711 δαμῆ
208 1672 275 1698 πω
296 1656 671 1713 συγχωρουμένων·
707 1657 776 1698 καὶ
807 1653 901 1699 τότε
924 1654 966 1698 δ’
991 1648 1046 1697 αὖ
1067 1654 1206 1710 ἕτερον
1228 1652 1428 1711 ἀλλότρια
1447 1652 1550 1713 τρό-

58 1738 163 1767 πον·
201 1723 369 1768 πάντων
394 1725 474 1783 γὰρ
504 1722 631 1768 πάντ’
663 1722 765 1768 εἶναι
795 1728 880 1768 τῶν
909 1720 1159 1767 ὖπεικόντων
1189 1727 1242 1781 τῇ
1267 1725 1461 1786 βασιλείᾳ
1491 1724 1586 1767 τὰΕ

57 1799 135 1850 τῆς
152 1795 368 1848 βασιλείας
385 1792 611 1852 πράγματα
624 1808 635 1818 ·
671 1799 756 1838 τῶν
771 1791 1077 1850 βασιλευόντων
1095 1792 1142 1836 δ’
1165 1791 1228 1850 οὗ.
1267 1790 1329 1844 οἷς
1348 1788 1422 1837 οὖν
1444 1793 1550 1851 πρὸς

55 1861 296 1919 βουλήσεως
314 1863 375 1920 εἴη
395 1863 447 1908 ἂν
469 1864 568 1916 τοὺς
589 1862 801 1923 παρόντας
818 1856 1109 1920 συνδιενεγκεῒν
1128 1859 1228 1919 ἡμῖν
1244 1868 1330 1907 τῶν
1350 1861 1551 1908 κινδύνων

57 1973 102 2009 ad
124 1976 240 2010 castra
265 1973 416 2010 hostium
444 1975 643 2018 confluunt,
678 1978 812 2011 aestate
835 1978 873 2011 et
894 1974 1021 2012 adultis
1050 1977 1118 2012 iam
1145 1976 1318 2024 frugibus.
1365 1974 1550 2022 Erantque

56 2032 115 2056 res
139 2021 357 2066 imperatoris
375 2022 413 2057 in
435 2034 494 2057 eas
518 2024 689 2058 adductae
705 2022 905 2069 angustias,
930 2034 1019 2068 quae
1037 2025 1100 2059 vix
1121 2030 1239 2059 essent
1258 2022 1470 2064 tolerabiles,
1494 2027 1551 2056 at-

56 2079 125 2113 que
141 2079 272 2102 omnem
291 2068 485 2104 humanitus
506 2069 628 2104 salutis
649 2081 747 2116 spem
769 2069 1004 2107 excluderent.
1050 2071 1154 2116 (lv.)
1177 2071 1232 2106 Ad
1252 2070 1311 2105 illa
1326 2068 1495 2116 pericula,
1511 2069 1549 2103 in

54 2114 182 2160 quibus
201 2115 408 2150 versabatur
426 2116 627 2163 imperator,
650 2116 799 2151 accessit
816 2117 921 2152 etiam
940 2128 1058 2153 eorum
1074 2118 1135 2165 qui
1151 2130 1226 2153 cum
1244 2117 1322 2164 ipso
1339 2121 1452 2158 erant,
1473 2121 1545 2150 tam

53 2160 200 2195 militum
226 2172 327 2206 quam
355 2162 501 2206 ducum,
533 2175 575 2198 ac
602 2164 873 2198 necessariorum
900 2164 1099 2210 importuna
1122 2164 1334 2199 sollicitatio.
1379 2162 1549 2197 Privatim

55 2206 145 2242 enim
162 2208 400 2255 unusquisque
418 2210 606 2252 adeuntem
631 2215 775 2256 propter
793 2210 903 2256 ipsum
921 2222 1036 2247 rerum
1054 2216 1181 2246 statum
1200 2217 1238 2246 et
1256 2209 1466 2246 imminentia
1485 2220 1549 2254 pe·

54 2253 185 2294 ricula,
221 2255 388 2299 petebant
413 2255 480 2291 sibi
510 2256 547 2290 hi
574 2256 731 2299 Lesbon,
762 2257 927 2292 Lemnum
947 2258 1021 2300 illi3
1052 2258 1113 2292 alii
1139 2258 1284 2300 Chium,
1316 2256 1378 2291 alii
1398 2255 1549 2301 denique

54 2299 134 2334 loca
155 2299 243 2343 αὔεις
266 2307 303 2336 et
323 2302 415 2337 unde
436 2314 508 2337 rem
528 2303 595 2338 sibi
616 2303 792 2345 facerent3
817 2308 923 2350 atque
945 2309 985 2339 ut
1002 2304 1141 2339 interim
1160 2304 1299 2351 quidem
1323 2303 1456 2349 scripto
1477 2301 1547 2336 sibi

54 2352 257 2389 cavet-etun
291 2348 391 2383 simul
418 2354 533 2385 autem
554 2355 662 2396 atque
690 2361 803 2385 rerum
829 2350 1005 2397 potiturus
1027 2357 1141 2394 esset,
1175 2356 1214 2385 ut
1236 2350 1423 2397 promissa,
1453 2359 1547 2394 qnae

53 2393 214 2428 cautione
239 2394 375 2429 firmata
403 2400 539 2438 essent,
562 2396 799 2442 implerentur.
845 2397 973 2444 Neque
997 2398 1110 2440 enim,
1144 2397 1223 2432 dum
1244 2402 1436 2443 sequuntur
1462 2406 1545 2440 spes

52 2438 224 2483 incertas,
245 2441 354 2476 aleam
377 2441 473 2477 vitae
495 2443 635 2485 subire,
659 2442 823 2488 periculis
843 2443 912 2478 iam
934 2445 980 2479 ob
1002 2444 1119 2479 oculos
1139 2443 1282 2490 positis,
1306 2443 1472 2488 optimum
1488 2441 1545 2475 vi-

53 2485 130 2520 deri
150 2486 240 2522 sibi:
262 2487 324 2522 sed
348 2489 474 2534 pignus
500 2489 642 2536 aliquod
665 2489 893 2525 firmumresse
910 2491 1060 2533 debere,
1082 2502 1146 2537 pro
1165 2502 1235 2536 quo
1255 2495 1397 2524 mortem
1416 2487 1545 2533 aliquis

51 2537 174 2578 pectus
198 2545 316 2568 eorum
336 2536 477 2578 saltem,
501 2536 563 2581 qui
583 2536 792 2582 superstites
815 2536 926 2571 futuri
954 2541 1092 2580 essent,
1122 2536 1328 2582 suffragium
1351 2539 1544 2570 mereretur

51 2578 190 2632 minime
205 2580 423 2627 invidiosum.
470 2582 554 2627 (V.)
577 2583 676 2617 Haec
697 2593 772 2617 cum
790 2582 843 2617 illi
861 2583 1062 2630 exigerent,
1084 2583 1273 2630 imperator
1294 2581 1382 2616 nihil
1399 2591 1542 2627 prorsus

50 2625 97 2678 lis
116 2626 305 2662 conceda-e
329 2627 499 2663 decrevit.
556 2628 685 2664 Aiebat
704 2629 813 2671 enim,
842 2629 935 2664 haud
961 2642 1065 2676 posse
1083 2642 1142 2672 se,
1165 2641 1255 2676 quae
1270 2628 1385 2663 aliena
1410 2632 1541 2669 essent,

50 2681 127 2705 sive
146 2670 182 2706 in
202 2674 377 2718 praesenti
429 2674 581 2717 olliceri‚
606 2675 682 2710 sive
701 2687 861 2722 suprema
880 2680 1056 2722 potestate
1082 2676 1151 2711 sibi
1172 2676 1224 2720 (si
1242 2674 1380 2722 quando
1400 2673 1538 2720 posset)

49 2716 241 2760 vindicata,
258 2718 304 2753 iis
319 2686 512 2765 iudnpgere,
531 2722 591 2767 qui
610 2721 728 2767 inique
745 2726 919 2768 peterent.
947 2723 1088 2770 Quippe
1102 2734 1144 2757 ea
1160 2733 1252 2757 nunc
1268 2721 1405 2767 quidem
1424 2720 1536 2755 aliena

48 2773 192 2808 prorsus
216 2777 313 2808 esse,
345 2778 422 2801 cum
449 2767 518 2812 ipsi
539 2767 794 2811 obsiderentur,
826 2770 972 2804 necdum
997 2770 1066 2804 sibi
1091 2768 1224 2804 securis
1247 2768 1370 2802 vivere
1393 2766 1535 2808 liceret3

48 2820 92 2843 ac
112 2815 186 2864 tnm
201 2821 323 2846 rursus
342 2813 418 2849 fore
437 2814 552 2848 aliena
571 2814 640 2848 alio
655 2815 770 2849 modo.
803 2815 941 2850 Etenim
961 2827 1018 2851 res
1035 2815 1175 2872 imperii
1195 2826 1311 2850 omnes
1333 2825 1401 2848 non
1425 2813 1535 2859 impe»-

45 2862 197 2892 rantmm
212 2869 303 2903 ense,
324 2859 390 2896 sed
404 2871 522 2896 eorum
538 2860 697 2905 omnium,
712 2861 773 2908 qui
789 2861 934 2909 imperio
952 2862 1103 2900 subiecti
1119 2860 1202 2898 sint.
1250 2859 1323 2904 Qui
1337 2860 1458 2908 itaque
1471 2871 1534 2895 uo-
