1754 3164
190 147 326 197 1224
695 153 1181 215 ANNOTATIONES.

305 263 402 316 Pag.
433 263 539 311 286,
573 263 639 304 16.
666 255 736 301 Ἐν
757 257 887 317 τούτῳ
907 263 966 317 τῷ
984 257 1143 314 χρόνῳ]
1175 260 1311 303 Ioann.
1334 260 1543 304 Villaneuz
1567 264 1637 305 lib.
1658 266 1728 306 IX.

189 326 277 374 cap.
301 320 368 363 85.
388 322 455 362 89.
488 320 596 358 Petr.
619 318 788 358 Bizarus
811 318 882 357 lib.
909 318 957 358 V.
989 319 1090 360 Hist.
1114 320 1335 360 Genuensis
1366 334 1407 373 p.
1431 323 1526 364 108.
1554 336 1729 364 vuemo.

301 386 401 440 Pag.
430 389 539 437 287,
570 390 610 429 3.
668 381 810 435 Αὖθις
826 402 862 427 κ.
890 401 925 426 τ.
945 385 1002 440 λ.]
1034 387 1242 427 Lectiones
1264 404 1298 428 a.
1321 389 1361 428 b.
1380 403 1414 430 c.
1438 388 1477 428 d.
1503 403 1539 434 e.
1563 390 1590 428 f.
1614 395 1667 441 [3‚
1689 394 1729 443 4,

187 446 227 496 5,
258 447 311 493 8.]
344 458 394 482 ex
423 444 570 484 Codice
600 445 722 496 Regio
748 451 983 498 excerptae,
1024 444 1142 484 etiam
1164 445 1322 486 Codicis
1345 446 1526 486 Vaticani
1556 452 1730 489 auctori-

185 509 268 542 tate
301 501 496 541 nituntur.
545 517 700 543 B01V1N.

302 562 401 613 Pag.
431 563 537 611 287,
570 564 637 603 11.
698 554 841 613 Κροῖλη
862 558 1064 614 Σερβίας]
1100 560 1245 600 Urosio
1271 575 1385 613 cogn.
1412 559 1563 603 Sancto
1584 570 1626 603 et
1645 563 1731 604 Mi.

183 615 333 668 lutino,
365 619 527 658 Serviae
546 619 644 670 regi.
672 618 775 658 Vide
797 623 964 656 stemma
982 631 1123 670 regum
1145 619 1306 659 Serviae
1325 634 1366 660 n.
1384 619 1453 662 59.
1496 634 1681 663 numne.

299 688 403 741 Pag.
433 691 541 737 287,
574 690 640 730 12.
687 683 838 740 ’Έρωτι
864 683 941 743 γοῖρ
971 690 1025 744 τῷ
1048 685 1149 743 πρός
1172 684 1326 742 αὐτήν,
1351 687 1451 744 etc.]
1483 690 1542 729 Ita
1568 705 1731 745 quoque

183 745 366 799 legitur
356 760 398 784 m
420 745 882 785 Cod.Vatic..1301v1N.

302 817 537 867 Pag.287,
571 814 635 857 14.
674 810 931 873 Ἐζηλοτυπει
959 810 1004 855 δ’
1034 809 1112 856 οὐν
1142 811 1253 869 ὅμως
1281 831 1356 870 την
1383 832 1535 871 ταυτης
1564 834 1630 859 απ.
1660 818 1731 860 καὶ

184 869 350 939 μεστος]
377 869 549 926 Ἐζηλοτ.
581 868 621 913 6'
653 874 729 913 οὐν
756 868 864 925 ὅμως
892 868 1022 925 αὐτην
1053 869 1115 914 ἀεὶ
1146 872 1216 914 καὶ
1245 871 1395 939 μεστὸς,
1418 882 1495 915 etc.
1528 876 1627 916 Cod.
1651 877 1730 915 Va-

183 932 254 971 tic.
277 930 319 969 in
342 945 422 983 quo
441 937 598 983 tamen,
627 930 847 969 recentiori
864 944 986 970 manu
1008 930 1244 983 emendato,
1274 932 1332 971 ita
1354 933 1502 984 legitur
1520 940 1567 973 ut
1587 934 1629 972 in
1642 935 1730 974 vul-

184 989 303 1042 gatis.
361 1003 519 1028 noxvm.

302 1049 534 1101 Pag.288,
568 1045 634 1089 15.
695 1044 779 1086 Καὶ
810 1063 864 1100 μη
896 1047 1028 1095 ζῶσαν
1060 1042 1190 1099 αὐτὴν
1221 1062 1276 1095 ως
1309 1043 1559 1100 πορῤωτάτω
1587 1064 1629 1090 τε
1653 1052 1730 1090 τοῦ

185 1100 340 1158 ἀνδρὸς
359 1077 534 1157 Οοίκεῖν]
563 1103 625 1143 Ne
643 1105 734 1142 viva
765 1119 884 1159 quam
917 1102 1142 1158 longissime
1172 1119 1196 1142 α
1227 1106 1372 1144 marito
1402 1104 1622 1156 babitaret,
1654 1114 1731 1146 etc.

185 1163 254 1201 Sic
276 1162 529 1212 vertendum,
559 1175 640 1200 non
659 1171 700 1200 ui
720 1171 875 1200 mortua
899 1177 1018 1216 quam
1042 1162 1302 1201 remotissima
1317 1177 1342 1201 α
1364 1164 1524 1214 marito,
1553 1165 1731 1204 animum

185 1221 268 1265 eius
306 1218 418 1259 nullo
458 1233 633 1259 moerore
665 1219 886 1266 sauciaret,
941 1219 1283 1272 quemadmodum
1327 1227 1508 1266 verterat
1545 1222 1732 1263 Wolfius.

183 1290 343 1318 1301V1N.
1396 1296 1397 1299 ¹

304 1338 399 1389 Pag.
432 1336 537 1383 288,
570 1337 637 1377 17.
695 1332 740 1375 Ο
768 1348 918 1388 ταυτης
947 1329 1226 1389 ἆμφιμήτριος
1258 1329 1460 1387 ἁδελφός]
1503 1335 1732 1390 Interprcs,

181 1392 317 1458 frater
336 1392 534 1431 uterinus:
565 1392 879 1444 emendavimus,
903 1393 1235 1446 consanguineus‚
1260 1406 1311 1431 ex
1338 1392 1478 1432 eodem
1500 1402 1667 1446 parente
1690 1403 1731 1436 et

186 1451 266 1490 alia
289 1457 436 1489 matre:
466 1449 509 1487 id
529 1449 634 1488 enim
666 1463 750 1488 vox
779 1451 932 1489 Graeca
955 1456 1083 1489 sonat.
1137 1450 1286 1489 Pollux
1308 1450 1378 1491 lib.
1399 1450 1471 1491 111.
1500 1465 1589 1521 cap.
1615 1456 1658 1495 2.
1690 1454 1733 1494 οἵ

186 1506 260 1562 μὲν
286 1508 330 1550 ἐκ
368 1504 500 1561 μόνου
537 1504 683 1562 πατρὸς
721 1503 913 1560 αδελφοὶ,
957 1503 1171 1562 διαφόρων
1209 1505 1254 1548 δὲ
1293 1507 1527 1579 μητέρων,
1544 1506 1731 1579 οἷμςμμή-

185 1581 322 1621 τορες,
364 1565 407 1606 οἷ
435 1562 478 1606 δὲ
508 1564 552 1606 ἐκ
582 1560 795 1619 διαφόρων
825 1564 1030 1619 πατέρων,
1075 1567 1171 1618 μιᾶς
1200 1562 1245 1605 δὲ
1288 1563 1458 1620 μητρὸς,
1500 1562 1733 1619 οἷμφιποῖτο-

187 1639 267 1678 ρες.
329 1623 617 1662 Constantinus
643 1623 746 1662 enim
776 1623 1039 1675 Palaeologus
1068 1624 1270 1676 Despota‚
1302 1637 1352 1663 ex
1384 1623 1607 1663 Andronici
1639 1640 1732 1666 cum

185 1684 299 1722 Anna
326 1681 464 1734 priole
489 1681 681 1732 coniuge,
713 1681 888 1721 Simonis
917 1695 1013 1721 vero
1045 1695 1095 1720 ex
1122 1682 1248 1720 altero
1275 1694 1366 1720 cum
1396 1681 1510 1721 Irene
1540 1683 1731 1735 coniugio

185 1739 440 1806 prodierant.
478 1753 657 1778 DUCANG.
720 1735 879 1792 Ταύτης
911 1735 1188 1793 ἅμφιμήτριος
1221 1734 1421 1792 οἷδελφὸς]
1471 1738 1613 1779 Frater
1649 1744 1731 1780 eius

187 1798 521 1851 consanguineus,
560 1811 663 1847 non,
693 1803 740 1835 ut
759 1797 876 1836 Wolf
881 1812 927 1836 us
949 1797 1303 1850 interpretabatur,
1323 1798 1508 1840 uterinus.
1539 1799 1733 1838 Constan-

186 1855 297 1894 tinus
317 1855 494 1920 Despota
518 1861 604 1894 erat
627 1855 843 1894 Cralaenae
859 1855 992 1911 frater
1014 1855 1337 1918 consanguineus,
1367 1854 1505 1894 eodem
1524 1861 1640 1927 patie
1662 1872 1731 1896 na-

187 1919 268 1963 tus,
298 1927 380 1951 non
402 1913 498 1952 item
523 1913 661 1953 eadem
689 1919 828 1952 matre.
875 1913 975 1951 Vide
993 1926 1083 1965 cap.
1098 1912 1167 1951 IV.
1190 1919 1285 1950 sect.
1307 1915 1343 1954 1.
1362 1911 1480 1952 infra
1530 1910 1732 1969 Ἀμφιμή-

187 1986 298 2025 τριος
328 1970 436 2009 idem
470 1978 532 2011 est
566 1977 688 2025 atque
729 1966 1001 2026 αμφιμήτωρ,
1038 1969 1083 2009 id
1116 1975 1199 2020 est,
1238 1968 1396 2010 diversa
1435 1980 1562 2013 matre
1598 1983 1730 2013 natus.

187 2041 344 2068 1301V1N.

306 2088 402 2138 Pag.
432 2088 538 2137 289,
571 2089 608 2128 1.
662 2084 707 2127 ‘O
735 2083 779 2127 δὲ
806 2100 1055 2140 πατριαρχης
1080 2079 1267 2139 Ἰωάννης
1299 2081 1481 2135 Γλυκυς]
1530 2084 1731 2127 Phranzes

188 2143 261 2184 lib.
285 2144 314 2182 I.
336 2156 425 2196 cap.
449 2145 490 2184 9.
548 2157 727 2184 DUCANG.

307 2215 403 2266 Pag.
432 2215 536 2262 289,
568 2215 637 2255 23.
701 2213 813 2252 Πᾶσι
833 2209 907 2265 μὲν
930 2205 1010 2267 οὖν
1026 2206 1277 2264 ἀνθρώποις,
1302 2213 1403 2265 εἴα]
1436 2212 1634 2264 Gregoras
1647 2227 1730 2252 non

190 2276 472 2310 testamentum
496 2270 629 2322 ipsum
650 2269 924 2324 patriarchae,
955 2269 1023 2308 sed
1042 2270 1268 2309 testamenti
1290 2271 1543 2322 prooemium
1561 2271 1730 2323 profert,

192 2329 309 2369 cuius
339 2341 425 2367 sese
464 2334 669 2367 auctorem
697 2328 950 2367 manifestum
982 2327 1131 2380 prodit.
1180 2327 1382 2367 Exstant
1370 2341 1413 2366 m
1438 2328 1585 2366 Codice
1605 2329 1729 2380 Regio

192 2390 319 2429 3229.
346 2384 540 2438 opuscula
561 2386 668 2433 duo,
700 2385 876 2425 eiusdem
899 2386 1024 2425 selme
1044 2391 1082 2424 et
1110 2385 1330 2455 argumenti
1357 2391 1398 2425 et
1418 2385 1523 2437 stili;
1556 2399 1730 2438 qu01um

190 2444 367 2497 primum
394 2443 627 2482 inscribitur
651 2447 727 2484 τοῦ
753 2459 999 2497 πατριαρχου
1026 2446 1156 2497 κνροῦ
1183 2438 1370 2484 Ἰωαννου
1399 2446 1474 2484 τοῦ
1498 2443 1678 2491 Γλυκέος
1701 2442 1732 2496 ἦ

191 2502 432 2555 παραίτησις
456 2516 529 2541 του
556 2501 862 2572 πατριαρχείου,
894 2502 1064 2540 altemm
1096 2503 1170 2541 τοῦ
1197 2496 1327 2542 αὐτοῦ
1352 2515 1603 2558 πατριαρχου
1629 2499 1731 2542 ’ὕπο-

193 2556 410 2613 μνηστικόν
441 2558 499 2607 εἷς
524 2555 596 2600 τὸν
624 2559 788 2612 βασιλέα
810 2556 883 2600 τόν
903 2555 1033 2614 ἅγιον.
1089 2562 1243 2599 ΒοινιΝ.

310 2630 405 2680 Pag.
434 2629 544 2677 292,
573 2630 615 2670 3.
675 2626 759 2668 Καὶ
777 2627 965 2669 παιδείαν
988 2627 1085 2676 ἴσως
1106 2626 1293 2681 μετρίαν,
1316 2625 1412 2679 etc.]
1443 2625 1544 2666 Vide
1562 2625 1633 2668 lib.
1645 2625 1729 2666 VII.

193 2698 282 2738 cap.
302 2685 372 2726 IV.
393 2690 491 2726 sect.
513 2688 554 2727 3.
577 2698 921 2754 supra31301wN.

312 2745 410 2795 Pag-
441 2744 547 2793 292,
580 2744 647 2784 15.
704 2738 771 2782 Ἐκ
790 2746 917 2796 μονῆς
936 2745 1019 2784 τῶν
1038 2736 1277 2796 Μαγγανων
1302 2737 1548 2795 Γερᾶσιμος]
1579 2739 1729 2780 Phren-

193 2814 261 2839 zes
280 2800 382 2840 ibid.
423 2799 478 2838 De
502 2801 540 2840 S.
564 2799 756 2852 Georgii
745 2814 786 2838 m
807 2800 1012 2860 Manganis
1032 2798 1273 2839 monasterio
1295 2799 1447 2852 agimus
1466 2799 1510 2838 in
1535 2800 1730 2839 Constan-

193 2858 324 2911 tinop.
347 2856 496 2899 Christ.
518 2857 588 2899 lib.
607 2857 676 2898 111.
703 2864 803 2898 sect.
828 2858 893 2900 VI.
912 2872 950 2902 n.
970 2857 1038 2903 43.
1098 2870 1275 2897 numito.
