1754 3164
201 124 333 176 1250
701 133 1184 178 ANNOTATIONES.

312 243 410 295 Pag.
442 239 546 286 525,
579 242 643 282 18.
708 242 789 291 Τῆς
810 236 1074 294 Μιτυλήνης]
1107 241 1369 282 cantacuzen.
1393 239 1466 281 lib.
1489 240 1539 280 ΙΙ.
1560 243 1730 294 cap.29.

195 299 267 340 ubi
289 298 338 338 de
358 304 474 351 capta
493 312 513 335 a
537 297 699 336 Catania
720 297 909 350 Mitylene
939 298 1032 350 agit.
1088 312 1262 338 DUCANG.
1736 329 1738 331 .

309 357 407 409 Pag.
439 354 543 403 525,
572 358 641 398 22.
697 353 742 396 ‘O
769 358 849 396 τῶν
878 354 1081 397 Φωκαέων
1113 353 1285 411 ἆρχηγὸς
1305 350 1520 408 Κατάνης]
1554 356 1730 395 Domini-

195 428 267 454 cus
288 413 489 462 Catanias,
523 413 703 452 Andreae
725 413 793 465 qui
813 412 1034 453 Phocaeam
1061 427 1205 452 novam
1230 413 1516 464 subiugaverat
1536 412 1655 464 filius,
1685 420 1731 453 ut

196 479 256 512 est
277 471 384 524 apud
404 472 620 510 Cantacuz.
641 471 710 509 lib.
731 471 774 511 ll.
801 485 890 524 cap.
916 475 980 514 13.
1034 473 1191 524 Duplex
1216 472 1320 510 enim
1345 471 1421 510 suit
1443 470 1645 521 Phocaea,
1677 471 1731 510 al-

194 537 279 568 tera
300 543 418 582 quam
450 528 678 581 antiquam,
710 529 835 567 altera
864 544 982 582 quam
1013 544 1158 569 novam
1183 536 1351 579 vocant,
1384 530 1582 580 Gregoras
1605 544 1729 581 παρα·

193 587 297 628 λίαν.
338 587 452 626 Hanc
476 593 719 639 postremam
744 587 832 627 iure
855 587 1067 627 clientelae
1101 587 1289 639 deinceps
1312 601 1360 626 ex
1383 594 1502 640 pacto
1533 600 1624 625 cum
1647 586 1731 625 An-

194 644 361 684 dronico
389 644 546 683 seniore
567 644 668 683 inito
688 650 854 685 tenuere
877 646 1071 685 cataniae.
1129 659 1307 686 mmmm.

306 701 404 757 Pag-
437 702 542 751 530,
575 706 640 744 10.
704 700 1071 756 Καντακουζηνῆν]
1112 701 1364 742 Theodoram
1399 701 1730 753 Palaeologinam.

192 759 294 800 Vide
315 767 480 799 stemma
502 760 884 800 Cantacuzenorum.
942 775 1115 800 DUCANG.

304 817 402 872 Pag.
433 818 537 868 531,
571 819 636 862 15.
697 817 780 859 Καὶ
811 816 907 873 μετοέ
946 817 1072 874 βραχύ
1114 815 1326 866 συλλαβών
1360 814 1456 865 τούς
1485 814 1561 869 τήν
1597 817 1727 869 βασιλ.

192 872 330 930 λάθρα
358 875 538 928 σφετερ.]
570 876 710 926 Anno,
746 882 793 915 ut
820 877 990 930 opinor,
1023 876 1114 915 Chr.
1135 875 1479 915 MCCCXXXVII.
1501 887 1730 926 quanquam

193 947 246 972 ex
286 933 557 973 Cantacuzeni
598 933 857 986 chronologia
900 935 1015 986 argui
1057 934 1188 987 possit
1227 934 1376 973 factum
1415 932 1461 971 id
1502 946 1587 971 esse
1625 945 1728 969 anno

192 991 523 1032 MCCCXXXVI.
544 997 590 1031 ut
608 992 659 1031 ad
680 992 868 1046 paginam
894 999 1126 1046 sequentem
1148 992 1253 1031 infra
1274 991 1408 1031 statim
1435 989 1728 1029 annotabimus,

191 1063 346 1090 nowm.

308 1107 409 1160 Pag.
440 1105 543 1154 534,
575 1111 615 1150 2.
675 1103 848 1156 Μόνους
874 1105 917 1148 δὲ
947 1104 1043 1156 τούς
1074 1109 1149 1148 τοῦ
1167 1103 1289 1147 Ἀσοῖν
1310 1102 1430 1153 υἶοϋς
1451 1104 1552 1157 etc.]
1586 1104 1730 1142 Canta-

194 1178 370 1204 cuzenus
391 1164 456 1204 lib.
476 1164 547 1204 ΠΙ.
570 1179 658 1217 cap.
678 1165 803 1205 XVII.
829 1171 999 1204 testatur
1018 1179 1085 1204 eos
1106 1165 1145 1203 in
1176 1178 1337 1203 carcere
1363 1163 1490 1203 fuisse
1510 1158 1580 1203 ἐντ’
1603 1161 1730 1202 ἔτεσιν

194 1223 248 1273 ἕξ.
282 1223 331 1262 Id
353 1223 387 1261 si
407 1236 547 1261 verum
574 1229 646 1272 est,
679 1229 841 1276 oportet
864 1237 931 1262 eos
954 1223 997 1261 in
1025 1236 1225 1261 carcerem
1256 1221 1462 1260 coniectos
1494 1220 1615 1258 fuisse
1638 1225 1730 1257 ante

193 1295 343 1320 annum
367 1280 712 1320 MCCCXXXVII.
743 1280 941 1332 siquidem
968 1281 1132 1319 ultimus
1155 1280 1239 1318 eius
1268 1278 1450 1319 sexennii
1478 1291 1603 1317 annus
1633 1277 1730 1315 inci-

193 1339 253 1377 dit
281 1339 323 1378 in
354 1352 500 1377 annum
535 1337 630 1380 Chr.
663 1339 901 1378 MCCCXLI.
923 1345 1157 1387 exeuntem,
1187 1344 1234 1376 ut
1255 1352 1305 1376 ex
1326 1337 1466 1376 eodem
1487 1337 1729 1373 Cantaeuze-

193 1411 246 1435 no
279 1402 449 1436 constat.
506 1395 559 1434 At
591 1397 759 1435 sortasse
793 1397 1091 1435 Cantacuzenus
1123 1395 1173 1433 ad
1203 1409 1327 1434 annos
1358 1393 1499 1433 Mundi
1535 1392 1728 1445 respexit,

195 1468 345 1507 eosque
377 1452 587 1492 inchoatos
621 1469 695 1507 pro
725 1454 935 1506 completis
962 1453 1103 1492 haberi
1129 1453 1274 1491 voluit.
1334 1452 1497 1491 Scilicet
1520 1450 1660 1489 Asanis
1680 1449 1729 1487 li-

192 1512 280 1551 beri
303 1512 343 1550 in
365 1525 525 1551 carcere
544 1519 776 1551 manserunt
795 1512 844 1550 ab
867 1526 970 1550 anno
989 1511 1127 1550 Mundi
1140 1511 1205 1550 VI.
1229 1506 1726 1549 MDCCCXLV.inehoato

193 1569 244 1608 ad
266 1584 412 1608 annum
436 1569 578 1608 Mundi
599 1570 667 1609 VI.
689 1570 903 1609 MDCCCL.
931 1570 1160 1619 ineuntem,
1193 1567 1273 1606 hoe
1300 1573 1360 1606 est
1386 1581 1461 1620 per
1489 1580 1561 1605 sex
1590 1579 1727 1614 ann08‚

195 1641 368 1679 quorum
394 1627 548 1680 primus
570 1634 609 1667 et
634 1629 800 1668 ultimus
831 1642 912 1667 non
939 1628 1105 1680 integri,
1139 1627 1261 1665 immo
1281 1639 1356 1665 nec
1382 1624 1540 1665 dimidii
1566 1623 1727 1676 quidem

193 1686 372 1725 fuerunt.
430 1699 588 1726 nowm.

305 1746 410 1798 Pag·
440 1746 544 1792 536,
575 1747 616 1786 7.
670 1742 719 1784 ‘H
738 1741 781 1784 δὲ
807 1742 900 1797 περὶ
917 1739 992 1793 τήν
1017 1758 1054 1783 κ.
1077 1757 1109 1782 τ.
1130 1742 1190 1795 λ.]
1222 1741 1370 1781 Solaris
1398 1739 1564 1794 ponitur
1594 1752 1617 1777 a
1639 1737 1728 1775 Cal-

193 1801 299 1842 visio
327 1801 459 1841 Martii
482 1801 546 1841 die
566 1805 606 1845 2.
630 1816 736 1840 anno
758 1801 850 1844 Chr.
870 1801 1214 1840 MCCCXXXVlI.
1273 1812 1431 1839 BOIVIN.

307 1869 406 1925 Pag-
438 1873 542 1921 536,
574 1875 614 1915 9.
673 1872 904 1920 Βασίλειος]
943 1870 1044 1910 Vide
1067 1876 1233 1909 stemma
1261 1868 1552 1922 imperatorum
1576 1865 1727 1918 Trape-

194 1929 465 1968 zuntinorum.
520 1943 696 1971 DUCANG.

312 2001 408 2051 Pssg·
440 2003 543 2049 536,
578 2003 642 2041 11.
699 1995 912 2050 Ἐπὲμφθη
942 1992 983 2038 δ’
1005 1993 1115 2053 aii-1:93
1142 1995 1211 2037 καὶ
1236 1991 1405 2051 σύζυγος
1424 1990 1636 2040 Εὕδοκία]
1668 1992 1727 2031 Ea

196 2055 310 2096 Irene
337 2063 510 2096 vocatur
532 2057 636 2096 infra
663 2070 751 2110 pag.
773 2055 869 2098 424.
927 2068 1083 2094 BOIVIN.

313 2128 410 2180 Pag-
440 2127 548 2176 536,
580 2129 646 2169 13.
702 2121 889 2178 Ἰωάννης
911 2123 932 2166 ὁ
952 2121 1130 2176 Κόντος]
1163 2121 1633 2174 Hist.Franco-Byzant.
1655 2119 1725 2159 lib.

194 2183 264 2225 VI.
283 2197 324 2223 n.
342 2187 410 2226 27.
430 2184 499 2223 lib.
523 2184 608 2224 VII.
627 2198 664 2223 n.
686 2186 756 2226 20.
779 2190 817 2222 et
837 2197 926 2236 pag.
951 2186 1048 2225 320.
1105 2194 1279 2220 DUCANG.

313 2255 410 2306 Pag·
439 2256 544 2305 536,
578 2257 643 2296 17.
706 2256 787 2307 Τῆς
817 2250 861 2293 δὲ
891 2252 1007 2304 δίκης
1037 2246 1088 2293 ου’
1118 2252 1275 2306 σιωπᾷν
1306 2245 1559 2300 εἰθισμένης,
1598 2244 1640 2295 ἒς
1667 2243 1726 2285 τέ-

195 2314 266 2359 λος
295 2309 339 2352 ἐν
367 2314 453 2359 τοῖς
481 2307 677 2359 τοιούτοις
706 2309 870 2363 βιαίως]
919 2311 1023 2349 Male
1063 2308 1162 2348 haee
1199 2308 1453 2359 interpuncta
1493 2310 1598 2342 sunt.
1660 2304 1726 2341 Sic

197 2375 330 2408 autem
363 2368 510 2408 debent
534 2368 786 2421 interpungi‚
835 2371 908 2421 τῆς
938 2366 981 2409 δὲ
1012 2368 1128 2418 δίκης
1157 2359 1206 2407 οὗ
1238 2366 1395 2419 σιωπᾷν
1426 2361 1656 2413 εἰθισμένης
1687 2360 1727 2408 ἐς

195 2425 306 2476 τέλος
336 2425 379 2468 ἐν
406 2430 490 2476 τοῖς
526 2423 745 2477 τοιούτοις,
783 2427 925 2479 βιαίως
957 2423 1027 2466 καὶ
1056 2419 1175 2472 οὗτος
1203 2425 1277 2463 τοῦ
1307 2423 1379 2478 ζῇν
1410 2416 1641 2472 οἷπερῤάγη,
1682 2419 1726 2456 id

198 2491 281 2533 est,
332 2481 429 2525 Cum
458 2494 585 2524 autem
621 2482 814 2523 Vindicta
846 2482 902 2523 ad
929 2492 1146 2522 extremum
1175 2480 1217 2518 in
1247 2478 1307 2518 his
1347 2476 1457 2517 rebus
1488 2487 1615 2515 tacere
1646 2490 1725 2515 non

196 2540 344 2593 soleat,
373 2539 548 2581 violenta
576 2551 699 2580 morte
731 2543 812 2595 ipse
841 2555 993 2595 quoque
1025 2537 1203 2578 sublatus
1231 2546 1287 2575 est
1320 2543 1397 2576 etc.
1455 2534 1581 2573 Aliter
1610 2533 1724 2572 Peta-

196 2600 310 2652 vius,
342 2600 493 2639 codicis
513 2599 615 2639 male
635 2598 880 2651 interpuncti
904 2597 1074 2637 lectione
1100 2596 1302 2647 deceptus.
1358 2605 1512 2633 1³01v1N.

307 2668 410 2724 Pag·
439 2670 544 2720 537,
573 2670 613 2711 3.
669 2662 868 2724 Ἀνωτέρω
897 2666 1053 2722 φθασ.]
1095 2664 1181 2704 Lib.
1215 2664 1287 2706 IX.
1320 2677 1409 2716 cap.
1446 2662 1518 2702 IX.
1559 2665 1655 2702 sect.
1683 2659 1724 2701 5.

196 2740 410 2839 Βοινιῗας·
444 2785 548 2835 539,
578 2785 619 2826 2·
678 2752 793 2823 Ἄλλοὲ
826 2786 902 2824 τοῦ
938 2778 1065 2823 αὐτοῦ
1093 2779 1244 2834 θέρους
1275 2775 1514 2828 ἷσταμένου]
1565 2772 1725 2813 Ineunte

197 2840 332 2883 eadem
352 2851 507 2883 aestate.
566 2842 864 2881 Cantacuzenus
894 2841 996 2880 Hist.
1017 2840 1085 2880 lib.
1111 2838 1158 2880 ΙΙ.
1187 2851 1278 2891 cap.
1300 2835 1486 2877 XXXIV.
1511 2833 1722 2874 victoriam
