1794 3172
237 128 341 180 864
622 133 940 182 NICEPHORI
972 132 1303 178 GREGORAE

21 255 58 290 A.
74 255 120 291 Μ.
137 255 231 293 6857
240 245 382 303 μείους
400 245 446 290 δὲ
463 249 741 302 παμπληθεῖς.
767 244 851 287 ε’πεὶ
873 244 918 288 δὲ
936 243 1043 287 κατὰ
1060 242 1190 299 με’σην
1207 239 1420 300 γενόμεναι
1448 241 1525 298 τὴν
1553 243 1721 300 πορείαν

72 304 182 340 Ιῃᾱ·2
241 314 423 374 ἐρήμους
444 315 605 373 ἀνδρῶν
637 313 858 369 ἑλκομένας
878 311 987 357 εἶδον
1015 311 1096 356 ὑπὸ
1122 317 1206 356 τῶν
1237 314 1441 368 πολεμίων
1465 311 1541 363 τὰς
1558 310 1721 370 ὅμοφύ-

238 389 336 436 λους
353 389 479 441 νῆας,
519 385 698 441 ἔστησαν
722 383 858 441 ὥσπερ
877 385 956 427 τινὶ
972 380 1102 441 νάρκῃ
1125 384 1370 439 πεδηθεΐσαι
1401 384 1469 425 καὶ
1500 381 1561 438 μὴ
1593 380 1721 425 δυνά-

236 473 357 512 μεναι
387 452 491 511 μήτε
519 453 663 511 πρόσω
704 451 807 510 μήτ’
851 453 984 497 ὀπίσω
1005 457 1216 496 ποιεῖσθαι
1246 452 1321 496 τὸν
1341 455 1498 505 πλοῦν,
1537 451 1613 501 ἕως
1635 459 1722 502 τοῖς

238 523 398 580 ὁμοίοις
427 531 520 574 ταῖς
550 524 694 574 ἄλλαις
726 523 989 581 περιέπιπτον
1014 524 1081 566 καὶ
1104 517 1228 565 αὗται
1249 528 1403 573 κακοῖς.
1447 517 1500 578 ἦν
1518 521 1599 578 γὰρ
1621 523 1749 564 ἴδεΐνό

238 594 370 644 εὐθὺς
409 595 479 637 καὶ
514 591 675 638 τούτων
706 591 818 637 ἅπαν
844 593 892 636 τὸ
922 591 1129 650 πλήρωμα
1148 625 1163 646 ,
1201 589 1478 650 τριηράρχους
1519 589 1624 646 ὃμοῦ
1653 593 1723 634 καὶ

238 661 418 717 ναύτας,
454 663 563 707 κατὰ
593 667 774 721 κεφαλῆς
805 664 847 714 ἐς
879 661 1101 706 θάλατταν
1128 662 1357 712 πίπτοντας
1378 661 1452 705 τὸν
1474 659 1617 715 ὅμοιον
1636 668 1724 712 τοῖς

201 731 555 792 Βπροπεπονθόσι
583 731 768 790 τρόπον,
803 734 899 790 πρὶν
928 732 955 789 ἢ
981 732 1290 790 γεγυμνωμένων
1331 729 1576 775 θεάσασθαι
1605 732 1725 788 ξίφος

240 806 310 848 καὶ
330 805 426 860 πρὶν
459 805 659 858 πολεμίας
689 803 920 846 αἲσθὲσθαι
941 803 1052 854 τινὸς
1073 799 1324 858 ἀπειλούσης
1342 805 1459 858 βοῆς.
1509 801 1603 861 (Ζ)
1622 803 1724 844 Διε-

239 875 407 928 νείματο
440 873 481 916 δ’
520 871 672 929 ὁμοίιος
704 872 753 916 τὸ
790 877 865 929 τῆς
895 874 1047 922 δειλίας
1077 873 1228 928 ἐκείνης
1258 871 1389 915 δεινὸν
1407 872 1474 914 καὶ
1499 869 1588 914 ὅσοι
1608 870 1724 927 παρὰ
1737 877 1781 912 10

239 943 314 987 τὸν
357 941 542 999 αἰγιαλὸν
577 944 646 987 καὶ
677 942 776 993 τοὺς
813 940 996 1000 πύργους
1024 938 1131 999 ἦσαν
1173 940 1358 992 ἑστῶτες.
1406 939 1540 997 μεστὰ
1568 940 1647 998 γὰρ
1672 936 1725 997 ἦν

242 1011 410 1056 ἅπαντα
438 1011 571 1069 ὄχλων
598 1014 905 1066 παντοδαπῶν,
946 1011 995 1056 οὖ
1023 1010 1151 1068 μόνον
1179 1009 1232 1055 τά
1260 1011 1302 1054 τ’
1337 1010 1455 1055 ἔνδον
1483 1015 1626 1054 πυλῶν
1657 1011 1726 1054 καὶ

245 1081 324 1126 ὅσα
355 1086 440 1125 τῶν
467 1082 610 1137 ἐκτὸς,
645 1081 752 1126 ἀλλὰ
780 1085 849 1127 καὶ
873 1082 921 1126 τὸ
945 1083 1051 1125 κατὰ
1080 1082 1158 1132 τὰς
1174 1079 1358 1133 ἐπάλξεις
1376 1085 1543 1137 πλῆθος
1563 1080 1726 1138 ἀνδρῶν

202 1151 429 1208 Εάριθμόν
462 1150 599 1196 πάντα
626 1156 749 1196 νικῶν
779 1148 831 1208 ἦν
847 1165 857 1176 ·
897 1146 953 1196 ὧν
988 1150 1082 1195 οὔτε
1109 1151 1362 1208 σαλπιγκτὴς
1387 1146 1438 1207 ἦν
1456 1167 1540 1204 τις,
1572 1149 1666 1193 οὔτε
1686 1167 1726 1193 τι

243 1220 483 1277 κύμβαλον,
520 1220 614 1266 οὔτ’
641 1222 761 1265 οὐδὲν
782 1219 920 1265 ὁπόσα
945 1222 1091 1266 εἴωθεν
1112 1222 1154 1264 ἓν
1175 1221 1368 1276 πολέμοις
1386 1220 1623 1277 εὖθαρσοῦς
1641 1238 1724 1263 πα-
1741 1223 1783 1260 15

244 1289 512 1350 ραστήματος
539 1292 729 1350 γίνεσθαι
759 1291 1071 1349 παρακλητικὰ,
1102 1289 1240 1347 λήθης
1258 1294 1423 1348 μακρᾶς
1449 1307 1559 1340 τινος
1583 1294 1666 1332 τῶν
1685 1290 1728 1332 ἓν

243 1359 411 1411 τούτοις
438 1363 679 1419 χρησίμων,
714 1362 790 1405 οὐκ
817 1360 899 1405 οἷδ’
934 1359 1090 1405 ὁπόθεν
1117 1362 1185 1404 καὶ
1214 1359 1325 1411 ὅπως
1335 1394 1348 1414 ,
1380 1360 1730 1415 ἔπιπλανηθείσης

243 1431 350 1481 τέως
386 1433 455 1474 καὶ
482 1433 801 1488 διανεμηθείσης
829 1431 908 1482 τὰς
931 1430 1146 1487 Ῥωμαίων
1175 1428 1329 1486 ψυχάς.
1378 1428 1485 1472 ἀλλὰ
1514 1429 1621 1485 πλὴν
1652 1433 1728 1472 τοῦ

249 1500 442 1544 ἆναπνεΐν
479 1500 672 1559 ἄντικρυς
703 1499 805 1546 εἶναι
832 1499 982 1552 πάντες
1010 1498 1181 1544 ἐδόκουν
1208 1500 1367 1557 νεκροί·
1415 1496 1734 1554 συνωθούμενοί

248 1587 293 1627 γε
320 1570 405 1626 μὴν
429 1568 506 1613 ὑπ’
542 1569 733 1627 ἀλλήλων
762 1572 805 1614 ἓν
835 1574 887 1630 τῇ
909 1571 1013 1629 πρὸς
1045 1570 1100 1614 τὰ
1132 1569 1250 1613 ἔνδον
1281 1571 1392 1626 φυγῇ
1418 1566 1666 1611 συνέπιπτόν
1683 1575 1786 1612 τε20

207 1646 238 1681 F
250 1641 319 1683 καὶ
349 1637 608 1684 συνεπάτουν
638 1638 845 1697 ἀλλήλους
855 1674 869 1695 ,
903 1642 972 1684 καὶ
1004 1644 1139 1684 ταῦτα
1169 1640 1236 1682 καὶ
1260 1638 1398 1681 αὐτῶν
1419 1641 1505 1681 τῶν
1523 1639 1730 1693 πολεμίων

247 1707 483 1766 ἑστηκότων
493 1744 507 1764 ,
541 1712 609 1754 καὶ
627 1710 850 1766 θεωμένων
869 1710 1035 1764 ἀτενῶς,
1059 1711 1126 1754 καὶ
1149 1706 1315 1765 σφόδρα
1337 1706 1442 1764 πρὸς
1462 1707 1511 1750 τὸ
1530 1712 1605 1750 τοῦ
1626 1705 1732 1765 δρά-

246 1797 382 1835 ματος
414 1780 750 1837 ἐκπεπληγμένων
785 1778 1047 1838 παράδοξον·
1090 1777 1195 1822 ὥστε
1224 1779 1292 1820 καὶ
1315 1777 1408 1820 δεόν
1437 1781 1608 1837 σκιρτᾷν
1628 1778 1731 1820 ἐκεί-

247 1867 348 1900 νους
368 1848 448 1893 ὖπό
467 1854 543 1906 τῆς
564 1848 744 1906 μεγάλης
775 1850 962 1906 εὐτυχίας
985 1849 1160 1904 ἐκείνης,
1204 1851 1288 1890 τῶν
1309 1847 1355 1889 δὲ
1376 1848 1444 1890 καὶ
1465 1846 1612 1902 ἠλεόυν
1633 1846 1731 1890 ἔνιοι

244 1918 346 1970 τοὺς
375 1917 633 1976 πάσχοντας,
678 1920 746 1963 καὶ
773 1923 919 1975 στῆναι
946 1915 1286 1976 παρεκελεύοντο,
1325 1917 1395 1960 καὶ
1424 1920 1535 1974 σφᾶς
1568 1915 1779 1967 abrec-925

247 2005 360 2041 medio
379 2006 416 2041 in
436 2018 562 2050 cursu,
584 2018 714 2042 vacuas
733 2005 924 2042 hominibus
950 2005 1043 2041 trahi
1065 2006 1109 2040 ab
1129 2004 1290 2040 hostibus
1312 2015 1449 2038 suorum
1469 2015 1578 2038 naves
1599 2003 1658 2039 ubi
1677 2003 1732 2038 vi-

247 2053 395 2096 derunt,
420 2057 551 2088 stetere
574 2054 676 2100 quasi
696 2053 881 2099 torpedine
908 2053 1023 2098 aliqua
1043 2052 1270 2093 constrictae,
1298 2056 1338 2086 ut
1360 2062 1423 2085 nec
1450 2051 1614 2097 progredi
1639 2051 1732 2086 ultra

275 2105 414 2142 essent,
440 2112 505 2134 nec
523 2101 600 2136 vela
617 2105 803 2136 retrorsum
828 2099 934 2142 dare,
958 2100 1068 2133 donec
1085 2098 1183 2145 ipsae
1206 2099 1242 2132 in
1264 2097 1387 2132 similia
1411 2099 1500 2132 mala
1520 2097 1730 2132 inciderunt.

288 2158 342 2180 am
359 2150 396 2181 et
412 2146 577 2192 quidquid
599 2147 636 2181 in
656 2147 726 2181 illis
746 2146 914 2181 hominum
939 2146 1026 2188 fuit,
1056 2157 1117 2181 eos
1143 2156 1258 2180 omnes
1282 2145 1404 2179 videre
1431 2147 1508 2179 erat
1537 2144 1732 2187 confestim,

250 2192 461 2227 trierarchos
479 2194 611 2239 pariter
626 2197 664 2228 et
677 2197 812 2234 nautas,
836 2192 928 2227 volvi
944 2192 980 2227 in
999 2197 1128 2238 caput,
1152 2197 1294 2227 ruentes
1313 2192 1347 2225 in
1364 2203 1468 2233 mare,
1494 2191 1613 2225 eodem
1630 2190 1731 2225 modo

251 2243 358 2285 atque
368 2250 439 2283 eoS,
454 2240 516 2285 qui
530 2240 620 2274 idem
631 2245 710 2275 ante
719 2238 813 2285 passi
830 2240 979 2282 fuerant,
994 2245 1176 2284 antequam
1193 2238 1355 2272 nudatum
1373 2249 1488 2271 ensem
1497 2236 1731 2283 adspicerent,

251 2289 315 2321 aut
333 2286 514 2321 clamorem
532 2286 636 2321 ullum
662 2286 810 2321 hostium
835 2286 998 2321 minacem
1017 2286 1188 2320 audirent.
1235 2284 1355 2329 (VII.)
1379 2284 1601 2318 Pervadebat
1618 2289 1732 2318 autem

250 2331 386 2378 pariter
406 2332 465 2367 ille
484 2337 599 2367 terror
619 2337 656 2367 et
672 2345 732 2367 eos
750 2344 885 2374 omne8‚
909 2333 968 2378 qui
984 2332 1082 2367 iuxta
1105 2332 1204 2367 littus
1224 2343 1266 2366 ac
1285 2335 1401 2365 turres
1420 2330 1570 2364 stabant.
1619 2330 1734 2365 Erant

253 2378 343 2413 enim
361 2379 473 2414 omnia
494 2379 584 2414 omni
606 2379 775 2414 hominum
800 2391 930 2425 genere
954 2379 1074 2425 plena:
1106 2391 1170 2414 nec
1192 2377 1291 2413 modo
1316 2377 1410 2411 intra
1423 2382 1547 2422 portas
1566 2380 1602 2410 et
1621 2381 1733 2419 extra,

252 2425 316 2459 sed
342 2430 380 2460 et
404 2426 542 2461 summis
565 2425 601 2460 in
625 2425 799 2460 moenibus
823 2425 1000 2460 multitudo
1027 2430 1104 2460 erat
1141 2424 1263 2470 quovis
1288 2434 1426 2458 numero
1448 2423 1578 2466 maior;
1611 2422 1647 2457 in
1665 2434 1734 2468 qua

254 2483 319 2506 nec
336 2472 478 2507 tubicen
499 2472 698 2519 quisquam,
721 2484 785 2506 nec
804 2472 992 2526 cymbalum
1020 2473 1123 2506 ullum
1145 2476 1242 2513 erat,
1265 2481 1377 2515 neque
1403 2470 1588 2515 quidquam
1606 2481 1736 2513 eorum,

255 2530 346 2564 quae
366 2519 478 2554 solent
498 2519 535 2554 in
552 2519 641 2554 bello
660 2523 853 2565 praesentis
871 2519 976 2553 animi
993 2520 1097 2554 robur
1115 2518 1280 2553 excitare.
1314 2515 1458 2551 Scilicet
1474 2528 1590 2551 earum
1607 2527 1734 2558 rerum,

256 2576 350 2611 quae
367 2570 438 2600 tum
449 2565 552 2600 utiles
569 2565 729 2607 fuissent,
752 2577 876 2610 magna
891 2566 1060 2611 quaedam
1076 2564 1205 2600 oblivio
1214 2565 1441 2599 Romanorum
1457 2563 1599 2606 animos,
1617 2561 1735 2597 nescio

256 2611 350 2647 unde
372 2616 408 2646 et
428 2612 609 2658 quomodo,
628 2612 806 2646 invaserat
827 2616 864 2647 et
882 2617 1102 2659 corruperat3
1127 2623 1168 2646 ac
1192 2609 1421 2656 respiratione
1445 2613 1590 2655 excepta
1609 2608 1737 2643 mortui
1792 2626 1794 2629 ·

255 2657 361 2705 plane
386 2670 502 2694 omnes
529 2671 608 2694 esse
626 2658 855 2701 videbantur,
877 2659 1057 2694 trudentes
1078 2658 1164 2693 alius
1189 2657 1313 2699 alium,
1336 2655 1417 2691 dum
1435 2656 1471 2691 in
1493 2655 1660 2691 interiora
1679 2655 1737 2690 fu-

259 2704 382 2749 giunt,
406 2705 700 2752 procidebantque
722 2710 759 2740 et
785 2716 824 2738 se
856 2704 1006 2740 invicem
1027 2705 1267 2752 proterebant3
1291 2703 1398 2748 idque
1422 2714 1496 2738 cum
1523 2703 1641 2737 hostes
1667 2700 1736 2748 ipsi

259 2751 394 2786 starent
422 2752 619 2799 intentique
645 2755 865 2798 spectarent,
890 2754 927 2786 et
947 2753 992 2787 ad
1020 2752 1072 2788 rei
1091 2750 1288 2787 miraculum
1306 2749 1409 2784 valde
1430 2749 1736 2795 obstupescerent3

258 2795 310 2832 ita
331 2802 370 2832 ut
388 2811 475 2844 quos
496 2800 540 2835 ob
558 2810 712 2843 magnum
732 2797 825 2832 illum
843 2807 1040 2834 successum
1063 2798 1238 2834 exsultare
1257 2795 1434 2842 oportuit,
1457 2806 1502 2830 ex
1520 2795 1565 2829 iis
1584 2794 1736 2829 nonnulli

259 2844 472 2882 calamitosos
497 2846 574 2882 illos
594 2845 864 2890 miserarentur,
887 2849 926 2883 et
947 2850 1043 2882 stare
1067 2845 1247 2887 iuberent,
1272 2844 1619 2889 obtestarenturque,
1642 2840 1737 2880 utin
