1794 3172
267 186 398 235 1164
784 176 1263 239 ΑΝΝοΤΑΤῙοΝΕε.

267 301 453 354 clypeum
475 300 602 339 elatus
621 298 788 339 Kalend.
812 298 998 338 Decemb.
1019 313 1122 338 anno
1141 299 1351 341 MCCLIX.
1367 306 1580 340 coronatus
1596 313 1695 341 vero
1712 300 1794 340 Kal,

266 360 424 399 Ianuar.
448 371 551 396 anno
572 358 762 397 MCCLX.
782 363 825 395 ut
844 357 948 395 infra
972 363 1199 398 annotatur.
1260 371 1439 398 bucano.

384 417 479 468 Pag.
509 417 585 465 78,
618 418 683 456 13.
746 411 873 455 Οὔπω
920 409 960 454 δ’
996 410 1090 462 ὅλος
1130 410 1363 467 ἀπηρτίζετο
1403 411 1508 468 μήν]
1569 413 1794 453 Miehafflen

268 473 552 523 Palaeologum
583 471 632 510 ab
660 471 830 511 Arsenio
856 471 1048 510 Kalendis
1085 471 1185 523 ipsis
1217 472 1412 511 Ianuariis
1443 478 1679 510 coronatum
1721 485 1794 510 ese(

270 529 400 570 tradit
423 530 663 580 Ducangius.
705 530 902 579 Gregoras
922 535 1160 568 coronatum
1184 529 1240 568 ait
1263 528 1434 568 nondum
1462 539 1545 568 1010
1573 545 1699 567 mense
1721 526 1794 567 ela-

267 601 340 642 pso
360 592 452 638 post
472 587 708 639 praestitum
730 586 1028 626 iusiurandum:
1059 587 1227 638 proinde
1254 594 1345 626 ante
1369 586 1570 625 Kalendas
1598 586 1794 624 Ianuaria:

273 650 507 683 coronatum
530 644 660 699 ponit.
717 644 818 682 Nam
840 644 1118 683 iusiurandum
1149 644 1340 682 Kalendis
1363 643 1646 682 Decembribus
1680 656 1794 696 prae-

274 702 411 741 stitum
441 715 526 740 esse
554 701 659 740 dixit
691 701 815 754 paulo
842 715 976 753 supra.
1034 699 1300 753 Pachymeres
1327 701 1397 739 lib.
1425 701 1473 742 ΙΙ.
1504 715 1591 752 cap.
1620 700 1683 740 [V.
1710 699 1794 740 ἕκα-

271 760 524 812 τομβαιωνος
543 759 747 815 νουμηνίᾳ
766 758 1044 798 iusiurandum
1069 759 1328 810 praestitum,
1361 759 1650 811 proclamatum
1676 758 1794 809 impe-

271 823 468 863 ratorem,
500 823 541 856 et
570 817 714 869 clypeo
741 816 998 867 impositum,
1031 816 1183 856 scribit.
1243 817 1301 855 De
1334 816 1471 855 eodem
1501 821 1694 854 coronato
1724 814 1794 865 agit

273 875 316 913 in
341 874 542 926 capitibus
569 873 841 925 sequentibus,
897 874 1087 912 Possinus
1108 886 1206 913 vero
1238 873 1558 926 ἑκατομβαιῶνος
1579 873 1794 924 νουμηνίαι

271 931 474 970 Kalendas
490 931 692 970 lanuarias
713 930 1012 983 interpretatur,
1043 936 1163 982 atque
1185 930 1285 970 adeo
1296 937 1387 983 post
1405 932 1493 973 Kal.
1514 930 1719 969 Ianuarias
1740 943 1794 968 co.

274 995 462 1028 ronatum
487 989 768 1041 imperatorem
794 995 922 1041 putat.
981 990 1040 1028 Ita
1069 987 1322 1039 chronologis
1351 989 1451 1027 male
1470 989 1574 1027 inter
1594 1002 1634 1026 se
1655 1000 1794 1026 conve-

274 1047 346 1096 nit,
386 1046 468 1098 Ego
495 1045 741 1097 Ducangium
772 1051 975 1084 auctorem
996 1051 1176 1095 secutus,
1210 1046 1391 1085 coronati
1417 1045 1624 1085 Michaelis
1643 1045 1794 1083 Palaeo-

274 1103 355 1154 logi
381 1117 527 1141 annum
557 1103 674 1156 posui
706 1103 895 1142 MCCLX.
932 1103 1036 1142 diem
1054 1117 1176 1152 vero,
1217 1103 1418 1142 Kalendas
1449 1104 1557 1156 ipsas
1588 1101 1792 1141 Ianuarias

274 1160 485 1199 Mauritius
505 1160 635 1199 David
654 1160 878 1211 Palaeologi
903 1161 1129 1212 inaugurati
1146 1167 1306 1213 tempus
1326 1161 1513 1212 retroagit
1538 1160 1587 1199 ad
1604 1160 1794 1198 Kalendai

273 1217 431 1259 Ianuar.
461 1218 555 1256 anni
593 1217 798 1257 MCCLlX.
831 1224 871 1256 et
897 1216 1001 1256 hanc
1031 1232 1143 1260 suam
1173 1220 1368 1258 rationem
1399 1219 1534 1257 multis
1563 1216 1794 1268 argumenti}

275 1274 506 1324 confirmat,
537 1288 642 1326 quae
667 1274 711 1312 in
736 1275 937 1327 praesenti
964 1289 1041 1315 nec
1068 1276 1253 1315 refellere
1280 1289 1356 1314 nec
1386 1276 1547 1315 omnino
1578 1274 1794 1327 approbare

271 1331 442 1372 institui.
497 1345 648 1370 BOlVIN.

391 1391 487 1442 Pag.
516 1391 592 1438 79,
622 1392 661 1431 2.
717 1384 808 1429 Ἐπὶ
837 1391 911 1430 τοῦ
931 1389 1043 1442 ἱεροῦ
1061 1385 1266 1442 βήματος]
1300 1389 1482 1437 Wolfius,
1512 1390 1553 1428 in
1573 1404 1686 1429 sacro
1706 1404 1794 1438 sug-

273 1455 408 1499 gestu:
437 1445 748 1496 emendavimus,
779 1452 824 1484 ut
836 1453 874 1485 et
886 1447 980 1485 alibi
1000 1447 1070 1486 ubi
1090 1446 1189 1486 haec
1209 1460 1292 1485 vox
1306 1448 1499 1495 occurrit,
1529 1448 1571 1486 in
1594 1461 1709 1485 sacro
1728 1445 1794 1484 Be-

273 1512 390 1542 mate.
447 1502 570 1542 Aliud
594 1503 697 1542 enim
719 1510 780 1542 est
801 1514 1002 1556 suggestus
1030 1505 1114 1543 sive
1142 1503 1294 1555 Ambo,
1325 1504 1435 1543 aliud
1462 1504 1586 1543 Bema
1616 1504 1698 1542 sive
1733 1517 1794 1540 sa-

277 1561 465 1600 crarium.
523 1560 625 1601 Vide
654 1562 1030 1614 Constantinopolin
1058 1561 1321 1601 Christianam
1360 1561 1430 1603 lib.
1472 1563 1543 1603 ΙΙΙ.
1588 1575 1629 1599 η.
1661 1561 1790 1599 XLIX

274 1630 450 1659 DUGANG.

393 1679 488 1729 Pag.
518 1676 595 1725 79,
626 1677 665 1717 3.
728 1677 792 1731 Τῷ
813 1676 1006 1731 βασιλικῷ
1025 1679 1169 1728 κοσμεῖ
1183 1671 1422 1730 διαδήματι]
1453 1676 1644 1715 Kalendis
1664 1677 1794 1715 Ianua-

275 1732 348 1782 rii,
383 1747 484 1771 unno
507 1732 603 1773 Chr.
624 1732 814 1772 MCCLX.
835 1733 978 1774 Indict.
1003 1734 1071 1774 ΙΙΙ.
1088 1734 1279 1783 Nicaeae,
1310 1748 1410 1786 quae
1439 1741 1529 1786 post
1552 1741 1754 1787 receptam
1782 1748 1794 1772 ε

274 1791 422 1829 nostris
435 1790 575 1829 urbem
590 1788 790 1844 Ῥωμαίων
808 1791 1009 1844 βασίλειον
1023 1791 1192 1843 exstitit,
1223 1798 1270 1831 ut
1290 1791 1358 1830 hic
1377 1792 1482 1831 infra
1501 1792 1567 1832 ait.
1597 1793 1658 1830 Ita
1675 1794 1794 1831 Acro-

275 1847 415 1901 polita.
473 1860 650 1889 noeme-

393 1908 487 1958 Pag.
515 1907 594 1954 79,
625 1904 663 1947 5.
724 1907 904 1958 Διηνεκῆ
923 1902 997 1957 τήν
1017 1901 1361 1959 αὕτοκρατορικῆν
1381 1901 1534 1962 ἀρχήν]
1569 1902 1794 1956 Pacliymer.

276 1962 349 2003 lib.
373 1962 422 2000 II.
453 1977 540 2015 cap.
561 1962 608 2004 ΙΙ.
642 1962 841 2002 Phranzes
869 1963 938 2003 lib.
964 1963 994 2001 Ι.
1015 1977 1110 2015 cap.
1139 1963 1205 2003 1V.
1244 1977 1354 2003 more
1382 1964 1534 2002 scilicet
1560 1962 1794 2000 Francorum

277 2019 512 2070 observato,
544 2020 654 2072 apud
683 2034 782 2073 quos
811 2027 965 2059 tutores
996 2020 1276 2072 praediorum,
1312 2034 1413 2073 quae
1440 2020 1630 2059 nobilium
1659 2033 1794 2071 puero·

277 2089 368 2114 ium
392 2078 539 2117 tutelae
566 2091 660 2116 suae
693 2078 994 2117 commissorum
1023 2085 1154 2127 erant,
1197 2079 1377 2117 dominos
1408 2093 1492 2117 sese
1519 2077 1794 2116 insciibebant

278 2133 406 2173 donec
433 2135 463 2173 ii
489 2148 583 2174 suae
615 2137 754 2174 aetatis
781 2135 943 2174 fierent:
985 2135 1100 2174 cuius
1136 2136 1296 2187 quidem
1326 2136 1445 2175 moris
1474 2134 1583 2174 haud
1618 2149 1747 2187 nuper
1774 2133 1794 2171 ii

277 2191 506 2243 exemplum
537 2191 747 2242 dederant,
789 2193 883 2232 dum
911 2193 1108 2232 Balduino
1137 2194 1187 2232 ΙΙ.
1223 2193 1357 2232 adhuc
1384 2193 1583 2245 impuberi
1618 2194 1794 2231 loannem

277 2247 558 2289 Briennensem
581 2249 770 2288 Comitem
801 2264 852 2288 ex
878 2264 970 2301 rege
1004 2251 1367 2302 Hierosolymitano
1398 2257 1571 2289 tutorem
1597 2251 1794 2302 praesece-

275 2311 385 2356 rant,
417 2320 461 2345 ea
483 2307 569 2358 lege
595 2313 641 2344 ut
663 2306 796 2358 quoad
815 2308 1035 2347 Balduinus
1061 2322 1110 2347 ex
1140 2307 1305 2360 ephebis
1324 2308 1555 2355 excederet,
1586 2308 1794 2359 imperato-

276 2363 336 2401 ria
359 2363 551 2415 dignitate
578 2363 798 2403 frueretur:
834 2366 883 2405 de
907 2379 984 2417 quo
1014 2366 1122 2417 apud
1149 2373 1308 2404 nostros
1336 2379 1446 2404 more
1477 2365 1598 2402 multa
1630 2365 1794 2403 diximus

276 2420 319 2458 in
341 2419 444 2461 Hist.
467 2421 885 2473 Franco-Byzantina
910 2423 978 2464 lib.
1005 2423 1075 2464 111.
1096 2437 1135 2465 n.
1155 2423 1240 2462 XV.
1267 2429 1306 2463 et
1334 2423 1376 2461 in
1398 2423 1526 2462 Gloss.
1550 2422 1655 2463 med.
1675 2423 1794 2462 Latin

274 2476 377 2517 inv.
406 2477 573 2520 Haeres.
630 2491 804 2518 numae.

394 2538 597 2589 Pag.79‚
629 2538 696 2577 13.
753 2533 1021 2591 Ἀγγέλλονται
1061 2533 1189 2591 τούτῳ
1223 2533 1272 2577 τὰ
1306 2533 1446 2580 dormi
1484 2539 1567 2577 τῶν
1602 2535 1794 2590 Ῥωμαίωι

274 2565 472 2645 τρόπαια]
500 2593 642 2644 Itaque
664 2605 754 2632 cum
785 2594 1003 2646 imperator
1030 2595 1226 2633 salutatus
1256 2601 1296 2633 et
1327 2596 1472 2647 cbpeo
1502 2595 1713 2647 impositus
1745 2598 1794 2633 est

275 2650 379 2700 apud
399 2649 652 2701 Magnesiam,
681 2651 857 2691 nondum
877 2652 1069 2692 victoriae
1086 2652 1366 2692 Macedonicae
1388 2651 1552 2691 nuntius
1577 2652 1794 2691 advenerat.

272 2704 377 2745 Hinc
404 2708 489 2746 eius
507 2706 699 2747 victoriae
724 2717 951 2760 repo1tatae
972 2717 1129 2763 tempus
1155 2709 1290 2761 colligi
1317 2717 1473 2762 potest,
1504 2716 1624 2771 atque
1644 2723 1695 2749 ex
1721 2708 1794 2748 ini-

271 2763 329 2802 tio
347 2778 432 2817 cap
452 2765 847 2806 11.insra.1³o1vm.

384 2824 582 2875 Pag-79‚
616 2820 679 2864 15.
746 2820 825 2864 Τόν
856 2820 1196 2877 Πελοποννησου]
1227 2824 1462 2877 Acropolita
1499 2837 1586 2877 cap
1615 2819 1794 2862 LXXXI

268 2876 502 2933 Pachymer.
515 2879 582 2922 lib.
597 2879 624 2918 Ι.
649 2893 736 2933 cap
756 2881 904 2924 XXXI.
921 2881 1196 2922 Pliranzeslib.
1208 2882 1236 2923 I.
1250 2896 1337 2936 cap
1352 2881 1400 2924 V.
1413 2881 1635 2922 Monachus
1647 2880 1794 2920 Padua-
