1794 3172
353 107 668 192 HISTORIAE
696 143 1070 190 BYZANTINAE
1090 142 1228 189 XVII.
1239 149 1278 190 6.
1450 137 1553 185 868

73 256 473 315 ἀναμιμνησκόμενοι
493 255 671 314 δεήσεων
689 256 850 300 ἐκείνων
872 254 1131 314 ὀρφανικῶν,
1155 252 1212 305 ὥς
1229 253 1331 297 ἔοικε
1343 286 1358 307 ,
1380 255 1449 296 καὶ
1468 255 1548 296 δα-
1571 263 1610 296 Α.
1622 264 1660 295 c.
1679 257 1769 298 1349

73 327 210 386 κρύων
232 330 438 381 ἐλεεινῶν,
472 326 610 386 ὥσπερ
625 323 870 382 μεθυούσας
902 324 1011 381 εἶχον
1034 324 1112 376 τὰς
1143 330 1285 381 χεῖρας
1304 323 1409 380 πρὸς
1439 310 1770 390 ὅπλαιωέζοιῃῖῗὲψ

74 400 142 443 καὶ
162 398 439 456 ἀκροσφαλεῖς
456 397 560 455 πρὸς
578 394 753 454 κινήσεις
773 396 870 446 τοὺς
897 394 1053 449 πόδας,
1087 395 1155 438 καὶ
1176 393 1265 449 ἅμα
1284 393 1548 452 τεθραυσμέ-

74 487 149 524 νην
179 468 255 525 τὴν
286 466 470 512 διάνοιαν
495 468 538 518 ἐς
558 467 635 518 τὰς
666 466 770 523 πρὸς
800 466 847 509 τὸ
877 472 1059 524 κρεῖττον
1085 465 1275 517 ἐλπίδας,
1309 462 1443 522 ἔργοις
1459 464 1587 514 τοῖςῖ

45 542 303 594 5τηνικαῦτα
329 535 643 594 μανθάνοντες,
677 534 744 580 ὅτε
769 535 899 592 μηδέν
925 551 1067 592 σφισιν
1087 532 1236 591 ὄφελος
1259 528 1336 589 ἦν,
1368 533 1428 590 μὴ
1448 531 1551 577 εἶναι

68 608 203 665 χρεών
223 608 267 651 ἓν
286 614 374 658 τοῖς
395 606 538 658 ὅπλοις
559 605 635 656 τὰς
658 606 846 663 χρηστὰς
868 605 1022 660 ἀνέχειν
1043 605 1233 656 ἐλπίδας,
1272 602 1325 659 ἢν
1352 603 1412 659 μὴ
1433 608 1548 661 παρῇ

71 678 119 721 τὸ
144 679 301 720 δίκαιον
317 676 423 732 μετὰ
441 681 516 732 τῆς
535 680 610 719 τοῦ
630 676 808 728 εὐσεβεῖν
827 673 1070 731 εὐθύτητος.
1106 671 1251 729 μόνοις
1269 672 1347 731 γὰρ
1368 679 1456 724 τοῖς
1471 672 1548 716 σὺν

73 748 166 805 δίκῃ
191 747 416 805 δρωμένοις
442 746 491 790 τὸ
518 744 747 801 δυνάμενον
775 750 849 801 τῆς
876 749 1015 800 ψυχῆς
1043 743 1246 801 ἀσφαλῶς
1278 743 1478 800 ε’ρείδεταί
1503 760 1548 786 τε

73 819 141 859 καὶ
171 817 219 860 τὸ
247 815 412 874 θάρῥος
439 817 482 859 ἔν
510 814 795 874 περιστάσεσιν
815 813 1040 870 ἀκλόνητον
1059 813 1149 869 ἔχει.
1187 814 1255 855 καὶ
1281 812 1359 870 γὰρ
1380 814 1415 855 εἶ
1441 812 1545 855 narr*

18 893 62 928 10
73 891 156 929 τῶν
181 887 410 943 ἀλλοτρίων
438 885 492 929 τὰ
519 890 694 929 τοιαῦτα
719 883 909 942 γινόμενα
937 889 1020 928 τῶν
1044 880 1312 939 ἀδικημάτων
1331 880 1550 925 εὐθύνεται

72 956 175 1010 πρὸς
194 960 269 999 τοῦ
291 960 429 999 κοινοῦ
451 954 654 999 δεσπότου
681 959 788 998 θεοῦ
800 988 814 1008 ,
846 958 988 1013 πολλῷ
1018 957 1180 1009 μᾶλλον
1200 955 1236 995 εἷ
1255 949 1469 1009 ὁμόφυλον
1490 951 1677 1009 εἶἠΡῶ44

72 1025 120 1069 τὸ
151 1024 432 1081 ἀδικούμενον.
490 1023 579 1085 (Ε.)
617 1025 681 1068 Τὸ
711 1026 756 1068 δὲ
790 1024 903 1076 ’ξένον
931 1025 1056 1067 ἒκεῖνο
1077 1023 1222 1078 θέαμα
1239 1021 1403 1077 βλέπων
1425 1019 1551 1065 ὁτῶν

71 1098 276 1139 Λατίνων
315 1093 523 1152 ναύαρχος
558 1092 781 1153 πόρρωθεν
813 1094 861 1138 τὸ
891 1095 965 1150 μὲν
996 1097 1162 1151 πρῶτον
1183 1094 1416 1150 διηπορεῖτο
1438 1091 1547 1134 καθ’

72 1164 248 1218 ἑαυτὸν,
281 1166 354 1208 καί
378 1182 471 1208 τινα
504 1162 684 1220 ἐνόμιζεν
715 1162 814 1208 εἶναι
843 1161 1059 1219 ὑπόκρισιν
1086 1164 1155 1206 καὶ
1188 1163 1547 1220 δραματουργίαν·

17 1239 60 1275 15
73 1233 209 1278 ἔπειτα
229 1233 331 1291 ἴγνω
350 1235 580 1291 θεομηνίαν
606 1233 708 1278 εἶναι
728 1234 777 1278 τὸ
810 1238 982 1292 πρᾶγμα
1000 1237 1137 1291 σαφῆ·
1176 1233 1243 1275 καὶ
1259 1230 1393 1289 ἡσυχῆ
1411 1249 1550 1289 παρα-

71 1302 365 1360 κελευσάμενος
395 1304 568 1363 ἐρέττειν
592 1304 642 1349 τὸ
669 1309 745 1361 τῆς
774 1301 1017 1361 ἡγεμονίδος
1053 1300 1260 1359 πλήρωμα
1293 1299 1437 1359 προῄει
1463 1319 1547 1343 πα-

72 1376 285 1431 ραγγείλας
314 1374 489 1418 ἕπεσθαι
521 1376 590 1418 καὶ
615 1373 693 1425 τὰς
721 1373 852 1425 ἄλλας
883 1371 1061 1431 τριήρεις
1083 1370 1270 1417 κατόπιν.
1307 1373 1390 1415 ἐπεὶ
1410 1370 1455 1414 ‹5²-
1479 1372 1546 1413 ε’λ-
1558 1374 1680 1412 vano

69 1444 164 1487 θὼν
194 1443 313 1494 κενὰς
340 1444 417 1495 τὰς
431 1442 664 1500 Ῥωμαϊκὰς
682 1443 731 1488 τὸ
761 1441 960 1502 παράπαν
985 1437 1075 1498 εἶρε
1095 1439 1294 1500 τριήρεις,
1330 1438 1588 1496 ἀναδησά-Β

68 1531 192 1568 μενος
207 1511 317 1557 εἷλκέ
327 1530 371 1557 τε
391 1511 529 1564 πάσας
545 1513 680 1572 ἠρέμα
698 1515 766 1557 καὶ
783 1511 1035 1571 ὑπέστρεφεν
1053 1511 1165 1568 ἄγων
1183 1512 1226 1561 ἐς
1245 1510 1292 1554 τὸ
1311 1510 1549 1553 τῶνΛατί-

13 1590 152 1626 2ονων
170 1584 356 1627 ἐπίνειον·
392 1582 499 1638 πλὴν
518 1582 614 1626 ὅσαι
641 1581 793 1639 διήρεις
820 1600 864 1626 τε
886 1584 954 1625 καὶ
971 1579 1164 1638 μονήρεις
1190 1581 1258 1623 καὶ
1274 1579 1419 1635 λέμβοι
1439 1577 1548 1635 πλή-

70 1657 181 1703 θους
211 1653 326 1696 ἕνεκα
357 1653 580 1708 διαδρᾶσαι
607 1652 685 1707 τὴν
706 1652 861 1695 ἅλωσιν
890 1648 1103 1709 ὖπερόριοι
1129 1653 1214 1693 τῶν
1239 1646 1439 1692 κινδύνων
1462 1648 1548 1705 ἐγέ-

69 1740 205 1766 νοντο.
256 1719 350 1780 (ς’.)
389 1718 563 1764 Τούτων
590 1720 632 1763 δ’
669 1721 710 1771 ἔς
737 1725 860 1764 τοῦτο
887 1718 1015 1776 τύχης
1043 1722 1391 1774 κατενεχθεισῶν,
1424 1718 1547 1775 ἐφαί-

70 1810 190 1835 νοντο
219 1790 483 1835 ἐπιπλέουσαι
509 1789 590 1847 ἤδη
621 1792 690 1833 καὶ
720 1789 816 1834 ὅσαι
843 1790 959 1848 παρὰ
977 1789 1053 1840 τὰς
1074 1788 1248 1845 ἐκβολὰς
1254 1821 1269 1842 ,
1297 1786 1354 1839 ὥς
1373 1785 1546 1845 εἷρήκειψ

69 1879 171 1918 μεν,
202 1862 375 1905 ἵσταντο
406 1858 535 1903 πάλαι
566 1864 642 1904 τοῦ
674 1864 865 1915 ποταμοῦ
898 1857 1077 1918 τριήρεις
1102 1858 1290 1915 μέγισται
1314 1857 1390 1914 μὲν
1418 1863 1582 1915 τρεῖς,.0
1617 1855 1622 1860 ’

70 1984 129 2006 ces
145 1971 426 2017 miserabilesque
443 1971 615 2016 lacrymas
631 1969 949 2005 reminiscebantur.
1006 1968 1236 2010 Quamobrem
1255 1972 1292 2004 et
1315 1967 1468 2004 manibus
1499 1968 1546 2003 ad

69 2030 166 2053 arma
183 2018 368 2052 tractanda
384 2018 483 2063 quasi
505 2018 633 2060 ebriis,
657 2023 695 2052 et
713 2016 918 2063 pedibusaad
938 2015 1141 2051 movendum
1159 2026 1284 2061 corpus
1302 2015 1544 2053 vacillantibus

69 2066 267 2110 torpebant.
314 2064 436 2099 Animo
455 2069 571 2099 autem
593 2065 708 2098 fracto
728 2075 770 2098 ac
788 2063 968 2098 vulnerato
984 2063 1073 2097 bene
1090 2073 1235 2107 sperare
1251 2062 1343 2097 haud
1362 2066 1542 2108 poteranta

69 2112 147 2157 ipso
164 2115 238 2146 tum
255 2110 351 2146 exitu
370 2111 500 2155 edocti,
523 2122 599 2145 cum
618 2110 664 2145 iis
681 2110 768 2145 nihil
786 2109 962 2156 proderat,
986 2120 1055 2144 uon
1073 2114 1235 2154 oportere
1251 2108 1287 2143 in
1301 2109 1404 2144 armis
1419 2109 1543 2143 bonam

69 2169 166 2203 spem
187 2157 373 2199 collocari,
406 2157 473 2191 nisi
497 2157 654 2203 aequitas
683 2156 775 2192 adsit
798 2168 873 2192 cum
892 2161 990 2192 recta
1012 2155 1154 2201 pietatis
1184 2155 1320 2192 ratione
1344 2155 1542 2192 coniuncta.

71 2205 175 2245 Quae
190 2205 279 2238 enim
293 2205 389 2239 iuste
405 2205 502 2238 facta
518 2206 613 2245 sunt,
633 2203 762 2238 easola
775 2203 879 2238 animi
896 2204 1002 2238 robur
1016 2203 1149 2237 firmum
1163 2207 1372 2244 sustentant,
1395 2206 1433 2237 et
1449 2201 1543 2238 fidu-

69 2250 157 2286 ciam
177 2250 478 2285 circumstantibus
502 2250 666 2295 periculis
688 2250 926 2284 inconcussam
949 2250 1097 2285 faciunt.
1142 2249 1233 2285 Nam
1250 2249 1282 2283 si
1303 2248 1469 2284 eiusmodi
1488 2248 1544 2282 in-

68 2297 190 2339 iurias,
213 2297 318 2332 etiam
337 2297 543 2343 alienigenis
562 2296 687 2338 factas,
702 2296 886 2331 communis
904 2296 1052 2331 omnium
1068 2295 1224 2331 dominus
1236 2295 1331 2330 Deus
1348 2294 1542 2336 ulciscitur,

69 2344 174 2379 multo
191 2343 322 2388 magis,
346 2343 378 2378 si
392 2343 439 2378 sit
459 2343 611 2378 eiusdem
636 2343 752 2388 gentis
770 2342 821 2385 id,
839 2343 931 2389 quod
948 2339 1105 2378 iniuriam
1125 2353 1260 2388 passum
1276 2345 1343 2378 est.
1389 2341 1472 2386 (V.)
1495 2341 1543 2375 At

69 2390 123 2425 rei
146 2390 360 2425 insolentiam
379 2402 400 2425 e
421 2389 610 2435 longinquo
628 2388 903 2425 animadvertens
925 2390 1124 2425 Latinorum
1148 2389 1343 2424 navarchus
1365 2387 1544 2432 ambigere

69 2436 180 2482 primo
191 2448 323 2478 secum,
341 2441 378 2472 et
395 2437 566 2483 quandam
583 2448 659 2471 esse
671 2435 708 2470 id
726 2435 975 2471 simulationem
991 2436 1197 2481 fabulaeque
1212 2434 1379 2470 actionem
1397 2437 1540 2479 putare:

69 2482 197 2519 deinde
216 2495 404 2528 agnoscere
427 2484 580 2518 furorem
607 2494 686 2518 esse
707 2483 800 2517 illum
821 2482 1017 2519 evidentem
1043 2482 1125 2517 irati
1146 2481 1304 2516 numinis.
1351 2481 1442 2516 Tum
1467 2490 1540 2520 eos,

70 2529 131 2575 qui
148 2530 356 2575 praetoriam
382 2530 495 2564 navim
515 2530 744 2576 complebant,
766 2528 904 2575 placide
920 2534 962 2564 ut
977 2529 1186 2573 remigarent
1201 2529 1370 2569 hortatus,
1393 2536 1540 2573 progre-

70 2577 179 2618 ditur,
202 2576 303 2622 sequi
318 2576 421 2611 iussis
437 2581 475 2611 et
490 2576 567 2611 aliis
586 2587 609 2610 a
625 2582 726 2621 tergo
740 2575 949 2612 triremibus.
993 2577 1182 2621 Postquam
1201 2574 1363 2615 advenit,
1387 2577 1425 2607 et
1440 2572 1542 2618 peni-

69 2628 127 2657 tus
152 2633 280 2657 vacuas
303 2634 412 2657 naves
430 2623 603 2657 Romanas
621 2622 788 2664 offendit,
810 2622 977 2668 religatas
998 2633 1114 2658 omues
1134 2621 1260 2656 sensim
1279 2621 1421 2656 trahens
1440 2623 1477 2653 et
1495 2617 1540 2653 ad

69 2668 272 2704 Latinorum
290 2669 414 2704 navale
434 2669 610 2704 adducens
623 2669 831 2711 revertitur,
853 2669 1009 2715 exceptis
1026 2669 1073 2703 iis
1090 2668 1307 2710 triremibus,
1344 2665 1540 2700 muneribus

68 2720 106 2750 et
121 2714 254 2756 lembis,
276 2717 340 2760 qui
358 2727 443 2761 prae
459 2715 675 2751 multitudine
693 2721 874 2760 antequam
889 2720 1097 2761 caperentur
1125 2715 1209 2760 fuga
1231 2713 1342 2758 elapsi
1364 2717 1464 2746 extra
1477 2721 1540 2756 pe-

67 2762 215 2796 riculum
232 2761 300 2796 iam
317 2766 429 2798 erant.
474 2761 576 2808 (vl.)
599 2762 687 2797 Cum
702 2763 769 2796 hae
787 2761 825 2797 in
842 2773 917 2797 eam
936 2761 1163 2797 calamitatem
1181 2760 1394 2800 incidissent,
1417 2768 1539 2792 cerne-

68 2808 193 2842 bantur
215 2809 401 2843 subeuntes
422 2808 491 2844 iam
508 2814 545 2844 et
568 2820 631 2844 eae
645 2810 828 2851 triremes,
849 2821 939 2854 quae
958 2808 1115 2854 pridem,
1137 2813 1176 2842 ut
1193 2808 1362 2848 diximus,
1386 2804 1432 2839 ad
1447 2803 1537 2839 ostia

67 2854 167 2890 fluvii
181 2855 341 2897 stabant,
360 2856 525 2892 maximae
544 2855 680 2902 quidem
696 2862 791 2900 tres,
812 2855 962 2892 minores
981 2859 1095 2891 autem
1112 2854 1215 2901 longe
1237 2853 1415 2900 plurimae.
1461 2850 1537 2885 Eae
