1754 3164
541 163 1548 218 ANNOTATIONES.1285

18 275 277 330 καθαίρεσιν]
305 277 544 331 Scripserat,
564 283 680 331 pute,
705 278 914 330 Gregoras,
942 280 995 334 τῇ
1014 292 1056 319 τε
1070 279 1143 332 τῆς
1163 276 1386 332 ἐπισκοπῆς
1403 283 1548 319 καθαι-

17 333 122 384 ρέσει
146 332 221 386 τήν
238 337 311 386 τῆς
330 333 554 389 ίερωσυνης
575 338 805 389 προσεπῆγε
829 337 1089 390 καθαίρεσιν,
1119 335 1163 374 id
1186 341 1266 383 est,
1293 334 1546 390 Episcopalis

16 388 224 444 dignitatis
242 391 496 445 abrogationi
514 394 631 432 eiiam
656 391 868 432 sacerdotii
885 392 1180 446 abrogationem
1202 390 1361 434 adiecit
1389 407 1543 434 nomm.

131 447 581 500 Peg-784‚18.’Ev
609 453 661 506 τῇ
690 453 765 490 τοῦ
799 451 918 491 θείου
950 452 1162 492 Βασιλείου
1199 452 1329 506 μονῇ]
1376 450 1422 489 Id
1454 451 1543 490 silet

14 504 328 546 Cantacuzenus.
386 507 443 545 De
472 506 551 546 hoc
570 508 810 546 monasterio
834 508 986 559 egimus
1002 507 1044 546 in
1067 509 1368 560 Constantinop.
1391 506 1538 552 Christ

12 561 172 602 lib.1V.
198 569 293 601 sect.
314 563 380 604 VI.
407 578 446 606 n.
470 568 534 607 12.
582 578 756 606 nummo.

128 623 222 672 Pag-
253 624 358 670 786,
387 624 428 664 7.
483 618 706 674 Ἰσίδωρον]
739 623 1001 660 Cantacuzen.
1021 621 1090 660 lib.
1110 621 1176 660 IV.
1195 635 1282 674 cap.
1300 624 1339 664 3.
1367 635 1540 662 DUCANG.

10 675 102 715 Huc
131 677 305 729 pertinet
322 679 473 730 Ignatii,
508 678 760 732 patriarchae
787 678 1040 728 Antiocheni‚
1072 680 1222 718 Tomus
1261 685 1404 718 contra
1429 678 1539 718 hunc

10 733 232 785 Isidorum
264 737 335 787 qui
359 736 509 775 'somus
536 744 665 775 exstat
687 737 795 788 apud
824 738 995 775 Leonem
1022 737 1210 775 Allatium
1240 733 1308 790 (de
1331 737 1446 776 libris
1473 751 1538 776 ec·

6 792 240 831 clesiastieis
261 794 403 832 Graec.
426 795 591 833 Dissert.
607 793 674 847 Π.)
704 794 920 834 Novembri
936 807 1069 834 mense
1090 794 1375 847 promulgatus,
1391 794 1535 834 Indict.

7 849 112 887 Xffl.
136 848 216 888 hoc
238 857 299 889 est
318 864 423 889 anno
445 851 591 890 Christi
617 851 893 891 MCCCXLIV.
916 858 1101 890 exeunte.
1158 851 1337 890 Palamas
1367 853 1410 890 in
1440 866 1535 891 ora-

4 906 136 955 tione,
171 921 273 959 quae
293 908 488 947 adversus
510 909 696 948 Ioannem
718 910 899 948 Calenam
924 908 1193 961 patriarcham
1224 911 1375 961 scripta
1404 916 1535 949 exstat

6 963 103 1002 Cod.
127 965 221 1015 fleg.
241 964 366 1036 2409.
386 966 460 1006 fol.
479 970 575 1009 280.
597 980 636 1006 v.
658 980 769 1005 suam
792 973 833 1005 et
847 966 994 1005 Isidori
1014 979 1172 1005 causam
1189 967 1270 1018 agit
1291 965 1356 1004 his
1375 967 1533 1006 verbis:

3 1016 118 1062 Ἀλλιὶ
143 1022 213 1063 καὶ
242 1020 339 1075 μετιὶ
366 1021 439 1072 τα“ς
467 1019 667 1073 συνόδους
691 1020 921 1091 οἷμφοτέρας
948 1023 1125 1074 ἐκείνας,
1154 1023 1222 1064 καὶ
1250 1039 1323 1064 τον
1351 1019 1411 1065 ἐπ’
1434 1024 1533 1065 έκεί-

5 1094 96 1127 ναις
122 1077 268 1132 τόμον,
298 1076 468 1134 ὕστερον
497 1079 571 1122 οὔκ
593 1077 733 1140 ολίγον
761 1077 917 1135 χρόνον,
945 1079 1227 1150 υποψηφίους
1239 1082 1532 1134 Μουεμβασίας

3 1132 74 1177 τόν
101 1151 143 1177 τε
173 1139 395 1190 Παλαμᾶν,
425 1134 532 1179 καθ’
559 1141 608 1179 οὐ
638 1142 719 1180 νῦν
748 1139 950 1191 μαίνεται,
980 1138 1046 1178 καὶ
1072 1135 1144 1179 τὸν
1173 1134 1283 1194 αυτῷ
1308 1151 1532 1192 συνηγωνι-

4 1192 153 1246 σμένον
182 1193 226 1235 ἐν
254 1197 381 1236 πᾶσιν
410 1193 519 1249 ἱερόν
546 1192 575 1248 ἦ
601 1193 826 1266 Ἰσίδωρον,
873 1192 970 1265 μετὰ
998 1190 1134 1247 πάσης
1169 1200 1340 1236 ποιεῖται
1367 1198 1449 1265 τῆς
1469 1195 1531 1237 ἐκ·

5 1253 193 1303 κλησίας,
235 1247 357 1301 αυτὸς
385 1251 411 1294 o‘
437 1256 517 1294 νῦν
543 1253 669 1307 λέγων
698 1253 739 1303 ἐξ
767 1249 895 1306 ἀρχῆς
925 1248 1180 1305 α’μφιβόλους
1219 1247 1368 1302 αὐτους
1400 1248 1530 1302 ειῖθῦς

3 1305 108 1349 εἶναι
135 1308 228 1363 περὶ
254 1325 301 1351 το
329 1308 470 1364 σέβας,
516 1311 585 1352 καὶ
615 1311 672 1352 ἔτι
701 1313 852 1364 μᾶλλον
888 1306 1104 1380 προϊόντος
1141 1313 1215 1351 τοῦ
1230 1306 1395 1380 λόγου.
1440 1313 1530 1360 πῶς

0 1381 77 1407 ουν
104 1363 348 1420 τηλικαυτην
375 1371 527 1422 ψῆφον
553 1366 631 1409 συν
657 1371 758 1409 πᾶσι
786 1373 869 1416 τοῖς
898 1364 1146 1422 α’ρχιερεῦσιν
1173 1362 1243 1408 ἐπ’
1272 1363 1422 1416 αὖτοὺς
1440 1362 1525 1420 ἦγε,

0 1422 66 1464 καὶ
94 1429 448 1494 προκαθηγεῖσθαι
474 1428 549 1478 τῆς
577 1426 788 1479 ἐκκλησίας
818 1422 963 1478 η’ξίου,
1000 1423 1069 1465 καὶ
1105 1421 1209 1493 πρός
1235 1427 1431 1466 τοσοῦτον
1460 1425 1524 1465 δι-

0 1479 240 1522 δασκαλικὸν
275 1478 487 1549 α’νεβίβαζε
526 1480 702 1534 θρόνον,
750 1483 787 1524 εἰ
828 1480 930 1535 μηδὲ
964 1484 1037 1534 τῆς
1077 1476 1283 1534 εὐσεβείας
1328 1475 1524 1532 ασφαλως

0 1537 99 1590 ἔχειν
125 1537 262 1592 ἡγεῖτο
289 1535 478 1588 τούτους·
519 1535 620 1581 ἅλλοὶ
655 1555 727 1582 τον
763 1537 837 1592 μὲν
867 1541 1068 1591 Παλαμᾶν
1103 1536 1232 1579 πολλα
1260 1534 1520 1607 βιασαμενος,

0 1595 63 1636 καὶ
93 1593 149 1636 δι’
178 1595 325 1637 ἑαυτοῦ
351 1612 421 1637 και
449 1592 506 1638 δι’
534 1596 678 1650 ἐτέρων
717 1601 880 1638 πλεῖστα
907 1594 1208 1666 παρακαλέσας,
1252 1594 1306 1644 οἷς
1334 1611 1411 1637 ουκ
1442 1592 1521 1649 εἶχε

0 1668 93 1694 κατα
120 1655 240 1695 τοῦτο
269 1650 532 1707 πειθόμενον,
558 1654 627 1695 καὶ
657 1669 854 1709 μαρτυρες
877 1650 1023 1695 τούτου
1052 1668 1149 1705 μετα
1167 1655 1341 1724 ,πολλῶν
1369 1651 1518 1723 ἕιτέρων

0 1710 62 1751 καὶ
89 1714 172 1752 τῶν
202 1713 563 1764 Μονεμβασιωταῖν
592 1712 635 1753 οἷ
658 1715 878 1765 τηνικαῦτα
902 1708 1116 1778 παρόντες·
1146 1725 1202 1758 ως
1231 1725 1307 1750 ουν
1338 1707 1395 1763 μή
1415 1707 1518 1751 aava?

0 1770 111 1809 τοῦτο
139 1765 360 1822 πειθήνιον
389 1765 486 1822 εἶχε,
528 1771 885 1811 Θεσσαλονικεῦσιν
913 1764 1139 1820 ἐπιστήσειν
1171 1767 1405 1821 ἰσχυρίζετο,
1446 1767 1519 1823 βία

0 1826 143 1874 ιιείζονι
178 1825 431 1894 κεχρημένος.
474 1842 542 1868 τον
572 1825 616 1867 δὲ
643 1829 717 1867 τοῦ
743 1841 970 1878 πνευματος
998 1840 1127 1872 οντως
1163 1822 1408 1893 ανθρωπον,
1447 1823 1518 1865 και

0 1880 41 1923 τὰ
68 1880 201 1924 πάντα
229 1880 342 1954 ἱερόν
369 1899 411 1924 τε
445 1884 514 1925 καὶ
551 1881 720 1937 χρηστόν
754 1880 785 1936 ἢ
820 1879 1039 1935 Ἰσίδωρον,
1081 1897 1137 1929 ως
1163 1877 1309 1930 πάντες
1336 1896 1390 1921 αν
1421 1893 1518 1934 συμ-

0 1944 116 1992 φαῖεν
144 1941 189 1982 οἱ
211 1938 281 1982 τᾶν
310 1939 440 1994 ανδρα
468 1941 639 1992 εἰδότες,
682 1944 847 1989 πολλαῖς
882 1942 964 1981 τῶν
992 1939 1350 1991 Μονεμβασιωτῶν
1385 1953 1517 2008 παρα-

0 1994 181 2050 κλησεσι,
227 1997 420 2048 δέξασθαι
447 2000 585 2040 πείθει
593 2015 688 2066 την
716 1995 871 2039 τούτων
901 1994 1028 2065 ἴεραν
1040 1996 1309 2049 προστασίαν,
1346 1993 1415 2035 καὶ
1443 1992 1516 2036 τόν

0 2054 228 2107 ,ι’θισμένον
265 2055 333 2097 ἐπὶ
370 2060 456 2104 τοῖς
488 2052 687 2104 τοιούτοις
736 2052 962 2108 ἱεραρχικὸν
1001 2049 1210 2107 ἀσπασμόν
1246 2050 1513 2102 ἒκτελέσαντα,

0 2109 249 2182 ῖυνεόρεύειν
274 2113 468 2154 ἐντεῦθεν
495 2113 566 2154 καὶ
594 2117 914 2183 συλλειτουργεῖν
935 2109 1149 2164 ὁσημέραι,
1186 2111 1244 2166 τῷ
1268 2112 1349 2150 νῦν
1376 2108 1418 2159 ἐξ
1445 2105 1515 2163 ἆρ-

0 2172 61 2222 [ἧς
91 2166 346 2223 αμφιβόλους
381 2169 493 2223 ημᾶς
532 2168 637 2211 εἶναι
672 2170 765 2223 περὶ
793 2186 837 2211 το
870 2168 989 2222 σέβας
1014 2169 1384 2222 ψευδογραφοῦντι.
1423 2169 1513 2215 πῶς

0 2225 62 2296 νοῖρ
93 2224 325 2296 ἀμφίβολον
354 2225 432 2280 εἶχε
458 2227 550 2282 περὶ
578 2225 622 2269 τό
654 2227 795 2280 σέβας,
825 2243 875 2268 ον
889 2223 1202 2297 συλλειτουργόν
1227 2214 1320 2292 εἶχε,
1348 2221 1418 2264 καὶ
1437 2227 1512 2275 τῆς

0 2280 186 2338 υσεβείας
229 2282 472 2357 διδασκαλον
510 2281 839 2352 προῦχειρίσατος
874 2279 965 2324 ἄλλ’
1003 2277 1251 2325 ἐπεσπασατό
1274 2293 1389 2351 yn&
1431 2278 1510 2347 τήν

0 2342 105 2395 Ῑίκην
118 2338 207 2413 ἐφ’
237 2341 377 2385 ἑαυτὸν
405 2342 476 2384 καὶ
506 2359 528 2384 ο
556 2338 803 2411 ὖποψήφιος
827 2342 1132 2411 Μονεμβασίας.
1161 2334 1316 2381 οὕκοῦν
1342 2331 1509 2406 υποψή-

0 2415 79 2448 οιος
105 2394 180 2452 ἦν·
211 2401 249 2441 εἰ
276 2397 320 2442 δ’
347 2396 617 2453 ὖποψήφιος,
648 2415 726 2440 ουκ
740 2394 982 2470 ἆμφίβολος
1009 2392 1083 2450 ἦν,
1123 2396 1193 2438 καὶ
1220 2390 1337 2436 ταῦτ’
1366 2393 1407 2442 ἐξ
1436 2409 1509 2446 αρ·

0 2459 67 2508 ῆς
84 2458 208 2527 Ι,τίνος
236 2455 282 2499 δὲ
308 2457 378 2499 καὶ
401 2455 546 2530 1χάριν
554 2457 576 2500 ὁ
602 2452 849 2509 υποψήφιος
877 2450 996 2504 οὗτος
1022 2450 1269 2497 ἐπεσπᾶσπο
1298 2466 1372 2503 την
1388 2450 1505 2500 δίκην

0 2509 50 2565 φ’
78 2510 249 2566 ἕαυτόν5
278 2531 334 2564 ως
360 2531 411 2556 τα
442 2531 560 2583 αυταζ
591 2513 705 2566 φησὶ,
734 2516 793 2569 τῷ
811 2515 987 2568 Παλαμᾷ
1016 2514 1193 2578 φρονῶν.
1229 2525 1295 2550 και
1326 2522 1408 2559 μην
1432 2501 1506 2546 ου-

1 2586 46 2619 ος
73 2574 156 2612 τῶν
187 2571 231 2613 ἐκ
262 2573 474 2620 Θετταλίας
501 2575 560 2641 τῷ
589 2573 767 2638 Παλαμᾷ
795 2565 1129 2621 συνεληλυθότων
1159 2563 1216 2614 εἷς
1243 2560 1309 2618 ἦν,
1338 2579 1406 2603 και
1427 2577 1504 2614 φα-

0 2643 110 2681 ερως
138 2627 179 2678 ἐξ
208 2625 333 2682 ἆρχῆς
360 2633 435 2671 τοῦ
468 2625 596 2670 αὐτοῦ
627 2624 889 2680 φρονήματος
915 2626 1108 2696 ”⁹¹59va3,
1126 2619 1257 2691 αὐτῷ,
1300 2616 1379 2661 κοῖν
1415 2623 1503 2667 ταῖς

1 2682 166 2733 υνόὸοις
204 2685 378 2735 ἐκείναις
410 2687 616 2754 παρρησία
653 2699 901 2752 συνηγορων.
938 2686 1027 2732 πῶς
1056 2697 1132 2723 ουν
1161 2675 1258 2732 μετᾶ
1285 2692 1357 2725 τας
1385 2687 1501 2716 συνθ-

0 2757 71 2790 ους
108 2742 265 2791 ἐκείνας
300 2739 547 2797 υποψήφιος
584 2742 685 2795 ημῖν
724 2738 920 2795 ἔγεγόνεις
954 2743 1119 2810 μᾶλλον
1137 2735 1182 2777 δὲ
1216 2736 1304 2783 πῶς
1332 2729 1411 2774 ου’κ
1440 2731 1501 2773 ἒν-

0 2802 121 2840 εὔθεν
157 2800 306 2852 δῆλον,
347 2799 402 2849 ὥς
439 2801 592 2847 ἐκεῖνος
630 2814 703 2851 μεν
739 2798 806 2839 ἐπὶ
832 2802 913 2866 τῆς
941 2796 1068 2849 αυτῆς
1096 2794 1252 2847 ἔμεινεν
1282 2785 1498 2842 ευσεβείας,

0 2872 20 2905 ς
47 2855 116 2897 καὶ
145 2853 344 2913 πρότερον
371 2852 438 2912 ἦν,
466 2856 536 2899 καὶ
561 2852 620 2899 δι’
647 2852 703 2910 ἢν
729 2851 947 2911 ἐξεδήμησε
973 2856 1047 2908 τῆς
1072 2849 1276 2906 antemos·
1303 2844 1374 2889 καὶ
1394 2843 1497 2899 ὕπερ
