1754 3164
187 143 320 191 1336

229 260 308 292 rant
331 253 414 295 748,
438 254 472 291 4.
498 255 600 302 pullis
626 255 784 291 vestibus
808 257 939 302 passim

229 310 373 340 utuntur
397 305 476 344 752,
503 306 561 339 21.
595 302 732 337 viribus
764 304 855 338 bello
889 305 941 339 ci-

229 353 292 387 vili
317 351 448 385 attritis
472 349 597 384 infirmi
623 347 705 392 841,
731 352 764 386 9.
792 350 940 386 iniurias

229 399 406 446 patienter
428 398 546 432 ferunt
569 395 651 439 843,
669 399 703 433 6.
724 398 855 432 coactis
877 411 941 433 un-

230 447 335 491 dique
358 443 524 486 navibus,
563 444 708 479 classem
741 444 939 488 instruunt3

229 492 391 529 obsident
414 495 450 525 et
475 490 680 525 obsidentur
698 492 779 532 857,
798 492 832 529 4.
857 505 941 540 por-

230 546 285 575 tas
311 538 475 574 claudunt
512 539 593 580 857,
630 541 685 573 11.
722 539 846 574 bellum
879 540 942 575 de-

228 590 376 634 poscunt
400 587 481 628 858,
497 587 528 620 1.
556 585 593 619 in
618 584 722 620 altum
748 588 943 631 provehun-

228 640 307 676 tur,
342 633 446 668 rudes
471 632 628 678 plerique
652 636 687 667 et
722 633 943 668 inexercitati

229 681 310 722 858,
346 682 377 715 1.
412 679 560 714 hostium
596 691 718 714 navem
751 680 943 716 onerariam

228 726 417 762 incendunt
441 727 521 767 859,
549 729 579 762 1.
614 726 756 762 classem
782 727 945 763 amittunt

230 776 357 815 8621.
383 774 464 816 863,
478 775 535 809 20.
562 773 642 815 864,
667 777 700 809 1.
724 775 943 810 terrestrium

230 821 408 868 copiarum
433 821 624 867 trepidatio
651 820 733 864 864,
758 823 793 857 9.

183 868 403 915 Byzantinae
425 868 478 903 rei
502 873 617 903 status
640 868 849 905 miserrimus
861 870 944 914 751,

230 919 287 952 20.
384 930 386 933 ’

183 962 391 1010 Byzantium
415 961 468 997 rei
487 962 735 998 frumentariae
755 963 874 1009 inopia
892 963 945 998 la-

232 1012 335 1045 borat
367 1011 457 1051 683,
490 1009 524 1045 4.
558 1010 722 1056 Byzantii
757 1010 943 1046 celebritas

231 1059 312 1098 678,
349 1060 380 1093 1.
414 1057 536 1102 ingens
572 1057 755 1092 circuitus:
804 1058 945 1092 militum

231 1104 411 1150 paucitas:
456 1103 579 1138 civium
617 1105 723 1139 ardor
755 1106 845 1147 850,
885 1107 943 1140 20.

232 1152 400 1186 suburbia
431 1162 452 1185 a
487 1151 650 1185 Genuitis
675 1151 858 1187 Galataeis
891 1151 944 1186 in·-

233 1198 427 1233 cenduntur
454 1199 556 1240 1031,
582 1199 617 1233 8.

185 1246 304 1291 Byzas
342 1245 507 1288 Byzantii
546 1244 726 1280 conditor:
767 1245 842 1280 eius
886 1258 946 1281 co-

188 1317 191 1321 <
233 1294 349 1327 lumna
358 1291 433 1326 dies
443 1291 636 1338 complures
651 1292 805 1339 agitatur
814 1293 896 1336 305,
908 1294 945 1329 9.

187 1385 371 1421 Cabasilas
395 1385 473 1430 ipse
497 1386 691 1432 Gregoram
717 1385 868 1421 deserit:
901 1386 945 1420 il-

231 1431 482 1478 liusingenium
493 1437 528 1466 et
536 1432 654 1467 studia
669 1435 768 1474 1025,
783 1435 837 1469 15.
852 1434 946 1468 Gre-

232 1491 354 1526 goram
373 1479 446 1513 adit
462 1480 629 1522 1o5o,14.
648 1480 696 1514 10.
711 1479 945 1525 patriarcham

231 1526 347 1562 vivum
358 1527 607 1561 venerabatur:
622 1527 794 1561 Palamam
804 1532 840 1561 et
850 1527 945 1561 Can-

232 1578 436 1608 tacuzenum
461 1574 730 1608 exsecrabatur:
764 1574 944 1609 admodum

234 1632 341 1655 senex
376 1619 466 1654 idem
503 1621 646 1655 animum
686 1623 797 1655 mutat
842 1623 944 1664 1052,

233 1669 291 1703 20.
322 1666 437 1702 inanis
471 1666 606 1711 gloriae
639 1674 807 1714 appetens
842 1670 944 1710 1053,

235 1717 291 1751 18.
356 1714 522 1748 Palamae
568 1714 677 1750 libros
729 1716 946 1750 commendat

235 1761 339 1804 1055,
380 1763 410 1796 1.
464 1760 638 1796 Palamam
678 1761 789 1808 ipsum
825 1762 946 1796 laudat

236 1810 340 1850 1056,
354 1809 409 1843 13.
437 1808 662 1854 operationes
672 1807 847 1843 increatas
858 1808 946 1843 mul-

234 1861 294 1890 tas
317 1855 353 1889 in
377 1854 452 1888 Deo
477 1855 602 1889 statuit
625 1867 647 1890 a
670 1855 866 1891 substantia
890 1855 945 1890 di-

235 1902 383 1937 stinctas
403 1902 507 1944 1056,
521 1903 575 1938 15.
601 1906 757 1937 sanctum
777 1902 945 1949 Spiritum

235 1961 305 1984 non
330 1960 456 1991 unum,
484 1960 548 1983 nec
572 1955 706 1996 septem
729 1950 858 1993 solum,
882 1949 946 1984 sed

235 1995 434 2040 septuagies
466 2000 618 2041 septem,
649 1995 749 2031 immo
782 1996 946 2031 infinities

236 2042 390 2076 infinitos
422 2042 579 2086 agnoscit
615 2044 717 2085 1056,
753 2044 808 2079 17.
840 2047 946 2089 negat

236 2088 464 2124 substantiam
480 2089 630 2124 divinam
646 2089 851 2136 participari
863 2102 946 2136 pos-

236 2147 274 2170 se
300 2136 401 2177 1057,
429 2137 462 2170 9.
500 2136 740 2181 operationum
770 2137 953 2172 increata-‘

237 2193 312 2217 rum
335 2181 606 2227 participatione
628 2184 779 2218 homines
799 2183 850 2218 ait
867 2184 947 2219 fieri

237 2229 424 2270 increatos,
451 2233 487 2263 et
505 2230 682 2275 mysticum
701 2231 947 2266 Eucharistiae

237 2286 361 2321 panem
386 2274 597 2311 sanctificari
628 2278 730 2319 1057,
762 2276 796 2314 4.
846 2278 947 2312 Tha-

237 2321 331 2357 borii
360 2320 496 2356 luminis
530 2323 765 2368 quaestionem
792 2325 947 2360 obtrudit

238 2370 344 2410 1073,
370 2370 425 2404 10.
460 2369 569 2404 verba
603 2382 647 2405 ex
673 2371 815 2416 scriptis
839 2371 946 2406 Pala-

239 2427 316 2450 mae
340 2419 516 2471 excerpta·
530 2418 666 2461 profert
679 2420 781 2460 1112,
797 2420 850 2454 12-
873 2419 946 2453 eius

194 2463 671 2563 caissiissssffiniiiscssoiii
683 2464 947 2552 33513333’34

239 2561 435 2602 procacitas
460 2557 564 2597 1112,
589 2559 621 2593 1.
655 2556 758 2600 1143,
785 2561 840 2596 19.
873 2558 947 2594 dis-

240 2602 434 2637 cedentium
469 2602 598 2638 monita
630 2608 667 2639 et
698 2605 810 2640 minae
842 2605 944 2648 1144,

242 2651 299 2685 11.
343 2648 527 2685 Cabasilae
557 2650 697 2686 adiutor
729 2651 774 2686 de
802 2652 945 2698 partici-

240 2695 352 2778 pgl51i71i
371 2701 435 2780 9et
481 2696 765 2744 imparticipabili
810 2698 949 2734 disserit

243 2746 262 2779 1
335 2767 347 2785 ‚
396 2769 405 2777 .

197 2789 344 2824 Caecias
369 2792 493 2825 ventus
519 2792 599 2833 179,
627 2791 681 2827 13.

197 2835 403 2872 Caesarissa
419 2837 553 2889 (quae
576 2840 680 2874 antea
702 2836 948 2885 Panhyperse-

773 153 940 194 INDEX
966 154 1165 207 RERUM,

1033 258 1156 300 basta,
1180 258 1398 294 Metochitae
1421 259 1514 305 filia)
1538 259 1643 295 vidua
1664 271 1748 294 con-

1033 305 1174 340 venitur
1199 318 1220 340 a
1253 307 1417 352 Gregora
1451 314 1489 342 et
1524 308 1567 342 ab
1594 307 1673 342 aliis
1698 307 1749 342 le-

1034 353 1150 396 gatis:
1189 352 1262 387 eius
1288 353 1440 388 mulieris
1464 366 1601 389 moeror
1625 359 1662 388 et
1685 354 1749 388 ha-

1035 399 1129 434 bitus
1161 399 1368 435 miserabilis
1399 401 1484 443 380,
1517 402 1576 436 21.
1625 401 1749 435 Crales

1034 446 1155 481 audita
1176 447 1366 492 legatione,
1392 459 1466 482 eam
1491 446 1659 482 dimittit:
1686 449 1750 481 ab-

1036 498 1171 528 euntem
1197 495 1420 541 prosequitur
1443 506 1512 529 non
1529 495 1615 529 satis
1632 494 1750 539 splen-

1036 540 1119 574 dide
1150 541 1242 582 382,
1274 543 1331 578 21.
1367 541 1428 576 illa
1462 541 1749 576 Thessalonicam

1035 587 1129 628 abit,
1155 591 1195 621 ut
1220 588 1297 622 viro
1322 588 1413 624 iusta
1442 588 1635 634 persolvat.

990 634 1214 669 Caesarissae
1239 635 1350 670 frater
1373 634 1456 678 374,
1479 637 1539 673 20.

990 680 1079 716 Cain
1104 681 1186 723 424,
1211 683 1244 718 3.

990 728 1148 764 Calames
1169 735 1312 774 satrapa
1335 726 1484 774 imperat
1523 742 1544 765 a
1566 728 1682 776 Lydia
1714 732 1751 764 et

1037 776 1160 810 Aeolia
1184 787 1294 822 usque
1318 776 1362 810 ad
1388 775 1537 820 Mysiam
1560 777 1643 821 214,
1667 779 1725 814 21.

991 822 1180 858 Callinicus
1204 823 1340 868 legatus
1368 824 1471 866 1235,
1495 826 1554 861 36.

991 869 1149 915 Calliope
1172 871 1254 913 336,
1279 872 1313 906 5.

991 916 1158 952 Callistus
1189 929 1233 951 ex
1271 917 1363 952 Atho
1411 920 1528 952 monte
1564 916 1750 953 arcessitur

1037 966 1127 1005 871,
1155 965 1209 1000 17.
1242 976 1303 999 cur
1328 968 1504 1010 promotus
1528 964 1572 999 ad
1596 965 1749 1010 patriar-

1038 1011 1170 1046 chalem
1196 1010 1420 1056 dignitatem:
1454 1010 1529 1046 eius
1553 1011 1750 1047 inhumani—

1037 1061 1116 1101 tas,
1172 1058 1206 1093 in
1240 1059 1337 1104 ipsos
1375 1063 1528 1093 mortuos
1561 1058 1750 1094 saevientis

1039 1106 1128 1147 873,
1165 1106 1219 1140 12.
1263 1105 1528 1141 Massalianismi
1562 1111 1751 1141 accusatur

1039 1153 1083 1187 ab
1107 1152 1303 1199 episcopis:
1346 1163 1434 1198 quos
1463 1152 1542 1198 ipse
1576 1153 1749 1188 variorum

1038 1199 1215 1233 criminum
1245 1204 1407 1234 accusat:
1453 1200 1588 1235 veniam
1621 1201 1683 1234 dat
1714 1205 1751 1235 et

1038 1246 1169 1291 accipit
1193 1246 1272 1289 876,
1292 1250 1324 1282 5.
1362 1247 1557 1289 Gregoram
1582 1247 1750 1282 inclusum

1039 1291 1146 1334 visit,
1189 1293 1297 1327 amice
1331 1293 1540 1338 alloquitur:
1580 1301 1620 1329 ut
1651 1306 1751 1329 omne

1040 1339 1271 1374 contentionis
1295 1340 1444 1374 studium
1469 1340 1631 1382 abiiciat‚
1675 1346 1751 1376 sto-

1038 1386 1109 1420 lide
1134 1387 1295 1421 admonet
1322 1385 1424 1428 1047,
1460 1389 1517 1422 20.
1554 1391 1749 1424 tentatores

1038 1433 1083 1467 ad
1107 1432 1201 1467 illum
1225 1433 1395 1468 submittit
1421 1435 1523 1476 1050,
1549 1436 1581 1470 6.

992 1479 1199 1524 Calliupolis
1225 1485 1330 1525 capta.
1355 1492 1375 1515 a
1407 1480 1457 1515 Io.
1492 1479 1591 1516 Duca
1613 1483 1672 1522 29,
1694 1483 1748 1518 13.

1037 1526 1188 1561 munitur
1213 1539 1233 1561 a
1258 1527 1436 1562 Catalanis
1459 1528 1549 1572 227,
1582 1526 1616 1564 4.
1659 1529 1751 1563 Vide

1039 1579 1076 1608 et
1099 1575 1181 1616 222,
1205 1575 1265 1609 20.
1290 1575 1371 1616 224,
1398 1578 1429 1611 1.

991 1621 1164 1666 Calyptra
1198 1620 1418 1667 imperatoris
1452 1622 1535 1664 258,
1568 1622 1622 1658 11.
1661 1620 1750 1657 Vide

1041 1669 1173 1702 Ghalel.

992 1715 1170 1757 Camaris,
1205 1714 1370 1760 Byzantii
1394 1714 1556 1760 proditor
1587 1714 1668 1757 419,
1694 1717 1748 1752 13.

992 1762 1182 1808 Cambyses
1205 1762 1340 1803 Persa,
1385 1762 1485 1798 Susis
1510 1762 1689 1808 profectus
1714 1763 1750 1796 in

1036 1809 1236 1855 Aegyptum
1268 1806 1359 1850 445,
1385 1811 1441 1845 11.
1484 1820 1603 1854 regem
1635 1810 1750 1855 Aegy·

1038 1856 1090 1902 pti
1143 1855 1260 1901 capit;
1308 1855 1415 1890 flendi
1462 1867 1601 1891 causam
1647 1859 1750 1901 rogat

1038 1902 1120 1945 445,
1144 1904 1202 1939 20.

992 1950 1154 1987 Camelus
1179 1960 1311 1983 cornua
1333 1953 1505 1996 appetens
1538 1952 1606 1985 etc.
1657 1949 1749 1984 Vide

1040 1996 1221 2031 Proverb-
1375 2003 1377 2005 '

991 2043 1047 2078 De
1071 2042 1253 2078 Camerino
1279 2041 1539 2088 (Franciscus)
1571 2043 1748 2089 Vospren-

1039 2090 1107 2132 sis,
1158 2101 1223 2124 seu
1272 2089 1424 2136 Bospori
1463 2090 1748 2138 archiepiscopus

1040 2138 1142 2178 1247,
1166 2137 1224 2172 41.

992 2184 1190 2219 Οαῐιὶοἰθιιῐῐι
1213 2182 1296 2226 241,
1319 2184 1354 2220 5.

993 2231 1180 2267 Caniculae
1203 2234 1346 2266 exortus
1370 2230 1451 2273 528,
1476 2231 1533 2267 23.
1558 2230 1640 2274 666,
1669 2233 1724 2267 18.

993 2277 1186 2314 Cannensis
1221 2289 1355 2322 pugna:
1391 2288 1511 2311 aurum
1543 2283 1622 2322 post
1653 2277 1746 2313 illam

1038 2325 1260 2359 interdictum
1283 2324 1486 2359 mulieribus
1509 2325 1590 2367 752,
1618 2326 1672 2362 13.

993 2371 1184 2407 Cannensis
1208 2382 1293 2417 ager
1311 2372 1397 2413 752,
1424 2371 1479 2406 13.

994 2419 1155 2454 Canones
1179 2422 1215 2453 et
1224 2417 1486 2466 constitutiones
1504 2417 1746 2464 Apostolorum

1038 2467 1120 2507 982,
1143 2466 1178 2500 3.

993 2513 1169 2547 Canonum
1192 2509 1363 2545 editiones
1386 2510 1553 2555 vulgatae
1571 2511 1669 2553 1236,
1687 2511 1746 2546 35.

994 2560 1240 2594 Cantacuzena
1262 2560 1373 2591 mater
1396 2556 1654 2599 Cantacuzeni‚
1690 2557 1746 2591 fa-

1003 2632 1007 2635 .
1038 2605 1170 2641 otiosos
1196 2603 1388 2649 comprimit
1410 2604 1494 2646 530,
1520 2607 1575 2640 10.
1606 2603 1642 2637 in
1666 2614 1747 2638 car-

1038 2663 1151 2687 cerem
1186 2649 1370 2685 coniicitur
1403 2653 1486 2693 609,
1518 2653 1553 2687 9.
1584 2650 1678 2684 iacta
1709 2649 1747 2684 in

1042 2710 1117 2734 eam
1139 2698 1271 2744 probra
1293 2699 1375 2739 617,
1400 2699 1432 2733 1.
1465 2696 1565 2731 dolor
1594 2699 1631 2731 et
1654 2707 1747 2730 mor-

1040 2746 1107 2780 bus
1130 2746 1210 2787 617,
1234 2745 1268 2780 7.
1295 2744 1412 2779 obitus
1433 2745 1516 2786 618,
1537 2746 1568 2780 1.
1593 2742 1747 2778 consiliis

1042 2798 1079 2827 et
1095 2791 1230 2828 arcanis
1245 2790 1478 2837 imperatoriis
1496 2788 1648 2837 praefuit
1664 2790 1745 2831 619,

1041 2840 1077 2875 5.
1124 2838 1288 2875 Palamae
1323 2837 1500 2874 erroribus
1529 2835 1746 2883 patrocinata
