1794 3172
363 126 1101 215 'fflsromAJ-:ssYzANTmAE
1131 152 1229 201 xv.
1255 152 1300 202 8.
1471 149 1579 198 -779

84 261 348 322 ἀκροπόλεως
375 262 534 322 πύλην
569 267 638 309 καὶ
666 262 757 322 ἅμα
787 263 955 324 εἶσέῤῥει
984 264 1035 309 ‘cd
1068 269 1237 322 πλῆθος
1266 267 1353 309 τῶν
1382 263 1688 357 ὅπλιτῶν.ῐΑ.(21.
1706 275 1794 359 13ἑ47

1591 335 1655 368 mp.
1683 337 1713 358 o.
1761 339 1794 360 a-

85 334 257 390 κάπειδὴ
286 334 334 378 τὸ
366 333 570 392 παράλιον
596 333 707 379 οὕτω
728 339 804 391 τῆς
832 331 1094 391 ἀκροπόλεως
1116 334 1244 392 μέρος
1263 332 1396 389 ἑάλω,
1435 338 1504 380 καὶ
1536 338 1576 380 οἱ
1623 374 1707 406 laco!
1728 373 1752 408 6

84 408 338 460 στρατιῶται
365 404 443 455 τὰς
463 410 546 448 τῶν
574 402 802 461 οἶκητόρων
824 403 969 454 οὐσίας
989 402 1247 461 διήρπασαν,
1282 404 1333 447 οὗ
1362 403 1499 462 λήγειν
1517 405 1615 451 ἴτιΒ

84 477 162 528 τῆς
189 472 459 531 βλαπτούσης
487 475 641 530 ἐκείνης
670 472 803 530 ὁρμῆς
823 471 1031 517 ε’νενόουν·
1068 472 1167 516 ἀλλ’
1197 473 1367 528 ἶ-’μελλον
1384 474 1466 531 ἤδη
1487 493 1576 520 πει-

55 544 247 599 5ρᾶσθαι
269 545 338 586 καὶ
360 549 443 587 τῶν
463 544 656 601 ἀνωτέρω
677 548 751 599 τῆς
771 541 1032 601 ἀκροπόλεως
1055 547 1195 600 μερῶν
1224 545 1295 586 καὶ
1324 542 1421 587 ὅλον
1449 546 1574 590 ἐκεῖσε

84 617 288 669 λαμπρῶς
316 613 364 656 τὸ
388 613 581 668 πολέμιον
610 618 694 668 πῦρ
716 614 899 670 ἐνεγκεῖν.
935 614 1004 656 καὶ
1025 610 1128 667 τάχ’
1162 611 1215 656 ἂν
1238 611 1431 665 ἁλώσεως
1455 613 1575 672 ἔργον

85 679 192 736 ὁμοῦ
229 683 297 724 καὶ
323 682 454 739 πυρὸς
483 683 649 726 κάκεῖνα
689 684 863 739 ἐγίγνετο
897 686 1177 738 παραχρῆμα,
1218 684 1254 725 εἲ
1283 683 1343 739 μὴ
1372 682 1573 729 κεκώλυκε

83 751 255 806 πέμψας
275 749 303 795 ὃ
314 752 511 806 βασιλεὺς
531 752 579 796 τὸ
601 757 675 808 τῆς
692 750 824 810 ὁρμῆς
840 749 1112 810 ὑπερβάλλον.
1138 754 1207 795 καὶ
1226 756 1360 796 ταῦτα
1379 753 1456 808 μὲν
1473 754 1578 812 τῇδέ

84 839 143 876 πη
167 820 294 876 ἴσχεν.
353 821 476 880 (ΙΑ.)
507 819 566 864 ‘H
582 823 628 865 δὲ
648 824 814 877 βασιλὶς
828 822 954 865 ’Άννα
971 822 1015 864 ἓν
1035 828 1124 872 τοῖς
1143 822 1350 878 μεγίστοις
1378 827 1462 866 τῶν
1487 821 1611 881 qud-c

28 894 75 929 10
84 895 174 946 βων
196 891 271 946 τὴν
294 888 423 934 νύκτα
446 896 587 935 πᾶσαν
609 893 763 948 ἐκείνην
782 890 997 948 διήνεγκεν.
1035 890 1124 946 ἅμα
1144 891 1187 934 δ’
1211 891 1265 934 ἕω
1286 896 1574 949 προσκαλεσα-

82 960 186 1016 μένη
215 959 314 1011 τοὺς
345 961 459 1018 ἀμφ’
497 961 629 1017 αὐτὴν
658 963 852 1018 περὶτῶν
878 961 1092 1018 πρακτέων
1113 960 1446 1004 συνδιεσκέπτετο
1463 975 1474 985 ·
1504 963 1575 1006 καὶ

84 1034 209 1088 κοινῷ
239 1029 446 1074 συνεδόκει
472 1032 715 1088 ψηφίσματι
734 1063 749 1084 ,
793 1031 1048 1086 πίμπρασθαι
1075 1030 1213 1081 δεξιὰν
1232 1063 1247 1083 ,
1281 1029 1358 1073 οὐκ
1386 1031 1451 1074 ἐπὶ
1484 1038 1573 1083 τοῖς
1615 1031 1619 1034 ’

84 1097 393 1157 ἡμαρτημένοις
415 1098 658 1157 συγγνώμην
679 1102 810 1156 ζητεῖν
830 1100 1148 1160 (σμικροπρεπές
1166 1099 1246 1157 γὰρ
1263 1099 1393 1158 ἐκείνῃ
1410 1098 1571 1156 νενόμι-

84 1185 180 1212 σται
202 1174 328 1212 τοῦτο
350 1171 418 1212 καὶ
443 1169 591 1226 ἣκιστα
620 1169 817 1224 εὔδαιμον
825 1203 839 1223 ,
870 1167 1119 1227 σκληρότητι
1141 1171 1210 1213 καὶ
1226 1167 1359 1227 ὀφρύϊ
1372 1186 1571 1227 συντετη-

28 1241 75 1277 15
85 1240 204 1289 κυίας
230 1236 414 1298 γνώμης)
445 1239 544 1283 ἀλλ’
573 1241 812 1296 ἐπαγγελίας
831 1238 1026 1294 ε’νόρκους
1040 1241 1130 1298 περὶ
1148 1237 1338 1297 μεγάλων
1357 1240 1426 1282 καὶ
1445 1240 1611 1292 ξένωνὶ)

85 1306 342 1366 πραγμάτων
358 1342 372 1362 ,
417 1307 682 1370 ὑπερηφανίᾳ
718 1309 1053 1365 κεκομψευμένας
1088 1313 1254 1369 μακρᾷ,
1302 1306 1454 1352 ὁπόσαι
1496 1307 1570 1361 ξύν

83 1395 126 1435 γε
156 1385 243 1428 τοῖς
273 1378 430 1436 ἀωρίαν
456 1379 623 1436 μακρὰν
650 1379 960 1436 ε’πισυρομένοις
995 1377 1223 1435 ζητήμασιν
1250 1377 1392 1429 ἄλλοις
1420 1380 1490 1422 καὶ
1519 1379 1568 1422 τὸ

82 1448 159 1502 μὲν
177 1455 398 1505 μοναρχεῖν
417 1447 628 1507 ἀπῄτουν,
662 1447 711 1492 τὸ
734 1449 780 1491 δὲ
799 1446 1015 1506 συνάρχειν
1043 1448 1299 1504 ἄπελὲγοντο.
1335 1449 1404 1490 καὶ
1421 1449 1490 1490 ιἵνα
1508 1446 1570 1504 μὴ

84 1518 128 1560 ἓν
147 1525 308 1575 μικροῖς
325 1518 487 1575 μακρὸν
509 1512 790 1573 ἀναλίσκωμεν
812 1516 959 1575 λόγον,
991 1515 1263 1573 ἅστοχήσασα
1282 1520 1366 1560 τῶν
1386 1516 1569 1574 ἀκαίρων

28 1587 246 1630 mimirum
271 1586 462 1642 ἐλπίδων,
488 1590 555 1631 καὶ
576 1589 748 1631 δείσασα
764 1587 839 1644 μὴ,
864 1588 927 1630 ἐπὶ
945 1590 1071 1644 ξυροῦ
1092 1591 1175 1630 τῶν
1192 1583 1446 1643 πραγμάτων
1466 1588 1570 1629 αι’ω-

86 1656 297 1713 ρουμένων
328 1656 460 1714 αὐτῇ,
495 1658 564 1700 καὶ
591 1657 765 1707 ἄκοντος
795 1661 871 1700 τοῦ
900 1657 1248 1711 Καντακουζηνοῦ
1274 1653 1608 1711 παραπόληταιΕ·

84 1725 191 1782 πρὸς
219 1730 303 1768 τῶν
330 1725 492 1780 ἄλλων,
526 1725 615 1769 ὅσοι
642 1726 747 1780 πρὸς
777 1725 908 1782 αὐτῆς
940 1723 1237 1769 ἐπεπόνθεισαν
1264 1723 1317 1767 τὰ
1347 1722 1566 1780 ἀνήκεστα,

83 1794 189 1851 πρὸς
207 1795 285 1846 τὰς
302 1793 631 1853 φιλανθρώπους
648 1796 803 1840 νένευκε
820 1800 896 1842 τοῦ
914 1795 1120 1852 βασιλέως
1137 1791 1380 1851 συμβάσεις,
1409 1791 1568 1853 συνάρ-

80 1881 169 1920 χειν
192 1862 281 1921 ἅμα
300 1866 368 1908 καὶ
388 1864 656 1925 προεδρεύειν,
900 1881 908 1886 “

83 2020 247 2069 irrumpit
261 2025 393 2058 umata
411 2023 604 2060 multitudo.
649 2023 764 2070 Capta
777 2023 815 2058 in
833 2022 924 2058 hune
939 2020 1074 2058 modum
1092 2020 1266 2057 maritima
1279 2019 1369 2058 areis
1380 2024 1494 2068 parte,
1511 2020 1567 2056 di—

82 2070 263 2115 reptisque
290 2070 522 2105 habitatorum
541 2071 787 2113 facultatibus,
810 2070 957 2105 nondum
977 2069 1103 2105 milites
1121 2068 1285 2115 impetum
1311 2068 1408 2104 illum
1426 2068 1567 2103 noxium

84 2115 209 2151 sistere
230 2117 449 2158 statuebant3
473 2117 536 2151 sed
556 2123 656 2152 erant
677 2117 811 2152 iamiam
832 2116 1066 2163 oppugnaturi
1091 2116 1307 2162 superiorem
1324 2126 1461 2161 quoque
1480 2114 1573 2150 arcia

84 2168 238 2208 partem,
261 2168 439 2209 totamque
463 2164 546 2198 illuc
570 2168 692 2210 aperte
715 2163 919 2199 translaturi
942 2163 1108 2198 flammam
1130 2162 1301 2197 hostilem.
1347 2164 1400 2197 Ac
1418 2162 1572 2196 fortasse

84 2208 274 2244 obsidionis
291 2209 391 2244 simul
415 2215 452 2244 et
470 2210 562 2255 ignis
577 2211 647 2245 vim
668 2211 771 2246 etiam
789 2211 850 2245 illa
874 2221 957 2256 para
973 2210 1089 2244 statim
1116 2214 1263 2255 experta
1280 2213 1373 2244 esset
1384 2233 1395 2250 ‚
1419 2208 1487 2243 nisi
1506 2208 1571 2243 im-

84 2261 200 2301 petum
226 2256 319 2290 illum
346 2256 600 2292 immoderatum
625 2257 829 2303 imperator,
854 2256 965 2292 missis
990 2256 1051 2302 qui
1072 2256 1319 2301 reprimerent,
1342 2254 1566 2290 cohibuisset.

83 2303 134 2336 Et
152 2303 238 2337 haec
257 2302 393 2348 quidem
413 2303 463 2338 ita
486 2304 594 2338 ferme
617 2316 655 2338 se
678 2305 879 2339 habuerunt.
925 2303 1029 2348 (XI.)
1052 2303 1100 2336 At
1116 2302 1319 2348 imperatrix
1338 2303 1437 2337 Anna
1457 2306 1565 2335 totam

81 2348 176 2383 illam
193 2355 325 2383 noctem
342 2351 486 2385 maxima
501 2350 736 2397 trepidatione
750 2349 918 2385 traduxit.
964 2349 1079 2384 Primo
1100 2354 1216 2383 autem
1234 2359 1344 2391 mane,
1367 2347 1566 2382 convocatis

83 2394 128 2429 iis
146 2407 234 2440 quos
251 2396 402 2431 babebat
417 2409 544 2439 secum,
561 2398 676 2443 eoepit
690 2397 775 2443 quid
791 2397 959 2443 agendum
978 2401 1073 2431 esset
1088 2395 1300 2437 consultare3
1322 2400 1395 2429 tum
1410 2394 1455 2428 de
1471 2405 1565 2428 eom-

83 2442 179 2475 muni
200 2443 345 2476 omnium
365 2443 537 2478 sententia
558 2444 669 2478 visum
688 2449 761 2486 est,
785 2455 846 2478 eoa
866 2443 1005 2478 mittere
1028 2441 1088 2488 qui
1115 2443 1272 2477 dextram
1295 2441 1499 2485 iungerent,
1520 2451 1565 2474 ac

84 2499 152 2536 non
169 2488 267 2523 modo
285 2488 487 2524 delictorum
501 2490 638 2525 veniam
656 2502 723 2525 uon
741 2496 862 2536 petere
879 2489 935 2534 (id
951 2488 1060 2531 enim,
1082 2489 1165 2535 quia
1180 2488 1271 2523 illius
1288 2488 1399 2522 auimo
1417 2485 1565 2521 durities

84 2539 122 2568 et
138 2535 250 2568 fastus
270 2535 406 2581 penitus
425 2536 662 2579 inoleverant,
684 2537 863 2582 indignum
879 2548 958 2571 esse
979 2535 1077 2570 duxit
1092 2540 1129 2570 et
1146 2535 1283 2570 minime
1299 2533 1478 2578 decorum)
1501 2532 1564 2567 sed

85 2580 189 2615 etiam
210 2591 334 2626 magna
356 2583 524 2628 quaedam
544 2588 581 2618 et
602 2583 759 2618 inaudita
781 2582 892 2618 iurato
917 2581 1150 2629 promittenda
1172 2580 1332 2627 stipulari
1355 2578 1460 2614 multo
1489 2589 1564 2614 cum

84 2626 199 2668 fastu3
212 2638 265 2662 ,ae
285 2635 426 2674 praeter
453 2630 522 2665 alia
545 2630 719 2675 postulata
746 2629 951 2664 insolentiae
974 2628 1077 2675 plena
1107 2633 1216 2663 totam
1244 2625 1482 2662 auctoritatem
1507 2637 1566 2660 re-

85 2679 218 2719 petere,
241 2674 364 2719 partiri
378 2687 461 2711 vero
480 2676 579 2711 none,
625 2677 676 2711 Ac
690 2688 733 2711 ne
748 2677 785 2711 in
802 2676 920 2722 parvis
936 2674 1072 2720 longius
1089 2675 1321 2714 immoremur,
1347 2683 1421 2706 cum
1438 2671 1564 2706 intem—

85 2719 243 2764 pestivae
268 2720 350 2756 illae
371 2734 452 2768 spes
472 2723 594 2758 irritae
610 2723 777 2765 fuissent,
800 2728 1049 2768 verereturque
1064 2722 1145 2763 illa,
1169 2732 1213 2756 ne
1230 2720 1266 2754 in
1284 2718 1466 2765 praecipiti
1482 2729 1566 2752 eon-

84 2765 215 2800 stitutis
230 2766 298 2801 iam
314 2769 417 2803 rebus
435 2770 519 2812 suis,
539 2769 644 2804 etiam
660 2769 770 2804 invito
779 2768 1021 2804 Cautacuzeno
1039 2767 1179 2803 aliorum
1196 2777 1295 2802 mauu
1307 2765 1451 2811 periret,
1486 2767 1566 2798 uot-

84 2817 170 2857 quot
187 2813 232 2847 ab
251 2824 294 2848 ea
309 2815 453 2859 gravius
471 2815 601 2861 aliquid
621 2815 715 2861 passi
729 2816 883 2857 fueraut,
906 2814 952 2850 ad
971 2814 1139 2860 benignas
1158 2811 1376 2859 imperatoris
1394 2821 1457 2844 eon
1484 2810 1565 2844 itio-

82 2869 146 2894 nes
163 2859 356 2904 descendit,
380 2865 420 2896 ut
434 2862 599 2908 oouegam
616 2862 752 2909 quidem
769 2873 847 2898 eum
863 2865 1054 2910 pateretur,
1075 2861 1154 2908 ipsa
1169 2867 1282 2897 tamen
1298 2856 1534 2905 praecederet-
