1754 3164
182 158 205 203 1
212 156 313 204 276
714 159 1106 205 ANNOTATION
1112 158 1197 204 ES.

176 283 393 323 suppressa.
453 268 618 307 Ioannes
635 267 873 306 Laurentius
897 266 1257 319 Philadelphiensis
1272 265 1423 318 Lydus,
1453 278 1572 317 quem
1590 264 1708 304 Iusti-

174 341 228 365 no
250 335 288 366 et
307 327 525 365 Iustiniano
550 325 840 378 imperantibus
864 324 1049 364 floruisse
1070 331 1228 364 constat
1254 338 1302 362 ex
1318 323 1484 373 Photio,
1527 323 1709 361 laudavit

174 398 253 422 non
277 384 398 422 semel
420 399 467 424 τα
483 380 597 438 λόγια
620 384 660 422 in
680 383 728 421 iis
749 382 922 435 scriptiS‚
956 397 1129 434 quorum
1150 383 1372 434 fragmenta
1392 386 1548 419 exstant
1568 381 1611 418 in
1630 381 1708 419 Co-

174 442 263 479 dice
294 440 416 492 Regio
444 444 568 486 3367.
600 442 749 480 Versus
783 441 832 479 ab
863 454 908 479 eo
940 442 1146 492 prolatos,
1186 440 1373 492 quonium
1402 437 1432 476 ii
1461 438 1503 476 in
1532 438 1707 477 editione

173 499 436 549 Obsopoeana
478 499 782 550 desiderantur,
833 498 947 538 iuvat
984 497 1064 536 hoc
1096 499 1188 536 loco
1234 496 1440 537 exhibere
1501 497 1602 535 Sunt
1633 510 1709 534 au-

170 562 249 594 tem
278 555 343 594 hi·

345 635 435 691 Χρὴ
468 635 511 678 δὲ
540 641 759 691 χαλινωσαι
787 634 927 690 ψυχήν
957 633 1139 704 βροτόν’
1129 633 1223 677 όντα
1254 631 1423 687 νοητόν,

328 692 474 750 ’Όφρα
503 713 558 749 μη
590 692 763 752 ἐγκύρσῃ
793 694 917 748 χθονὶ
947 690 1154 747 δυσμόρῳ,
1189 688 1287 733 ἄλλα
1319 694 1478 748 σαωθῇ.

347 779 531 829 Ψυχαῖον
562 778 773 829 σπινθῆρα
804 774 897 816 δυσὶ
922 787 1092 827 κερασας
1122 772 1340 827 ὁμονοίαις,

341 836 416 890 Νῷ
445 834 514 875 καὶ
542 830 743 887 πνεύματι
771 834 897 889 θείῳ,
929 828 1000 884 ἐφ’
1030 828 1091 880 οἷς
1121 833 1254 885 τρίτον
1284 827 1406 884 οἱγνόν
1436 829 1582 885 ε’ρωτα,

343 890 589 934 Συνδετικον
618 888 785 932 πάντων
816 885 1037 943 ἐπιβητορα
1066 886 1214 943 σεμνὸν
1246 887 1406 940 ἔθηκεν.

343 973 474 1023 Τῆσδε
498 989 576 1027 γαρ
611 972 655 1014 ἓν
684 968 846 1040 τριάδος
874 967 1039 1019 κόλποις
1069 969 1259 1023 ἔσπαρται
1289 966 1458 1009 α’παντα.

339 1031 469 1082 Τῆσδε
497 1028 572 1085 γαρ
603 1029 647 1071 ἐκ
653 1027 837 1090 ,τριάδος
866 1031 951 1070 πᾶν
979 1031 1140 1081 πνεῦμα
1169 1042 1300 1081 πατηρ
1338 1025 1534 1079 ἐπέρασσε.

335 1106 514 1162 Νύμφαι
543 1115 731 1179 πηγαῖαι,
762 1109 831 1150 καὶ
859 1105 1024 1182 ἐνύδρια
1053 1105 1262 1160 πνεύματα
1290 1122 1437 1157 παντα,

337 1166 423 1207 Καὶ
452 1165 626 1235 χθόνιοι
640 1164 803 1216 κόλποι,
833 1166 901 1208 καὶ
931 1163 1082 1236 ἠέριοι,
1112 1164 1181 1206 καὶ
1210 1162 1388 1218 ὕπαυγοι

322 1228 538 1293 Μηναῖοι,
569 1221 703 1277 πασης
733 1221 969 1294 ἐπιβήτορες
998 1220 1065 1276 ἥδ’
1094 1223 1283 1292 ἔπιβῆται

322 1276 460 1334 ’Τλης
490 1278 683 1337 ου’ρανίας
712 1298 753 1323 τε
782 1281 851 1322 καὶ
882 1278 1068 1335 αστερίας
1095 1296 1163 1321 και
1195 1275 1399 1332 αβύσσων.

160 1360 271 1401 Haec
302 1375 427 1415 pulro
458 1362 697 1401 Laurentius
725 1361 1087 1414 Philadelphiensis
1113 1374 1194 1399 non
1220 1356 1431 1399 Χαλδαϊκα
1454 1354 1590 1411 λόγια,
1633 1358 1703 1397 sed

159 1415 278 1472 λόγια
308 1426 465 1459 tantum
499 1426 631 1460 vocat.
692 1421 777 1459 Nec
808 1420 924 1458 aliter
959 1418 1147 1472 Synesius
1178 1418 1221 1456 in
1258 1416 1363 1456 libro
1399 1414 1447 1455 de
1484 1417 1702 1457 insomniis.

159 1489 315 1516 BOIVIN.

277 1549 372 1598 Pag·
404 1549 509 1597 724,
543 1546 608 1589 15.
671 1542 731 1587 Ου
749 1548 910 1587 θυσιῶν
932 1541 1170 1600 σπλαγχνων
1190 1558 1231 1585 τε
1252 1542 1393 1598 τομαί]
1425 1541 1545 1596 Apud
1570 1543 1699 1596 Syne-

158 1602 262 1642 sium
291 1603 465 1656 legitur,

383 1668 444 1713 Οὕ
472 1676 635 1715 θυσιῶν
665 1670 902 1728 σπλάγχνων
930 1667 970 1712 τ’
998 1669 1138 1724 ὄτομαι
1167 1677 1244 1711 etc.

159 1753 261 1791 quae
289 1740 411 1779 lectio
439 1741 544 1781 bona
573 1749 655 1794 est,
695 1742 728 1780 si
755 1740 909 1794 ὄθομαι
943 1741 1064 1793 legas,
1122 1741 1220 1780 Nam
1254 1736 1394 1793 ὅτομαι
1421 1753 1502 1778 non
1530 1738 1691 1778 dicitur.

156 1797 322 1842 Homer.
348 1798 396 1839 ΙΙ.
423 1795 472 1839 α’.

562 1879 565 1882 -
601 1855 722 1896 σέθεν
753 1853 792 1895 δ’
824 1852 899 1908 ἐγώ
932 1851 1007 1896 οὐκ
1037 1850 1222 1908 ἀλεγίζω,

381 1908 486 1953 Οὐδ’
517 1909 668 1966 ὄθομαι
696 1911 914 1960 κοτέοντος.
1427 1924 1582 1949 nowm.

271 1980 372 2033 Pag.
404 1981 508 2029 725,
539 1985 579 2023 7.
635 1976 744 2021 Ἀλλ’
774 1977 849 2021 οὐκ
885 1976 1064 2036 Ἀτρείδῃ
1098 1995 1135 2020 κ.
1164 1995 1198 2020 τ.
1225 1979 1285 2031 λ.]
1333 1978 1495 2020 Homer.
1523 1978 1635 2018 Iliad.
1659 1978 1693 2022 Ι.

156 2050 311 2075 nomm.

271 2094 369 2147 Pag·
399 2097 598 2144 726,1Ο.
653 2089 720 2142 Ἐς
742 2091 814 2135 τᾶν
839 2093 1024 2148 μέγιστον
1044 2096 1116 2148 τῆς
1139 2096 1214 2135 τοῦ
1236 2096 1343 2135 θεοῦ
1365 2091 1549 2146 Σοφὶας]
1589 2093 1694 2131 Can-

155 2157 287 2190 tacuz.
315 2151 387 2190 lib.
409 2151 474 2191 111.
502 2166 588 2204 cap.
613 2153 776 2191 LXXX.
834 2166 1010 2191 necno.

268 2206 365 2261 Pag
395 2212 498 2258 726,
533 2213 598 2253 19.
660 2209 743 2250 Καὶ
761 2207 1012 2264 περιαγωγάς
1033 2207 1355 2276 κακοδαίμονας]
1385 2208 1473 2247 Hoc
1496 2208 1587 2246 loco
1620 2222 1691 2247 πε-
1733 2250 1734 2253 Ἰ

155 2265 348 2319 ριαγωγαὶ
371 2239 559 2305 videniur
582 2280 665 2305 esse
694 2267 980 2319 ignominiosae
997 2283 1066 2319 per
1093 2268 1266 2319 compita
1288 2276 1323 2305 et
1338 2264 1438 2321 fora
1459 2263 1689 2304 traductio-

156 2339 242 2374 nes,
273 2328 343 2361 aut
361 2323 480 2361 etiam
500 2322 649 2363 exsilia
669 2334 704 2362 et
708 2296 1022 2377 ⁵·dep011a1iones.
1062 2336 1216 2364 noivm.

266 2378 364 2433 Pag·
394 2383 498 2430 726,
534 2384 602 2422 23.
649 2378 798 2435 ’Έαρος
821 2378 1076 2433 ἔπισταντος]
1110 2381 1374 2420 Cantacuzen.
1395 2379 1467 2418 lib.
1497 2379 1567 2420 ΙΙΙ.
1598 2392 1686 2433 cap.

152 2437 335 2476 LXXXI.
392 2451 567 2476 DUGANG.

269 2498 362 2547 Pag·
391 2498 496 2545 726,
526 2492 594 2536 24.
651 2493 700 2534 ‘O
719 2490 925 2549 σατράπης
941 2491 1112 2548 Ἀμοῦρ]
1142 2494 1218 2534 Hic
1241 2499 1348 2534 errat
1368 2494 1578 2544 Gregoras.
1608 2492 1687 2532 Ne-

153 2564 230 2603 que
251 2552 355 2591 enim
378 2551 506 2591 Amur
525 2554 559 2590 is
582 2558 668 2589 tum
691 2552 787 2601 fuit,
818 2553 890 2592 sed
918 2551 1122 2591 Orchanes
1153 2551 1359 2590 orientalis
1379 2550 1591 2602 Bithyniae
1613 2550 1683 2587 Sa-

151 2614 288 2662 trapa‚
320 2609 469 2661 quique
492 2625 515 2649 a
534 2607 807 2662 Paphlagonia
834 2623 962 2662 usque
983 2609 1024 2647 in
1046 2608 1258 2661 Phrygiam
1282 2609 1527 2661 imperabat,
1557 2614 1604 2646 ut
1624 2613 1684 2645 te-

151 2672 279 2705 statur
300 2667 386 2719 ipse
411 2667 712 2705 cantacuzenus
740 2680 822 2704 non
851 2681 933 2706 uno
966 2667 1074 2706 loco.
1135 2665 1260 2705 Amur
1294 2679 1390 2704 vero
1421 2665 1681 2717 postmodum

150 2736 242 2762 cum
272 2724 415 2775 viginti
438 2724 616 2763 millibus
647 2724 823 2776 equitum
855 2724 989 2774 venit,
1020 2730 1060 2763 et
1088 2723 1366 2762 Cantacuzeno
1394 2722 1509 2760 affuit
1540 2726 1681 2759 contra

149 2779 403 2820 Momitzilam
416 2812 426 2831 ‚
456 2790 503 2821 ut
525 2781 667 2821 scribit
695 2781 801 2820 idem
822 2783 1122 2821 Cantacuzenus
1142 2795 1231 2834 cap.
1253 2779 1472 2819 LXXXVI.
1505 2792 1679 2818 DUCANG.

263 2852 358 2904 Pag.
391 2852 493 2900 728,
525 2854 563 2893 3.
625 2848 776 2906 Θέρους
805 2848 850 2892 δὲ
880 2849 960 2905 ἤδη
985 2849 1227 2905 μεσοῦντος]
1267 2849 1482 2890 Cantacuz.
1513 2846 1583 2888 lib.
1605 2846 1676 2887 ΙΙΙ.
