1794 3172
278 132 599 181 HISTORIAE
623 129 1002 178 BYZANTINAE
1027 127 1172 175 XXII.
1199 134 1244 177 3.
1378 122 1515 172 1047

30 251 116 292 τῶν
135 245 266 291 όντων
283 246 351 288 καὶ
368 243 590 302 γινομένων
607 242 685 293 τὰς
701 238 847 301 φύσεις
863 241 907 293 ἐς
922 238 1117 299 τάκριβές
1125 271 1142 295 ,
1171 237 1232 297 μὴ
1255 237 1327 282 διὰ
1343 235 1511 284 πάντων
1534 247 1574 282 A.
1586 248 1627 281 c.
1644 247 1735 285 1351

30 315 213 361 ἐλθόντα
246 312 504 372 πραγμάτων
530 311 588 364 ὥς
623 314 688 356 δεῖ
694 345 709 367 ,
746 318 892 367 πεῖραν
920 310 997 367 τὴν
1026 308 1187 369 ἑκάστῳ
1217 296 1738 379 προσήκουσανῐωζέἕὲοέὼ

31 385 167 446 ἑαυτῷ
186 383 466 443 ποριζόμενον.
505 384 696 426 ἐντεῦθεν
712 381 791 438 γὰρ
814 379 929 436 οἶμαι
946 381 1015 423 καὶ
1033 379 1111 430 τὰς
1138 377 1271 437 ἀρχὰς
1288 377 1513 437 εἵληφότας

30 461 115 500 τῶν
146 454 297 508 πάλαι,
336 458 395 513 τῷ
424 451 554 511 ὁμοίῳ
580 451 628 495 τὸ
659 450 803 507 ὅμοιον
835 452 1025 508 γίνεσθαι
1051 447 1182 507 φάναι
1208 445 1427 507 γνώριμον.
1474 452 1550 494 εῖΒ

2 526 90 582 ὁμὴ
119 525 199 583 γὰρ
229 523 414 579 ἀπέβαλέ
438 539 503 573 τις
526 519 703 580 θανάτῳ
722 520 887 578 γονέας,
930 518 1007 564 οὐκ
1032 518 1084 563 ἂν
1116 519 1336 575 ἀντίληψίς
1353 536 1416 570 τις
1433 525 1513 564 τοῦ

29 594 199 646 πάθους
232 591 503 651 προσήκουσα
543 593 696 649 γίνοιτο
738 588 899 650 τούτῳ,
946 588 1044 633 οὐδὲ
1079 593 1229 646 γνῶσις
1270 588 1512 646 ἀκίβδηλος,

29 662 181 722 ὁρῶντι
208 663 263 707 τὰ
293 662 417 719 ὅμοια
452 659 696 705 πεπονθότα
728 660 800 704 τὸν
827 661 1015 718 γείτονα·
1051 658 1159 702 ἀλλὰ
1187 664 1304 714 μενεῖ
1330 658 1435 716 πρὸς
1462 660 1513 704 τὸ

29 732 174 784 πάθος
200 733 315 790 παρὰ
349 736 553 776 τοσοῦτον
591 729 845 787 ἀνάλγητος,
891 726 1080 788 παρόσον
1107 730 1176 771 καὶ
1205 727 1305 779 τούς
1329 729 1375 771 ἐκ
1403 731 1515 786 γενέ-

30 820 134 854 σεως
165 801 326 861 ὁρῶμεν
356 801 542 860 τυφλοὺς
568 798 840 856 ἀναισθήτως
867 799 1167 855 διακειμένους,
1201 797 1324 848 εἴτις
1358 798 1515 850 admi-c,-

0 874 76 924 οἶς
95 871 331 930 χρωμάτων
350 873 499 929 κρίσεις
521 871 680 926 καλοίη.
717 871 785 913 καὶ
805 871 840 913 εἲ
858 869 918 926 μὴ
948 866 1181 925 ἀλγηδόνας
1211 865 1394 912 ὀδόντων
1412 866 1514 912 {mg-

27 943 143 998 μεινέ
158 959 243 996 τις,
283 941 359 986 οὐκ
386 940 439 985 ἂν
460 941 588 984 ἄλλου
608 938 842 996 πάσχοντος
867 936 1140 996 συναλγῆσειε.
1178 940 1246 981 καὶ
1267 939 1303 981 εἴ
1317 938 1376 994 μὴ
1402 939 1552 997 &gil-c

28 1013 139 1070 γωσέ
158 1029 220 1062 τις
243 1011 472 1070 περιτυχὼν
492 1010 604 1068 ἀκμῇ
621 1014 824 1066 χειμῶνος
839 1008 1019 1066 γυμνὸς,
1057 1007 1134 1052 οὐκ
1152 1006 1204 1050 ἰίν
1227 1024 1327 1050 ποτε
1348 1007 1515 1066 ῥιγούν-

28 1099 114 1126 των
144 1080 294 1138 ἔτέρων
315 1077 535 1125 αἶ’σθοιτο.’
568 1084 720 1136 χρῆναι
742 1078 822 1137 γὰρ
846 1076 1077 1135 ἀνάμνησίν
1097 1095 1190 1121 τινα
1219 1079 1410 1134 γίνεσθαι
1444 1080 1513 1122 καὶ

29 1150 248 1210 ἀναφορὰν
268 1150 348 1210 ἀφ’
372 1148 558 1194 ἑκάστων
578 1147 635 1200 ὥς
652 1148 758 1206 παρ’
783 1148 1015 1206 ἀρχέτυπον
1032 1148 1081 1192 τὸ
1102 1145 1410 1205 προπεπονθός.
1458 1150 1514 1200 εἷς
1536 1159 1583 1210 Y.
1596 1160 1667 1198 531

0 1221 82 1278 561)
100 1225 275 1265 τοιαῦτα
301 1217 558 1279 πραγμάτιον
583 1217 762 1277 ναυάγια
791 1220 860 1262 καὶ
883 1217 1009 1269 αὐτὸς
1037 1216 1225 1273 ἐμπεσών
1257 1217 1335 1268 τὰς
1361 1218 1516 1263 ἐκείνου

29 1290 174 1350 φωνὰς
200 1289 377 1349 ἀφίημι,
420 1289 689 1348 καιριωτέρας
719 1288 795 1332 οὐκ
822 1288 926 1345 ἔχων
953 1285 1107 1346 εὖρεῖν·
1143 1288 1211 1330 καὶ
1242 1284 1398 1343 ὅμοίως
1425 1289 1515 1331 ἐπι-

26 1364 194 1416 βοῶμαι
219 1360 349 1414 θεὸν,
380 1359 593 1412 ἐξελέσθαι
624 1376 677 1415 με
708 1362 901 1416 πονηρῶν
940 1360 1008 1401 καὶ
1038 1355 1229 1415 γλώσσης
1267 1358 1412 1408 δολιάς
1442 1360 1555 1404 atain

28 1431 310 1488 συκοφαντίας
332 1427 572 1487 ἀνθρώπων
592 1431 661 1472 καὶ
682 1428 731 1472 οὗ
752 1430 929 1486 θηρίων.
966 1429 1101 1485 θηρία
1116 1428 1193 1482 μὲν
1213 1425 1293 1485 γὰρ
1317 1424 1423 1483 αἷμα
1443 1430 1514 1471 καὶ

26 1498 163 1558 σάρκα
188 1500 319 1544 ἐσθίει
331 1533 346 1554 ,
383 1493 498 1544 οὗτοι
518 1499 564 1542 δὲ
581 1498 759 1553 μυελοὺς
778 1500 996 1541 δαπανῶσι
1020 1500 1183 1553 ψυχῶν.

0 1590 18 1625 D
129 1577 181 1638 γ’.
212 1581 339 1624 Ἀλλὰ
378 1580 458 1638 γὰρ
497 1578 659 1625 τούτων
697 1578 832 1630 οὕτως
870 1575 1072 1634 ἐχόντων,
1108 1577 1255 1634 συχναὶ
1284 1582 1556 1636 παρῆλθονΒ

26 1651 184 1694 ἐκεῖθεν
203 1647 352 1708 ἡμέραι
366 1683 380 1704 ,
409 1651 478 1694 καὶ
503 1648 525 1694 ὅ
554 1647 813 1708 πατριάρχης
831 1642 927 1705 ἧκεν
946 1646 1047 1704 ἡμῖν
1062 1661 1073 1672 ·
1109 1646 1185 1691 οὐκ
1204 1645 1307 1701 οἶδ’,
1341 1647 1419 1691 εἴτ’
1447 1647 1512 1691 οἷ’-

27 1724 181 1774 κοθεν,
214 1720 293 1764 εἴτε
322 1720 528 1774 βασιλέως
549 1716 900 1778 προστεταχότος·
935 1711 1007 1775 ἧκε
1031 1717 1077 1762 δ’
1099 1712 1200 1762 οὖν·
1231 1714 1407 1776 γράμμα
1432 1718 1516 1773 μὲν.

117 1840 154 1878 4.
177 1840 269 1884 τούς
288 1839 407 1879 πάλαι
430 1840 519 1877 coni.
540 1839 641 1877 Boiv.

27 1956 130 1992 quam
150 1957 266 1981 earum
284 1957 421 1989 rerum,
444 1957 536 1992 quae
562 1947 644 1980 sunt
668 1956 805 1992 quaeve
826 1943 934 1987 finnt,
958 1948 1114 1979 naturam
1134 1942 1237 1978 aliter
1261 1953 1364 1990 posse
1387 1942 1512 1991 explo-

27 1998 105 2027 rate
124 2004 337 2038 cognoscere
348 2017 360 2035 ,
385 1993 454 2027 nisi
468 1993 506 2027 in
525 1993 680 2028 omnibus
698 1997 867 2039 quatenus
889 2002 955 2037 par
978 1996 1034 2026 est
1049 1996 1230 2032 versatus,
1252 1989 1511 2026 convenientem

26 2038 172 2084 singulis
190 2039 363 2074 notionem
380 2050 446 2074 usu
463 2038 530 2074 sibi
551 2037 814 2086 comparaverit.
860 2040 975 2084 Atque
996 2049 1038 2072 ex
1060 2037 1113 2072 his
1132 2038 1192 2082 (ut
1213 2036 1354 2084 opinor)
1376 2037 1510 2083 princi-

26 2084 96 2131 piis
117 2085 221 2120 ducto
250 2090 474 2130 argumento,
499 2085 619 2120 dixere
648 2090 808 2127 veteres,
832 2085 943 2120 simile
973 2084 1074 2119 simili
1095 2084 1322 2120 innotescere.
1367 2083 1408 2118 Si
1431 2083 1512 2130 quis

25 2137 192 2177 parentes
213 2134 324 2167 morte
352 2131 506 2167 sublatos
536 2144 603 2166 non
629 2132 804 2174 amiserit,
831 2131 862 2167 is
879 2131 1027 2167 vicinum
1047 2130 1213 2166 eiusmodi
1239 2142 1322 2166 casu
1341 2130 1510 2166 afflictum

26 2178 187 2221 intuens,
212 2191 288 2214 eum
309 2177 371 2225 qui
390 2179 471 2214 huic
490 2178 678 2214 calamitati
699 2178 862 2214 convenit
876 2190 1012 2214 sensnm
1032 2190 1099 2213 non
1115 2177 1279 2221 habebit,
1301 2189 1366 2212 nec
1390 2189 1510 2213 veram

26 2225 256 2270 cognitionem
282 2231 510 2271 assequetur3
534 2226 597 2260 sed
625 2237 666 2261 eo
691 2225 728 2260 in
756 2225 850 2260 luctu
878 2225 1009 2261 doloris
1029 2236 1154 2272 expers
1174 2235 1352 2260 mansurus
1371 2230 1444 2267 σείς
1467 2227 1512 2258 nt

26 2282 87 2305 eos
104 2272 165 2317 qui
184 2273 281 2307 coeci
303 2278 387 2307 sunt
412 2284 435 2306 a
459 2277 603 2315 natura,
625 2272 656 2306 si
678 2273 723 2307 ad
742 2272 978 2308 diiudicandos
1005 2273 1139 2308 colores
1159 2271 1392 2314 advocentur,
1415 2270 1509 2305 nullo

25 2329 144 2352 eorum
163 2330 265 2353 sensu
286 2318 378 2354 affici
399 2319 571 2354 videmus.
617 2318 702 2354 Pari
718 2319 838 2361 modo,
862 2319 929 2354 nisi
957 2318 1036 2366 quis
1058 2318 1211 2354 dentium
1230 2318 1365 2353 dolores
1385 2322 1510 2363 pertn-

25 2363 126 2406 lerit,
150 2365 261 2400 altero
280 2365 420 2400 dolente
438 2377 506 2400 non
520 2364 710 2401 indolebit:
732 2365 799 2400 nisi
824 2365 1020 2402 acutissimo
1037 2365 1157 2401 hiemis
1174 2364 1298 2411 frigori
1316 2364 1430 2400 nudus
1444 2374 1510 2397 ex-

25 2410 161 2457 positus
182 2412 393 2458 obriguerit,
417 2412 563 2448 alienum
582 2412 696 2458 frigus
713 2424 781 2447 non
798 2412 936 2448 sentiet.
978 2414 1131 2460 Oportet
1148 2411 1279 2458 quippe
1301 2409 1453 2456 singulos
1469 2408 1508 2443 id

24 2456 118 2503 quod
136 2464 216 2493 ante
236 2459 331 2504 passi
350 2464 431 2493 sunt
446 2459 641 2502 reminisci,
667 2463 702 2494 et
722 2459 868 2494 animum
885 2471 926 2495 eo
944 2460 1098 2502 referre,
1122 2463 1283 2505 tanquam
1301 2457 1345 2492 ad
1363 2455 1507 2502 primun

23 2502 166 2548 aliquod
193 2505 377 2551 exemplar.
431 2505 558 2553 Itaque
585 2511 621 2541 et
642 2517 729 2552 ego,
753 2505 868 2551 quiin
893 2505 1018 2542 similia
1044 2517 1159 2541 rerum
1183 2503 1367 2548 naufragia
1385 2501 1506 2544 incidi,

22 2550 182 2595 quoniam
199 2550 307 2586 nullas
325 2551 463 2587 invenio
482 2563 587 2588 voces
614 2553 695 2588 huic
717 2552 865 2598 tempori
886 2552 1206 2595 convenientiores,
1229 2562 1288 2586 eas
1308 2550 1402 2596 ipsas
1421 2559 1506 2594 pro-

21 2595 111 2638 fero,
135 2595 260 2642 quibus
276 2597 336 2632 ille
355 2610 439 2633 usus
459 2603 533 2642 est3
557 2603 594 2636 et
615 2599 727 2635 Deum
744 2599 877 2645 pariter
898 2599 1085 2635 inclamans
1104 2610 1212 2645 rogo,
1236 2600 1275 2632 ut
1294 2599 1392 2630 eruat
1411 2606 1465 2630 me
1482 2605 1508 2629 a

21 2642 204 2723 ³21ng,
227 2643 442 2726 {tezgngua
460 2645 580 2681 dolosa
589 2671 608 2701 ‚·
625 2651 663 2682 et
680 2645 898 2728 atcalumngis
915 2646 1123 2728 hominnmtur
1133 2643 1304 2726 Ιιιίιιξιίξὲιιᾞ
1320 2641 1418 2735 ἷξες
1432 2651 1506 2723 :¹2¹2

78 2701 188 2725 arum
374 2703 1141 2736 emmsanumeecarmusvcscun3

20 2733 134 2771 dullas
153 2736 342 2772 animarum
359 2704 577 2774 consumuntg.

113 2793 150 2830 8.
176 2793 276 2830 Haec
293 2806 370 2833 cum
386 2794 437 2832 ita
461 2809 500 2831 se
525 2796 715 2839 haberent,
737 2795 854 2832 multis
870 2807 916 2832 ex
934 2807 977 2831 eo
993 2795 1115 2832 diebus
1133 2793 1282 2841 elapsis,
1304 2790 1504 2840 patriarcha

21 2838 69 2875 nd
88 2851 152 2875 nos
178 2840 296 2878 venitt
317 2847 433 2879 utrum
458 2855 525 2880 sun
546 2848 691 2892 sponte,
719 2854 765 2880 an
788 2841 1006 2892 imperatoris
1026 2842 1144 2885 iussn,
1166 2840 1306 2878 nesciet
1328 2842 1503 2876 caeterum
