1754 3164
586 146 1058 193 ANNOTATIONES.
1438 141 1462 187 1
1469 140 1535 188 27
1545 142 1567 186 1

153 255 251 308 Pag·
282 253 386 303 684,
420 257 487 298 17.
546 257 726 296 Σκυθῶν
743 250 937 310 ἡγεμόνι]
969 254 1025 292 De
1046 251 1191 306 quibus
1211 251 1373 306 quidem
1394 251 1567 306 Scythis,

35 311 222 364 pluribus
243 313 320 363 egit
338 318 451 364 parte
470 311 499 350 Ι.
519 312 590 352 lib.
610 313 659 351 ΙΙ.
683 326 767 365 cap.
790 311 829 354 4.
886 324 1059 351 DUGANG.

151 372 244 422 Pag.
275 369 380 419 685,
414 372 480 412 13.
525 367 642 425 ’Ἀρτι
660 371 799 412 τοίνυν
824 366 1078 424 θρασύτερον
1106 369 1205 416 etc.]
1237 367 1448 407 Cantacuz.
1468 367 1567 408 ibid.

33 438 122 477 pag·
147 429 242 469 812.
287 440 464 466 nucime-
1208 426 1211 430 ⁴

150 486 246 536 Pag-
277 486 379 533 686,
412 487 477 526 17.
514 486 697 536 Μακροῦ
713 481 859 536 μεταξύ
877 481 1157 539 τριβομένου]
1173 481 1342 522 Biennio
1359 481 1566 521 continen-

31 546 95 579 ter
117 540 316 579 obsessam
340 540 516 593 Capham
542 542 682 581 scribit
705 542 916 581 Cantacuz.
972 555 1143 580 numne.

149 601 242 650 Peg.
274 601 379 648 688,
412 601 450 640 1.
516 599 692 652 Τοῦζον]
723 598 784 638 lta
801 613 962 640 rursum
982 599 1208 652 appellatur
1226 596 1298 637 lib.
1311 595 1402 637 XV.
1422 609 1508 648 cap.
1523 597 1563 637 6.

27 654 86 700 ‚At
115 657 203 707 quis
230 655 298 693 hic
328 655 491 694 Tuzus'?
534 657 671 708 Neque
692 657 797 696 enim
826 656 903 695 hac
932 662 1167 709 tempestate
1191 655 1353 693 Genuae
1375 653 1464 692 Dux
1488 652 1567 691 suit

30 711 107 750 hac
133 713 454 762 nomenclatura,
485 714 555 752 sed
577 715 713 752 Simon
733 715 984 766 Boeanegra,
1016 714 1085 766 qui
1111 714 1265 766 primus
1295 711 1346 750 ad
1368 709 1474 749 hanc
1497 710 1564 748 di-

30 770 218 822 gnitatem
239 771 411 809 eductus
443 771 540 821 fuit,
572 771 697 823 pulsis
721 771 945 821 nobilibus,
978 785 1095 824 quem
1117 772 1286 823 Σίμωνα
1308 764 1565 820 Μπουκανή-

29 843 130 882 γραν
152 834 275 867 vocat
293 827 387 867 loco
408 828 571 867 laudato
593 829 912 879 Cmtacuzenus,
945 828 1145 881 quomodo
1167 828 1285 867 etiam
1303 826 1469 865 Ioannes
1483 825 1564 864 Vil-

28 885 168 924 laneus
193 885 264 924 lib.
296 885 368 925 XI.
400 899 487 938 cap.
520 890 613 929 101.
653 886 839 936 Bizarus‚
878 893 918 926 et
946 887 1092 926 caeteri
1131 884 1400 924 Genuensium
1428 896 1564 923 rerum

29 943 262 995 scriptores.
290 956 467 984 DUGANG.
529 944 727 995 Gregoras
747 944 960 997 proprium
988 945 1069 983 viri
1092 957 1235 983 nomen
1259 955 1344 981 esse
1374 940 1562 992 credidit,
1594 966 1598 970 ι

29 1000 140 1052 quod
162 1006 247 1039 erat
272 1000 486 1052 dignitatis.
545 1001 605 1040 Ex
629 1001 773 1040 Italico
798 1001 911 1056 Doge
940 1002 1091 1041 sactum
1122 1007 1181 1041 est
1211 1014 1233 1039 a
1267 999 1429 1038 Graecis
1463 1001 1563 1040 Τοῦ-

29 1060 106 1107 ζος.
139 1057 240 1098 Nam
263 1058 405 1097 Graeci
425 1065 580 1097 mutant
600 1059 815 1111 aliquando
841 1060 869 1098 d
898 1059 942 1097 in
968 1076 990 1100 τ
1010 1066 1050 1099 et
1068 1074 1093 1111 g
1111 1060 1154 1098 in
1174 1061 1204 1108 ζ.
1261 1069 1418 1097 Boxvm.

145 1118 241 1169 Pog-
272 1119 375 1166 688,
406 1119 445 1158 2-
503 1112 571 1157 Ἐκ
597 1115 820 1170 μακέλλης]
852 1115 909 1155 Di
940 1115 1116 1156 mediani
1147 1115 1195 1155 de
1224 1111 1397 1170 popolo,
1427 1112 1562 1165 inquit

27 1171 242 1214 Villaneus.
272 1194 276 1198 =
300 1187 476 1215 nummo.

140 1228 306 1269 Ibidem.
367 1227 455 1284 Πρό
474 1245 518 1285 γε
540 1231 658 1272 δυοῖν
676 1235 764 1272 τοῖν
784 1229 1001 1283 ἐνιαυτοῖν]
1032 1229 1150 1268 Anno
1168 1227 1496 1268 MCCCXXXIX.
1517 1235 1562 1268 ut

26 1286 140 1325 aiunt
158 1287 282 1327 iidem
302 1287 506 1327 Villaneus
532 1294 571 1327 et
588 1289 767 1329 Bizarus.
797 1302 974 1329 Ducum.
1007 1284 1096 1341 Πρό
1114 1302 1158 1342 γε
1179 1287 1296 1328 δυοῖν
1319 1290 1408 1328 τοῖν
1430 1284 1562 1326 ἐνιαυ-

24 1343 136 1396 τοῖν]
168 1344 245 1385 An.
268 1344 360 1385 Chr.
379 1346 708 1388 MCCCXXXIX.
732 1360 866 1386 mense
882 1345 1109 1399 Septembri
1131 1350 1315 1384 exeunte.
1345 1344 1455 1383 Ioan.
1475 1342 1562 1382 Vil-

23 1401 103 1441 lan.
126 1402 197 1443 lib.
219 1404 290 1442 XI.
311 1417 398 1456 cap.
419 1407 510 1446 101.
569 1417 718 1444 BOIVIN.

141 1463 237 1514 Pag.
268 1463 372 1511 688,
402 1461 442 1504 4.
499 1457 761 1514 Σπινούλαν]
811 1461 847 1500 [s
888 1466 948 1500 est
986 1461 1179 1499 Galeotus
1214 1457 1392 1512 Spinola.
1428 1456 1558 1496 Bizar.

22 1530 196 1556 nucaxe.

135 1573 298 1616 Ibidem.
358 1571 610 1629 Σερτώριον]
643 1574 806 1614 Auriam
825 1575 892 1615 hic
909 1576 1013 1615 male
1036 1574 1230 1626 designat,
1261 1586 1379 1626 quem
1394 1572 1558 1612 Dorium

22 1632 143 1684 vulgo
176 1638 335 1672 vocant.
395 1633 696 1672 Cantacuzenus
730 1634 820 1673 loco
853 1633 1019 1672 laudato
1047 1633 1096 1671 de
1136 1633 1292 1682 Pagano
1325 1630 1472 1680 Auria,
1514 1629 1558 1670 ἐκ

20 1692 97 1730 τοῦ
113 1692 196 1731 τῶν
212 1686 357 1743 Ὀρίων
375 1688 529 1743 γένους.
565 1691 604 1729 Is
627 1690 828 1730 Antonius
858 1691 984 1730 Auria
1010 1689 1159 1730 dicitur
1180 1689 1337 1730 Bizaro.
1379 1701 1554 1727 nocane.

24 1747 245 1799 Gregnrns,
269 1753 315 1786 ut
338 1761 390 1787 ex
421 1748 560 1787 Italico
589 1762 659 1787 seu
684 1749 840 1788 Gallico
861 1748 994 1802 Doge,
1033 1749 1206 1796 Τοΰζον,
1239 1748 1297 1785 ita
1324 1758 1374 1784 ex
1398 1745 1556 1783 Gallico

23 1802 110 1843 Sire
134 1804 269 1852 Dor-ie,
302 1805 367 1845 vel
391 1819 441 1845 ex
462 1806 602 1845 Italico
627 1810 779 1847 Messer
795 1806 943 1856 Doria‚
972 1801 1201 1860 Σερτώριον
1230 1802 1339 1843 fecit.
1368 1815 1527 1842 1³01vm.

137 1877 232 1928 Pag.
263 1878 368 1925 688,
401 1879 467 1919 12.
529 1874 612 1916 Καὶ
631 1876 783 1930 γίνεται
804 1873 903 1925 dode}
931 1873 1085 1928 ἕτερος]
1116 1874 1285 1913 Ioannes
1306 1872 1460 1923 Morta,
1489 1870 1555 1910 Bi-

20 1944 137 1984 zar03
171 1933 259 1974 Gio.
284 1933 334 1972 de
352 1933 603 1982 Monterena,
636 1933 815 1972 Villaneo
839 1933 908 1974 lib.
925 1932 1015 1973 XII.
1038 1945 1126 1984 cap.
1148 1934 1215 1974 36.
1253 1941 1430 1970 DUCANG.

137 2004 229 2056 Pag·
262 2005 344 2046 688
354 2033 366 2053 ‚
399 2004 465 2045 13.
521 1999 590 2052 Ἐξ
615 1998 808 2054 εὐτελῶν]
839 2001 985 2053 Immo,
1016 2001 1051 2040 si
1070 2001 1216 2040 Bizaro
1245 1998 1358 2050 fides,
1386 1997 1554 2052 patricii

20 2057 175 2098 ordinis
194 2060 274 2099 vir.
332 2073 511 2098 nucum.

136 2129 232 2180 Pag.
265 2130 369 2180 688,
403 2132 469 2171 17.
527 2127 763 2182 Αἰγυπτίων
783 2157 794 2168 .
813 2159 824 2170 .
842 2158 851 2168 .
871 2124 1088 2181 ἡγεμόνος]
1120 2126 1180 2166 An
1210 2127 1244 2165 is
1266 2125 1455 2165 Sultanus
1475 2124 1551 2164 Ae-

18 2184 180 2237 gyptius
189 2214 202 2233 ,
240 2185 353 2225 cuius
375 2185 544 2239 epistola
569 2185 619 2224 ad
645 2186 963 2224 Cantacuzenum
982 2186 1262 2239 imperatorem
1284 2184 1433 2236 scripta
1455 2182 1550 2233 legi·

17 2249 87 2281 tur
111 2241 218 2295 apud
248 2243 416 2283 eundem
436 2243 502 2284 lib.
526 2243 632 2282 le.
655 2257 704 2281 an
727 2242 833 2281 filius
862 2242 991 2292 illius,
1021 2243 1135 2282 cuius
1162 2241 1229 2280 hic
1256 2241 1366 2294 apud
1396 2241 1550 2289 Grego-

16 2312 103 2338 ram
124 2300 294 2351 mentio,
326 2301 537 2342 incertum.
598 2301 713 2340 Certe
734 2299 834 2339 haec
854 2300 1024 2353 epistola
1050 2300 1198 2353 scripta
1227 2299 1377 2338 dicitur
1400 2295 1547 2335 DCCL.

19 2370 123 2395 anno
151 2357 384 2410 mahometi,
426 2359 496 2411 qui
527 2364 589 2398 est
619 2358 767 2397 Christi
797 2357 1079 2396 MCCCXLIX.
1102 2356 1272 2411 proinde
1305 2355 1426 2408 paulo
1455 2357 1548 2405 post

16 2412 163 2454 haecce
184 2421 387 2470 tempora,
416 2417 459 2455 in
489 2430 590 2470 quae
618 2430 661 2455 ea
681 2429 783 2469 quae
810 2413 879 2453 hic
907 2421 1121 2455 narrantur
1141 2414 1341 2454 incidunt.
1371 2422 1545 2450 nocane.

134 2486 229 2537 Pag.
253 2488 360 2535 6882,
390 2489 457 2530 21.
516 2484 599 2525 Καὶ
627 2485 776 2539 οἱπερὶ
795 2481 1074 2525 τόν”Ατλαντα
1103 2482 1202 2535 etc.]
1233 2483 1288 2520 De
1314 2480 1546 2542 Maurornm

15 2539 93 2580 hac
111 2547 346 2593 tempestate
366 2543 409 2582 in
430 2542 661 2595 Hispaniam
689 2541 945 2596 expeditione
975 2542 1135 2594 copiose
1165 2540 1244 2591 egit
1266 2539 1372 2575 Ioan.
1397 2535 1543 2574 Mana-

15 2612 67 2636 na
86 2598 158 2639 lib.
184 2599 288 2637 XVI.
315 2614 403 2652 cap.
435 2603 476 2642 6.
507 2606 546 2639 et
569 2614 680 2653 seqq.
742 2599 947 2649 Quaedam
976 2600 1093 2640 etiam
1117 2596 1247 2648 attigit
1272 2594 1439 2633 Bizarus
1467 2590 1545 2630 sub

16 2669 77 2694 an.
100 2655 380 2699 MCCCXLVI.
430 2671 607 2697 nocane.

132 2727 228 2778 Pag.
263 2727 365 2775 689,
394 2729 435 2767 2.
495 2725 578 2766 Καὶ
606 2725 819 2779 Βρεττανοὶ
840 2722 883 2766 δ’
905 2723 1076 2779 ὁμοίως]
1109 2723 1199 2771 Quo
1225 2721 1317 2758 loco
1346 2718 1542 2768 Gregoras

14 2781 142 2834 tangit
159 2781 380 2834 Anglorum
410 2782 452 2820 in
479 2783 647 2822 Galliam
679 2783 901 2835 ingressum
927 2782 1001 2822 sub
1026 2794 1171 2821 annum
1192 2774 1467 2818 MCCCXLvl.
1494 2785 1541 2811 ac

14 2840 210 2891 praelium
241 2839 485 2879 Greciacum.
544 2853 713 2879 numne.
