1794 3172
230 148 333 196 734
628 153 946 199 NICEPHORI
974 150 1298 196 GREGORAE

9 273 47 306 A.
65 272 110 305 M.
128 271 219 307 6853
230 264 303 308 τὸν
324 261 491 321 τρόπον.
553 262 651 324 (H.)
686 263 798 320 Πρίν
827 279 881 318 γεΚ
901 261 984 318 μὴν
1006 262 1208 317 αἴσθησιν
1230 264 1305 304 τοῦ
1327 257 1541 319 δράματος
1566 260 1720 319 ἐγγενέ-

55 320 123 352 lnd.
139 319 338 398 13Βσθαι
361 341 448 384 τοῖς
472 333 548 385 ἔξω
561 367 573 386 ,
612 332 743 387 δεσμὰ
772 329 909 375 πάντα
942 333 1009 374 καὶ
1043 330 1205 380 κλοιοῦς
1230 330 1270 373 οἳ
1294 332 1503 386 δεσμῶται
1525 330 1721 389 ῥήξαντες

101 411 222 448 V.373
234 407 290 455 εἰς
319 404 395 459 τὴν
427 407 502 446 τοῦ
532 401 756 456 πτώματος
785 401 891 445 θέαν
912 400 1016 456 μετὰ
1049 398 1187 456 πάσης
1209 400 1423 451 ἐπεξέθεον
1451 399 1629 457 ἡδονῆς,
1669 402 1717 446 οὗ

230 480 346 530 μεῖον
369 474 587 515 διακοσίων
607 469 882 528 ὑπάρχοντες·
921 464 978 513 ὧν
1008 468 1064 520 εἷς
1085 487 1148 520 τις
1169 467 1383 529 σκεπάρνῳ
1401 476 1617 530 τεκτονικῷ
1640 473 1719 531 (ξί-

231 560 313 602 φος
331 542 408 599 γὰρ
426 541 574 597 ἥκιστα
592 540 746 598 παρῆν)
775 546 848 584 τοῦ
875 544 1022 583 λοιποῦ
1051 539 1126 595 τὴν
1155 539 1337 598 κεφαλὴν
1359 539 1612 598 ἀφελόμενος
1633 540 1750 588 ‹mi—5

230 629 364 668 ματος
401 612 465 654 ἐπὶ
496 615 572 666 τῆς
595 609 799 662 ε’πάλξεως
832 609 1024 665 ἔστησεν,
1065 608 1170 653 ὥστε
1205 611 1443 667 καταφανὲς
1460 610 1654 667 γενέσθαι
1672 611 1720 655 τὸ

232 684 373 738 δρᾶμα
403 682 471 724 καὶ
502 685 603 723 πᾶσι
633 687 720 731 τοῖς
747 680 901 732 ἔξωθεν
920 679 1001 735 ἤδη
1033 679 1148 737 παρὰ
1168 679 1219 722 τὰ
1239 680 1349 735 τείχη
1370 680 1615 736 ποταμηδόν
1636 682 1722 724 εἷσ-

232 752 368 807 ρέουσι
394 748 562 806 δήμοις·
602 749 717 794 ὥσθ’
742 749 830 793 ὅσοι
849 750 924 805 μὲν
944 749 1056 807 αὐτῷ
1078 749 1186 792 κατὰ
1204 749 1319 806 γε’νος
1338 748 1364 805 ἢ
1385 750 1492 793 καθ’
1518 748 1721 809 ἑταιρείαν

193 819 307 866 Οεῗεν
337 818 614 879 προσήκοντες
640 820 784 875 μηκέτι
825 826 962 862 πονεῖν
1001 817 1184 874 ἀνήνυτα
1206 853 1220 872 ,
1262 817 1398 875 πάσης
1430 819 1576 871 τελέως
1622 824 1722 875 offe—-

230 892 405 946 σθείσης
425 894 499 933 τοῦ
524 892 594 948 ζῇν
618 891 765 933 ἐκεῖνον
791 889 976 940 ἐλπίδος·
1015 887 1105 933 ὅσοι
1126 889 1168 932 δ’
1194 888 1390 945 ἀπεχθῶς
1413 887 1521 945 εἶχον
1542 885 1594 932 αὗ
1616 890 1720 947 πρὸς
1734 902 1778 936 10

230 961 380 1004 ἐκεῖνον
390 993 405 1014 ,
443 958 617 1010 τούτους
638 962 663 1002 δ
671 959 683 975 ’
707 959 922 1018 ἐρρῶσθαι
939 958 1016 1009 τὰς
1035 960 1240 1011 διανοίας,
1279 961 1347 1002 καὶ
1367 967 1596 1015 συμμαχεῖν
1618 959 1721 1011 ἔξω·

229 1034 310 1073 θεν
330 1030 459 1080 ἀδεῶς
480 1037 566 1080 τοῖς
586 1029 757 1073 ἔνδοθεν
774 1027 877 1086 ὑπὲρ
897 1033 973 1085 τῆς
996 1033 1134 1085 κοινῆς
1154 1030 1395 1086 ἐλευθερίας
1414 1029 1717 1086 ἠγωνισμένοις.

231 1099 368 1143 ἔπειτα
400 1097 598 1150 διελόντες
629 1097 803 1149 ἑαυτοὺς
832 1101 889 1150 εἷς
923 1096 1058 1150 τάξεις
1088 1101 1155 1142 καί
1188 1101 1340 1157 μοίρας
1364 1099 1439 1155 τὴν
1469 1103 1553 1143 τῶν
1580 1103 1721 1143 πυλῶν

196 1167 342 1224 Βὸμοῢ
365 1171 433 1212 καὶ
462 1167 665 1220 ἐπάλξεων
690 1170 877 1224 διέλαχον
899 1167 1102 1227 φυλακήν.
1161 1167 1259 1228 (Θ.)
1295 1168 1508 1226 Μέγιστον
1533 1169 1575 1212 δ’
1608 1168 1722 1224 ὅμως

227 1237 389 1296 ὑπῆρχέ
409 1256 547 1297 σφισιν
577 1237 774 1294 ἐμπόδιον
809 1241 865 1290 εἰς
902 1238 979 1295 τὴν
1009 1244 1085 1296 τῆς
1114 1236 1356 1297 παραδόξου
1381 1240 1556 1296 ταυτησὶ
1581 1257 1719 1295 σωτη-
1734 1249 1778 1286 15

231 1310 324 1367 ρίας
351 1309 647 1366 συντηρητικὴν
678 1307 835 1353 ἑαυτῶν
870 1307 1044 1365 δύναμιν
1075 1307 1102 1366 ἥ
1138 1326 1182 1352 τε
1203 1313 1286 1352 τῶν
1309 1309 1413 1366 πρὸς
1431 1309 1478 1352 τὸ
1503 1311 1573 1367 ζῇν
1592 1296 1722 1366 ἀναγ-

229 1380 359 1422 καίων
388 1377 534 1429 σπάνις
561 1381 628 1424 καὶ
661 1376 686 1435 ἡ
721 1383 805 1422 τῶν
840 1377 978 1423 ὅπλων
1009 1396 1053 1422 τε
1082 1380 1150 1422 καὶ
1180 1383 1266 1422 τῶν
1299 1379 1565 1437 ἀμυντηρίων
1587 1383 1722 1433 βελῶν

228 1446 374 1492 ἔνδεια.
414 1448 462 1491 οὗ
494 1449 573 1507 γὰρ
609 1447 715 1504 εἶχον
745 1447 848 1492 ὅθεν
882 1450 926 1492 ἐκ
946 1453 1020 1493 τοῦ
1043 1453 1301 1507 παραχρῆμα
1325 1449 1460 1510 ῥᾷστα
1480 1450 1722 1504 κομίσονται

227 1517 282 1560 τὰ
310 1522 384 1574 τῆς
409 1519 574 1575 χρείας,
612 1517 927 1576 ἀπροσδόκητον
957 1517 1233 1575 σχεδιασάσης
1261 1523 1335 1575 τῆς
1366 1517 1644 1577 περιστάσεως
1671 1518 1720 1562 τὸ

228 1587 431 1645 πραχθέν.
470 1587 583 1643 ὅμως
607 1593 682 1645 τῆς
702 1589 849 1640 νυκτὸς
870 1587 1063 1645 ἐπιούσης
1082 1590 1247 1644 ἐκείνης,
1286 1590 1354 1632 καὶ
1373 1587 1541 1632 πάντων
1559 1590 1721 1632 ἐκείνων
1733 1602 1779 1637 20

186 1668 220 1703 E
234 1657 275 1700 ἓν
298 1656 397 1715 ζάλῃ
420 1659 488 1700 καὶ
507 1660 701 1719 τρικυμία
722 1662 928 1715 λογισμῶν
948 1657 1222 1716 ὑπαρχόντων
1240 1660 1434 1720 μεγίστῃ,
1459 1653 1530 1715 ἧκε
1550 1657 1723 1716 τριήρης

229 1727 274 1769 ἐκ
299 1730 382 1770 τῶν
414 1725 609 1771 Γαλάτου
639 1730 732 1786 περὶ
757 1730 888 1785 με’σας
914 1746 996 1772 που
1020 1727 1195 1782 νύκτας,
1235 1730 1279 1772 ἐκ
1307 1733 1382 1772 τοῦ
1413 1730 1619 1786 παραλίου
1640 1730 1722 1771 ‘cel-

227 1813 330 1851 χους
359 1799 582 1852 κομίζουσα
614 1796 779 1850 τούτοις
813 1798 941 1858 ἄρτον
974 1800 1043 1842 καὶ
1071 1797 1206 1853 οἶνον,
1245 1801 1314 1842 καὶ
1337 1797 1418 1843 ὅσα
1438 1798 1486 1843 τὸ
1510 1803 1587 1854 τῆς
1609 1796 1724 1857 ὥρας

231 1934 406 1965 carentur.
451 1931 502 1966 Et
520 1931 607 1967 haec
634 1932 769 1979 quidem
792 1933 831 1968 in
849 1933 940 1968 hunc
960 1933 1093 1968 modum
1114 1935 1215 1978 gesta
1232 1934 1322 1966 sunt.
1370 1932 1507 1977 (VIII.)
1532 1933 1721 1967 Caeterum

230 1981 414 2021 antequam
432 1977 518 2012 foris
545 1980 723 2026 quisquam
745 1981 959 2027 tragoediam
977 1981 1069 2015 illam
1098 1979 1345 2026 persensisset,
1368 1981 1482 2025 ruptis
1506 1980 1660 2014 omnibus
1685 1985 1722 2013 et

231 2022 379 2059 vinculis
400 2028 436 2058 et
451 2026 599 2068 catenis,
625 2027 770 2062 maxima
787 2040 865 2062 cum
884 2028 1064 2073 voluptate
1085 2027 1129 2062 ad
1148 2025 1326 2061 cadaveris
1344 2027 1578 2072 spectaculum
1599 2038 1723 2060 accur·

176 2105 178 2108 y
230 2080 310 2103 rere
329 2069 354 2103 ii
376 2070 434 2116 qui
454 2071 488 2105 in
507 2083 647 2107 carcere
667 2079 785 2116 erant,
824 2076 916 2110 haud
936 2076 1048 2110 minus
1066 2074 1235 2108 (lucentis.
1282 2074 1339 2109 Ex
1356 2074 1480 2119 quibus
1498 2085 1587 2108 unus
1604 2072 1722 2107 fabrili

231 2116 327 2150 ascia
348 2116 491 2160 (etenim
511 2119 601 2153 ensis
620 2120 732 2155 nullus
753 2126 893 2167 praesto
908 2123 1008 2166 erat)
1033 2127 1156 2166 caput,
1182 2121 1226 2155 ab
1244 2120 1387 2166 reliquis
1407 2121 1567 2155 membris
1588 2120 1721 2154 abscis-

235 2173 329 2216 sum,
355 2175 460 2208 super
478 2165 628 2210 fastigiis
652 2179 823 2202 murorum
847 2169 994 2210 statuit3
1018 2180 1087 2214 quo
1107 2168 1325 2202 manifestum
1350 2167 1452 2202 fieret
1479 2167 1564 2201 illud
1585 2168 1722 2201 facinus

234 2219 417 2244 universae
435 2211 663 2255 multitudini,
686 2226 775 2260 quae
800 2216 1016 2250 extrinsecus
1041 2215 1107 2249 iam
1133 2219 1279 2260 propter
1297 2226 1410 2248 muros
1429 2214 1594 2248 torrentis
1611 2214 1723 2247 instar

234 2255 452 2310 confluet->au
477 2263 513 2291 et
532 2263 569 2292 ut
590 2259 616 2293 ii
635 2260 776 2305 quidem
793 2273 921 2304 omnes,
945 2262 1006 2307 qui
1023 2262 1117 2296 illum
1137 2273 1266 2307 genere
1285 2261 1552 2306 contingebant,
1579 2265 1641 2294 aut
1658 2259 1722 2293 ali-

234 2313 301 2346 qua
318 2306 486 2338 sometate
506 2316 581 2339 cum
599 2317 640 2340 eo
661 2308 835 2342 coniuncti
855 2309 1013 2351 fuerant,
1037 2309 1157 2343 labore
1177 2307 1277 2343 irrito
1296 2308 1580 2353 supersederent,
1607 2307 1722 2341 extin-

235 2352 292 2382 cta
310 2360 451 2403 prorsus
471 2351 598 2386 salvum
616 2352 708 2388 illum
728 2355 878 2389 habendi
895 2368 976 2401 spe:
1002 2367 1224 2402 quoscunque
1242 2366 1324 2389 vero
1342 2355 1400 2388 ille
1417 2354 1570 2388 infensos
1589 2354 1722 2387 habue-

234 2399 302 2436 rat,
319 2407 343 2429 ιι
363 2397 474 2432 animo
490 2399 784 2442 confirmarentur,
806 2402 1036 2447 adessentque
1056 2402 1270 2437 extrinsecus
1290 2401 1364 2435 sine
1384 2401 1452 2435 ullo
1471 2406 1562 2434 metu
1581 2400 1636 2441 iis,
1661 2399 1722 2445 qui

234 2451 298 2494 pro
320 2445 486 2478 communi
503 2445 665 2480 libertate
687 2448 927 2482 certavissent.
960 2449 1095 2483 Deinde
1113 2461 1150 2483 se
1170 2448 1207 2482 in
1227 2447 1364 2482 ordines
1383 2452 1419 2481 et
1438 2446 1627 2492 manipulos
1648 2447 1722 2480 dis-

230 2488 435 2532 tribuerunt,
461 2497 702 2538 portarumque
723 2499 759 2528 et
778 2496 1117 2541 propugnaculorum
1133 2495 1319 2529 custodiam
1342 2493 1457 2528 sortiti
1477 2499 1569 2527 sunt.
1618 2493 1722 2537 (lx.)

233 2533 279 2566 At
299 2546 422 2580 magno
439 2537 523 2582 ipsis
543 2538 784 2584 impedimento
803 2547 891 2583 erat,
914 2554 980 2587 quo
995 2543 1104 2576 minus
1123 2542 1215 2575 illius
1231 2541 1430 2586 insperatae
1443 2540 1565 2574 salutis
1582 2551 1723 2574 conset-

232 2580 367 2614 vandae
388 2582 583 2619 facultatem
604 2587 790 2629 haberent,
816 2600 930 2622 eorum
948 2601 1037 2634 quae
1058 2590 1102 2624 ad
1120 2589 1248 2623 victum
1275 2587 1473 2622 necessaria
1491 2594 1571 2621 sunt
1592 2586 1722 2632 inopia,

234 2637 469 2682 armorumque
489 2635 523 2665 et
543 2632 685 2667 telorum
702 2634 827 2679 quibus
846 2647 884 2669 se
899 2635 1127 2670 defenderent
1139 2634 1296 2680 penuria.
1321 2634 1402 2668 Non
1422 2633 1510 2668 enim
1531 2634 1718 2674 habebant,

233 2673 324 2726 uude
350 2674 451 2710 facile
469 2682 504 2710 et
522 2690 542 2712 e
559 2679 709 2724 vestigio
732 2692 774 2715 ea
792 2693 881 2726 quae
900 2682 978 2716 usui
999 2687 1116 2717 essent
1133 2682 1368 2723 deveherent3
1391 2691 1466 2715 cum
1485 2680 1563 2726 ipsa
1584 2679 1721 2714 occasio

233 2718 269 2752 ul
288 2720 379 2765 quod
395 2728 630 2767 perpetratum
651 2731 738 2768 erat,
762 2727 898 2762 minime
917 2729 1217 2774 praemeditatum,
1235 2739 1278 2762 ex
1299 2733 1455 2772 tempore
1476 2727 1723 2771 suggessisset.

233 2765 289 2800 Ea
306 2770 419 2801 tamen
445 2781 533 2814 quae
551 2777 695 2817 sequuta
717 2778 772 2806 est
791 2778 912 2816 nocte,
936 2786 1011 2809 cum
1031 2775 1083 2809 illi
1108 2787 1225 2809 omnes
1246 2774 1282 2808 in
1300 2774 1445 2809 maxima
1461 2773 1725 2819 perturbatione

234 2822 462 2858 curarumque
489 2823 588 2851 aestu
611 2824 857 2861 versarentur,
891 2821 986 2855 venit
1008 2821 1052 2856 de
1073 2822 1271 2856 triremibus
1295 2821 1476 2855 Galataeis
1504 2831 1595 2860 una,
1629 2820 1725 2853 circa
1781 2821 1786 2824 '

233 2859 379 2894 mediam
399 2861 507 2897 ferme
532 2869 687 2907 noctem,
720 2866 766 2900 ab
788 2866 955 2903 maritimo
979 2879 1075 2903 muro
1097 2880 1219 2914 panem
1249 2872 1285 2904 et
1302 2868 1423 2906 ,viuum
1450 2871 1664 2914 apportans,
1688 2870 1726 2900 et
