1794 3172
285 139 419 188 1136
699 140 1014 189 NICEPHORI
1041 139 1369 187 GREGORAE

67 266 106 302 A.
120 267 165 301 M.
182 268 274 305 6859
284 254 462 314 τάνδρὸς
488 248 775 312 μειρακιώδεσιῖ
792 251 1018 305 παιδείαις,
1054 252 1122 294 καὶ
1154 254 1357 295 τοσοῦτον
1384 248 1552 295 οἷ’κοθεν
1589 248 1759 308 ζημιού-

121 313 228 351 ¹¹¹⁰·4
284 343 413 382 μενα,
461 321 560 367 ὅσον
588 326 664 378 τῆς
698 323 854 365 ἐκεῖθεν
878 318 1187 377 μεταλαμβάνει
1217 318 1492 378 φαυλότητος.
1563 320 1638 381 (Ι.)
1673 323 1761 364 Καὶ

285 396 360 450 μὲν
382 393 433 449 δὴ
455 389 597 437 λοιπόν
620 391 729 436 ἔστιν
750 389 862 447 ἡμᾶς
879 388 1199 448 ἀναδραμόντας
1225 391 1350 433 ε’κεῖσε
1379 387 1570 434 δεικνύειν
1597 391 1694 447 περί
1715 408 1758 434 τε

127 473 171 509 Ρ.
194 474 262 511 711
287 468 361 519 τῆς
375 463 493 513 θείας
509 459 782 518 μεταλήψεως
803 462 871 504 καὶ
892 458 982 516 ἅμα
1003 464 1079 503 τοῦ
1102 460 1220 503 θειόυ
1230 460 1530 514 βαπτίσματος.
1566 460 1759 516 ,,με’μνη-

283 537 364 576 σθε
384 532 462 589 γὰρ
496 529 657 590 (σφίσιν
678 529 799 588 ἔφην)
834 527 1011 580 εἰπόντες
1019 562 1032 583 ,
1071 527 1150 572 ὅσα
1171 530 1238 572 καὶ
1256 530 1348 586 περὶ
1368 530 1541 573 τουτωνὶ
1562 533 1621 589 τῷ
1639 527 1786 584 ὗμῶνὸ

283 600 432 660 ἑταίρῳ
456 600 778 657 νενομοθέτηται
808 602 1000 659 Παλαμᾷ
1033 599 1101 641 καὶ
1129 596 1231 656 πρός
1254 616 1298 655 γε
1316 596 1562 655 Ἡρακλείας
1579 603 1638 658 τῷ
1660 597 1760 642 τού-

281 689 356 715 του
387 674 535 730 θερμῷ
567 667 782 727 θιασώτῃ·
820 666 877 719 ὥς
908 665 1117 723 δαιμόνων
1146 668 1206 723 εἴη
1233 672 1451 713 σκοτεινῶν
1479 666 1662 725 εὕρημα,
1699 667 1758 725 μὴ

281 741 358 797 τὴν
382 738 586 798 διάφορον
606 743 682 795 τῆς
703 738 849 789 οὐσίας
879 737 1077 795 ἐνέργειαν
1086 771 1100 791 ,
1138 736 1245 780 ἀλλὰ
1271 737 1347 795 τὴν
1374 738 1496 781 θείαν
1517 736 1617 781 εἶναι
1641 739 1759 792 νομί-

135 816 177 852 V.
194 817 263 855 573
287 812 365 863 ζειν
395 809 541 854 οὗσίαν
570 808 699 865 αὐτὴν
726 807 802 864 τὴν
831 804 1079 864 ἇγιάζουσαν
1105 811 1250 850 ταῦτα.
1297 804 1401 864 μήτε
1427 807 1506 865 γὰρ
1532 807 1607 863 τὴν
1637 808 1759 850 θείαν

245 879 505 938 Βπεφυκὲναι
525 879 705 934 βαδίζειν
727 876 871 920 οὗσίαν
898 877 939 927 ἐς
961 875 1040 920 ὅσα
1066 874 1145 934 ὕφ’
1178 875 1319 933 ἥλιον,
1356 874 1471 932 μήθ’
1499 875 1612 920 ὅσιον
1632 872 1759 927 αὖθις
1772 884 1794 920 1⁴

286 948 388 993 εἶναι
418 946 643 1001 πιστεύειν,
683 945 787 1002 αἷμα
819 948 887 990 καὶ
918 941 1052 1000 σῶμα
1069 943 1142 990 τόν
1171 946 1213 990 τ’
1242 945 1352 990 οἶνον
1381 947 1568 1003 γίνεσθαι
1595 948 1664 990 καὶ
1686 947 1760 990 τὸν

286 1006 413 1076 ἄρτον
442 1018 543 1061 ποτὲ
570 1021 646 1060 τοῦ
675 1019 888 1074 Χριστοῦ·
924 1014 1054 1059 τύπον
1083 1015 1161 1073 γὰρ
1189 1016 1313 1060 ταῦτ’
1346 1013 1447 1060 εἶναι
1478 1016 1628 1059 ἐκείνου
1638 1049 1653 1070 ,
1690 1018 1760 1059 καὶ

286 1087 362 1132 οὐκ
388 1088 536 1130 ἐκεῖνον
568 1083 855 1143 αὖτόχρημα.”
899 1085 1061 1142 μακρὸς
1080 1087 1105 1128 δ
1111 1085 1132 1138 ’,
1152 1084 1202 1128 ἂν
1228 1085 1288 1142 εἴη
1304 1083 1454 1143 χρόνος
1475 1084 1692 1142 μηκύνειν,
1732 1084 1761 1128 ἃ

285 1159 378 1215 περὶ
393 1160 477 1199 τῶν
494 1153 693 1199 τοιούτων
715 1154 838 1198 αὖτοί
851 1172 895 1198 τε
915 1153 1076 1212 ἔφασαν
1099 1156 1167 1198 καὶ
1184 1162 1270 1206 τοῖς
1291 1172 1334 1212 γε
1356 1154 1568 1213 σφετέροις
1586 1155 1761 1198 συνέθε-

281 1242 362 1271 σαν
381 1222 617 1283 γράμμασι·
653 1226 721 1267 καὶ
740 1222 828 1279 ἅμα
846 1223 921 1280 οὔχ
942 1223 1056 1267 ὅσιον
1078 1222 1201 1268 ὁσίων
1221 1224 1385 1282 ἀνδρῶν
1406 1224 1534 1275 ἀκοὰς
1553 1225 1759 1285 ε’μπιπλζὶν
1772 1232 1791 1268 1

282 1294 473 1350 ἀσεβείας
493 1292 721 1350 τοσαύτης·
757 1294 848 1345 ἐξὸν
870 1292 932 1337 ἔνι’
945 1311 988 1350 γε
1007 1298 1064 1353 τῷ
1086 1291 1225 1353 τρόπῳ
1242 1295 1362 1337 ταυτὶ
1381 1294 1628 1351 προεμένους
1657 1295 1761 1337 ἐκεῖ-

244 1374 336 1409 eva
358 1364 567 1417 διεξιέναι,
604 1362 631 1406 ἃ
663 1362 713 1407 ἂν
743 1363 869 1420 λέγων
897 1363 1036 1418 οἴομαι
1062 1370 1148 1414 τοῖς
1170 1363 1224 1407 τὰ
1245 1362 1339 1407 ὅσια
1360 1364 1626 1419 βουλομένοις
1650 1367 1761 1418 λαμ-

284 1438 400 1492 πρῶς
424 1437 675 1491 χαριεῖσθαι.
748 1431 870 1491 (ΙΑ.)
903 1430 952 1476 Ὁ
979 1433 1116 1476 τοίνυν
1142 1433 1186 1475 ἐκ
1214 1434 1449 1488 Δαμασκοῦ
1473 1449 1599 1491 φησιν
1632 1432 1762 1483 εὐθὺς

280 1501 498 1558 Ἰωάννης,
538 1501 600 1546 ὅτι
620 1536 632 1555 ,
638 1499 848 1559 ,καθάπερ
868 1502 932 1544 ἐπὶ
952 1506 1026 1546 τοῦ
1048 1504 1352 1557 βαπτίσματος,
1391 1502 1527 1558 ἐπειδὴ
1551 1501 1651 1552 ἔθος
1673 1509 1761 1553 τοῖς

236 1563 244 1571 ’
282 1569 527 1630 ἀνθρώποις
553 1570 675 1615 ὕδατι
704 1569 906 1615 λούεσθαι
938 1573 1006 1615 καὶ
1037 1572 1160 1632 ἐλαίῳ
1188 1574 1406 1629 χρίεσθαι,
1457 1571 1662 1624 συνέζευξε
1698 1576 1793 1631 τῷὲ

284 1642 408 1700 ἐλαίῳ
426 1642 495 1684 καὶ
513 1639 634 1684 ὕδατι
654 1640 730 1698 τὴν
744 1639 869 1698 χάριν
887 1646 963 1685 τοῦ
985 1639 1215 1696 πνεύματος
1241 1639 1280 1703 [ὃ
1301 1639 1420 1703 θεὸς]
1433 1675 1446 1694 ,
1483 1643 1551 1684 καὶ
1573 1642 1761 1697 ἐποίησεν

285 1710 395 1754 αὐτὰ
424 1710 600 1769 λουτρὸν
632 1708 956 1768 ἄναγεννήσεως,
1006 1709 1138 1762 οὕτως
1165 1712 1249 1754 ἐπεὶ
1275 1710 1376 1763 ἔθος
1404 1717 1491 1762 τοῖς
1518 1708 1763 1769 ἀνθρώποις

375 1823 411 1858 6.
433 1820 487 1868 τῷ
504 1820 583 1857 add.
598 1821 710 1869 Capp.
732 1824 813 1858 ante
828 1818 978 1868 ἹΙρακλ.
1063 1793 1136 1859 119.
1160 1818 1281 1869 ὥσπερ
1300 1822 1357 1858 ed.
1447 1823 1505 1859 22.
1528 1818 1633 1870 αύτῷ
1653 1821 1708 1857 ed.
1752 1853 1754 1855 .

283 1915 340 1948 tes
362 1915 495 1949 tantum
524 1914 561 1951 in
589 1914 686 1949 nobis
706 1913 794 1962 ipsis
819 1913 1014 1950 detrimenti
1032 1914 1225 1960 patiamur,
1250 1917 1412 1961 quantum
1434 1913 1516 1949 inde
1541 1914 1619 1950 vitii
1650 1913 1762 1960 parti-

283 1960 431 2005 cipando
452 1961 734 1997 contraxerimus.
781 1961 866 2006 (X.)
889 1961 938 1996 Et
954 1972 1038 1995 sane
1057 1968 1235 2008 superest,
1260 1967 1298 1996 ut
1316 1962 1359 1996 ad
1380 1961 1594 2007 propositum
1613 1962 1761 2004 reversi,

283 2017 374 2051 quae
391 2005 540 2041 divinam
559 2007 802 2043 Eucharistiae
821 2007 1120 2053 participationem
1137 2020 1177 2043 ac
1200 2009 1350 2042 divinum
1372 2008 1471 2042 simul
1486 2007 1659 2054 Baptisma
1678 2020 1761 2053 spe-

283 2057 395 2094 etant,
413 2052 637 2088 declaremus.
662 2055 774 2096 „Nam
793 2054 880 2098 (illis
899 2054 1050 2098 aiebam)
1070 2054 1270 2089 meministis
1289 2067 1351 2089 vos
1371 2054 1512 2097 dixisse,
1535 2066 1759 2100 quaecunque

283 2097 329 2131 de
348 2097 400 2132 his
417 2098 546 2134 amicus
569 2104 684 2135 vester
705 2100 881 2142 Palamas,
906 2104 942 2135 et
963 2101 1104 2146 insuper
1133 2101 1375 2136 Heracleensis
1401 2101 1607 2146 episcopus,
1631 2103 1760 2135 arden-

283 2143 434 2179 tissimus
463 2144 573 2191 ipsius
603 2146 756 2188 assecla,
779 2150 995 2188 statuerunt;
1021 2158 1042 2181 a
1062 2148 1322 2183 tenebrionibus
1345 2147 1509 2182 videlicet
1535 2148 1761 2181 daemonibus

285 2190 503 2226 adinventam
523 2203 600 2226 esse
619 2193 832 2238 opinionem,
857 2204 924 2238 qua
941 2193 1018 2239 quis
1038 2205 1060 2228 a
1084 2193 1202 2229 divina
1224 2194 1416 2229 substantia
1441 2193 1676 2238 operationem
1693 2205 1762 2228 non

286 2236 478 2282 distingui,
513 2238 573 2272 sed
597 2239 639 2274 ab
666 2239 743 2285 ipsa
760 2237 876 2274 divina
894 2240 1087 2275 substantia
1106 2241 1257 2283 isthaec,
1282 2239 1535 2276 Eucharistiam
1561 2245 1597 2274 et
1618 2240 1763 2285 Baptis-

286 2294 397 2325 mum,
422 2283 630 2320 sanctificari
655 2284 838 2320 existimet.
868 2286 946 2321 Nec
976 2287 1083 2330 enim,
1106 2287 1285 2332 inquiunt,
1312 2286 1430 2321 divina
1451 2286 1648 2320 substantia
1670 2286 1763 2321 eius-

286 2329 379 2364 modi
404 2333 552 2365 naturae
581 2334 655 2372 est,
678 2335 716 2366 ut
741 2331 786 2366 ad
814 2343 855 2365 ea
879 2344 1103 2379 quaecunque
1128 2334 1192 2367 sub
1215 2334 1287 2368 sole
1312 2337 1393 2367 sunt
1414 2332 1618 2367 descendat:
1645 2344 1756 2378 neque

286 2386 406 2410 rursus
423 2376 476 2411 fas
498 2381 553 2411 est
575 2377 736 2420 credere,
761 2377 874 2412 vinum
901 2383 935 2413 et
963 2391 1083 2425 panem
1108 2378 1242 2414 Christi
1261 2379 1460 2424 sanguinem
1489 2383 1526 2412 et
1549 2390 1673 2424 corpus
1695 2391 1762 2413 un-

287 2432 390 2466 quam
417 2422 504 2458 fieri.
541 2422 605 2458 Illa
623 2423 750 2469 quippe
768 2424 899 2459 Christi
916 2425 1059 2470 figuram
1073 2451 1083 2468 ,
1107 2437 1174 2460 non
1196 2431 1309 2461 autem
1329 2437 1367 2460 re
1386 2425 1464 2471 ipsa
1486 2425 1661 2459 Christum
1683 2437 1762 2460 esse

287 2467 441 2503 dicunt-’⁷
472 2468 581 2504 Porro
605 2469 743 2503 multum
772 2472 933 2516 temporis
961 2472 1186 2513 insumerem,
1218 2472 1248 2506 si
1273 2472 1383 2506 fusius
1414 2470 1535 2506 vellem
1566 2483 1761 2514 recensere,

286 2525 377 2558 quae
393 2515 437 2550 de
455 2514 532 2550 istis
548 2515 708 2550 dixerunt
726 2515 808 2561 ipsi,
832 2517 974 2563 suisque
994 2518 1134 2564 scriptis
1152 2518 1415 2563 consignarunt:
1440 2518 1578 2552 aliunde
1595 2530 1679 2552 vero
1697 2530 1761 2553 ne-

285 2561 341 2594 fas
359 2566 413 2596 est
433 2573 534 2597 aures
558 2561 690 2608 piorum
707 2561 886 2607 impietate
910 2568 1011 2599 tanta
1027 2564 1187 2610 implere,
1213 2577 1287 2599 cum
1308 2564 1362 2598 his
1390 2564 1524 2599 omissis
1553 2575 1621 2599 una
1639 2569 1676 2599 et
1700 2575 1761 2599 ea-

286 2606 363 2640 dem
387 2608 523 2643 ratione
541 2608 646 2644 liceat
663 2619 705 2643 ea
722 2608 866 2644 dicendo
894 2622 1119 2656 percurrere,
1142 2623 1229 2656 quae
1253 2610 1312 2646 ubi
1341 2611 1516 2657 protulero
1541 2610 1578 2644 in
1602 2610 1758 2652 medium,

285 2652 331 2685 iis
382 2653 416 2687 ui
447 2657 566 2690 sancta
594 2654 721 2701 piaque
753 2655 953 2691 desiderant
988 2668 1081 2699 rem,
1120 2662 1159 2691 ut
1189 2657 1331 2702 opinor,
1359 2657 1589 2703 gratissimam
1627 2658 1759 2691 fecero.

285 2664 388 2743 (lel)
413 2700 537 2737 Statim
555 2701 672 2746 itaque
693 2705 834 2736 sanctus
855 2702 998 2737 Ioannes
1013 2703 1247 2738 Damascenus
1272 2704 1322 2738 ita
1348 2704 1511 2750 loquitur.
1557 2703 1762 2745 „Quemad-

283 2744 418 2780 modum
442 2746 478 2781 in
503 2747 737 2795 Baptismate,
771 2747 853 2793 quia
880 2749 946 2783 hoc
973 2754 1026 2784 est
1051 2749 1088 2784 in
1113 2761 1206 2784 more
1232 2750 1379 2796 positum
1409 2749 1501 2795 apud
1528 2750 1698 2791 homines,
1721 2752 1761 2783 ut

283 2801 374 2835 aqua
393 2791 551 2828 laventur
577 2798 613 2829 et
632 2793 707 2828 oleo
732 2797 917 2838 ungantur,
936 2795 1047 2830 sancti
1066 2796 1220 2842 Spiritus
1238 2796 1384 2841 gratiam
1401 2797 1476 2831 oleo
1497 2799 1534 2831 et
1553 2807 1660 2841 aquae
1677 2807 1759 2830 con·-

281 2835 395 2873 iunxit
413 2838 531 2884 Deus,
554 2845 591 2877 et
611 2839 697 2877 fecit
728 2844 768 2876 ut
792 2851 838 2876 ea
864 2842 1137 2887 regenerationis
1163 2842 1338 2879 lavacrum
1364 2846 1497 2886 essent3
1528 2841 1580 2878 ita
1603 2838 1759 2889 quonlam
