1754 3164
581 131 1062 217 ANNOTATIONlssS.
1443 167 1575 216 1209

44 271 147 314 Vide
173 271 397 315 Phranzem
427 272 500 314 lib.
526 272 561 314 L
590 288 680 329 cap.
711 276 767 317 X.
801 281 843 317 et
869 282 985 317 notas
1009 276 1063 318 ad
1090 274 1328 319 Alexiadem
1356 292 1447 334 pag.
1476 283 1574 326 283.

41 343 218 372 numne.

154 387 254 443 Peg.
287 387 396 439 245,
423 387 465 431 4.
531 386 586 431 To
620 387 695 442 μὲν
721 391 803 431 τῶν
837 385 1029 444 Τούρκων
1059 393 1245 442 πλῆθος]
1281 393 1405 434 'rurci
1430 410 1575 450 nempe

41 451 127 485 tum
148 453 310 498 pactum
329 446 504 485 inierant
529 460 619 485 cum
644 447 843 487 Catalanis
866 462 970 487 auno
999 448 1208 488 Mcccvl.
1239 449 1290 490 de
1319 465 1398 503 quo
1418 453 1576 494 Monta·

41 504 178 542 uerius
204 517 295 555 cap.
317 503 564 546 CCXXVIII.
586 510 625 543 et
644 504 839 544 Moncada
860 519 948 559 cap.
972 505 1098 547 XLV.
1137 506 1240 546 Vide
1260 466 1468 560 przileterea
1491 512 1576 552 Pa-

39 559 219 612 chymer.
239 560 431 602 lib.X111.
453 574 543 614 cap.
560 560 635 602 IX.
655 568 694 600 et
712 561 814 604 Hist.
835 562 1285 617 Franco-Byzant-lib.
1298 565 1575 612 V1.n.XL1V.

37 631 212 657 numo.

158 678 255 729 Pag.
284 674 390 723 245,
419 677 460 718 6.
526 678 608 716 Τοῦ
628 674 674 717 δὲ
695 672 955 743 μετοπώρου]
986 676 1517 723 An.McccV1.num1m.

155 730 892 785 Ρας.245,11.Στρατοπεδεύουσι
914 734 1006 789 περὶ
1023 732 1100 788 τὴν
1118 737 1426 792 Κασανδρείαν]
1459 739 1573 788 Quae

39 790 137 829 olim
164 786 374 838 Potidaea,
406 789 480 828 sita
501 789 545 828 in
573 790 719 830 finibus
741 790 935 830 Thraciae
962 798 1003 831 et
1033 792 1303 834 Macedoniae.
1361 796 1573 836 conditam

38 848 96 887 ait
112 846 252 886 Livius
270 845 344 886 lib.
363 845 506 886 XLIV.
529 862 553 886 α
570 845 796 887 Cassandro
821 864 907 902 rege
924 849 965 888 ἰιι
988 848 1303 906 ίρείεἷαιιοίόιιε,
1322 867 1422 906 quae
1439 851 1573 893 Palle-

37 919 192 943 nensem
225 917 365 956 agrum
402 912 576 943 caeterae
609 904 877 945 Macedoniae
912 904 1156 961 adiungun13
1196 906 1290 948 hino
1329 909 1572 958 Toronaico,

37 959 133 1000 hinc
150 957 418 1002 Macedonico
443 970 594 1014 sepiam
615 963 731 1002 mari.
788 961 1048 1014 Theodulus,
1076 964 1118 1003 in
1137 963 1326 1004 Oratione
1344 979 1421 1018 pro
1443 966 1573 1006 Chan-

39 1017 195 1068 dreno‚
230 1017 332 1058 Cod.
353 1018 451 1069 Reg.
474 1020 595 1062 1853.
615 1019 686 1060 fol.
708 1018 802 1062 144.
823 1019 872 1059 de
895 1020 1096 1060 Catalanis
1114 1021 1284 1074 loquens
1311 1020 1431 1075 (quos
1447 1023 1572 1064 Italos

34 1073 174 1129 vocat)
205 1074 293 1116 ἐπεὶ
316 1073 379 1124 δὲ,
415 1075 568 1127 inquit,
606 1092 709 1130 προς
738 1078 1006 1118 Μακεδονίαν
1035 1078 1115 1119 ἔδει
1142 1078 1330 1120 τουτουσὶ
1362 1081 1571 1133 διαβῆναι,

36 1133 293 1186 διαβαίνουσι
311 1130 399 1186 μὲν,
428 1131 497 1173 καὶ
515 1131 898 1201 στρατοπεδεύουσιν
918 1133 963 1176 ἐν
970 1131 1178 1207 Παλλήνῃ
1190 1147 1203 1159 ·
1231 1132 1426 1178 κάκεῖθεν
1445 1135 1572 1188 ἐξιόν-

33 1205 117 1241 τες,
146 1190 349 1244 ἐληΐζοντο
377 1185 533 1242 πάντα,
562 1187 751 1247 καθάπερ
773 1191 817 1233 ἐκ
836 1193 1030 1242 Δεκελίας
1055 1209 1133 1247 την
1157 1191 1337 1249 Αττικην
1356 1190 1570 1246 Λάκωνες.

31 1261 189 1288 nomm.

150 1304 384 1376 Pag.245‚
416 1305 483 1350 15.
532 1301 659 1359 ’Ἄκρα
687 1302 763 1360 γάρ
791 1305 874 1348 ἔστι
895 1302 1111 1378 προμήκης
1141 1307 1198 1357 εἷς
1218 1304 1454 1361 θάλασσαν,
1478 1305 1570 1352 κόλ-

22 1377 128 1412 ποις
157 1360 210 1404 ου’
226 1367 385 1434 μικροῖς
406 1361 657 1416 ἑκατέρωθεν
665 1363 1018 1433 περιειλημμένη,
1049 1361 1109 1405 δι’
1131 1381 1191 1406 ων
1217 1365 1262 1407 ἐν
1286 1370 1374 1415 ταῖς
1403 1382 1569 1422 χειμερι

34 1425 127 1469 ναῖς
153 1437 277 1475 ωραις
302 1437 347 1462 το
383 1424 457 1474 τῆς
485 1417 619 1474 χιόνος
650 1416 877 1462 αποσείεται
904 1418 1186 1475 ὖπερβάλλον]
1216 1423 1306 1463 Νοιι
1335 1424 1430 1462 satis
1460 1439 1571 1463 asse-

35 1491 159 1530 quor,
189 1493 239 1517 an
259 1478 393 1517 nivem
421 1479 471 1516 ab
500 1477 730 1517 hominibus
749 1492 768 1517 e
791 1485 926 1518 monte
949 1479 990 1517 in
1010 1492 1118 1518 mare
1146 1479 1291 1530 deiici,
1323 1495 1373 1519 an
1392 1488 1569 1521 montem

31 1535 185 1574 nivium
206 1535 397 1588 procellis
415 1535 558 1584 obrui,
589 1549 639 1573 an
670 1549 765 1574 vero
792 1535 906 1574 nives
936 1536 978 1574 in
1002 1550 1112 1576 mare
1137 1536 1269 1576 delabi
1301 1537 1423 1577 dicat.
1452 1552 1566 1578 won-

33 1606 133 1633 rms.
193 1592 394 1632 Describit
415 1593 612 1643 Gregoras
640 1591 833 1631 Isthmum
857 1592 1059 1643 Pallenes,
1090 1593 1132 1632 in
1155 1607 1235 1646 quo
1265 1594 1341 1633 sita
1366 1602 1452 1634 erat
1470 1596 1569 1634 Cas-

13 1649 218 1702 flandria,
244 1652 340 1689 hinc
356 1650 601 1694 Toronaico,
631 1648 727 1688 hinc
746 1649 1005 1689 Macedonico
1026 1651 1126 1690 mari
1145 1657 1317 1703 septum.
1350 1666 1507 1692 nowm.

26 1705 31 1707 ³
152 1707 386 1761 Pag.245,
418 1710 485 1750 18.
526 1701 660 1777 ΙἷΗρος
680 1703 720 1747 δ’
741 1703 987 1760 ἐρχομένου]
1017 1708 1093 1749 An.
1110 1708 1333 1751 MCCCVII.
1361 1723 1537 1750 Docimo.
1574 1745 1578 1748 .

148 1767 247 1818 Peg.
278 1764 381 1815 245,
410 1768 481 1807 21.
526 1761 622 1805 ’Ὅτε
642 1763 709 1804 καὶ
727 1780 798 1813 τας
819 1763 1074 1818 βασιλίδας”
1043 1780 1199 1818 ηκουον
1218 1762 1322 1806 εἶναι
1341 1764 1466 1816 ἐντός,
1493 1766 1567 1807 Εἶ-

32 1836 171 1875 ρηνην
190 1821 296 1875 φημὶ
315 1822 384 1862 καὶ
407 1821 601 1875 Μαρίαν]
630 1821 746 1860 Wolf·
736 1836 796 1860 us
822 1828 1019 1871 verterat,
1050 1838 1137 1862 cum
1169 1831 1206 1861 ei
1229 1823 1469 1876 imperatrix
1486 1821 1567 1862 Ire·

32 1893 81 1917 ne
110 1888 147 1918 et
178 1880 313 1933 regina
341 1878 486 1920 Maria
512 1878 570 1918 ibi
590 1877 783 1931 degerent.
841 1876 985 1919 Maria
1011 1893 1117 1918 uxor
1140 1879 1218 1918 suit
1240 1879 1469 1931 Michaelis,
1499 1880 1566 1919 iu·-

30 1935 157 1975 nioris
185 1936 454 1990 imperatoris.
512 1936 684 1975 Proinde
717 1943 755 1974 et
783 1935 871 1988 ipsa
902 1937 1161 1989 imperatrix,
1207 1950 1290 1976 non
1320 1938 1455 1992 regina
1482 1937 1565 1977 dici

31 1991 183 2033 debuit.
241 1995 420 2046 Utraque
439 2000 570 2043 certe,
601 1999 641 2033 et
662 1992 775 2032 Irene
792 1999 833 2033 et
848 1992 1005 2045 Maria,
1035 1994 1237 2048 βασιλίδες
1254 2009 1279 2033 a
1300 1995 1564 2047 Gregoradi-
1592 2039 1595 2041 ,

31 2057 192 2090 cuntur.
247 2064 400 2093 nowm.

147 2111 244 2162 Peg.
273 2108 381 2158 246,
412 2111 452 2151 3.
510 2104 690 2159 Μακρόν
720 2106 849 2149 ἔκτισε
887 2109 1039 2162 τεῖχος]
1090 2107 1359 2163 Christopoli,
1410 2107 1562 2161 oppido

31 2165 143 2218 quod
159 2165 312 2204 Thasso
333 2165 487 2204 insulae
510 2164 767 2215 obversatur,
800 2171 843 2205 et
863 2165 913 2205 de
940 2179 1020 2219 quo
1047 2166 1243 2220 quaedam
1263 2165 1488 2206 notavimus
1512 2166 1563 2204 ad

30 2222 355 2263 Villharduinum
374 2237 414 2262 n.
425 2221 614 2272 CXLIX„
637 2222 688 2261 ad
706 2223 932 2274 Pangaeum
951 2224 1128 2263 vicinum
1144 2229 1330 2263 montem.
1363 2224 1563 2261 Camaca-

30 2294 154 2320 zenus
172 2281 241 2322 lib.
262 2280 293 2322 l.
314 2294 403 2333 cap.
421 2280 490 2320 IV.
508 2279 578 2318 ubi
603 2279 654 2319 de
677 2279 978 2333 Christopoleos
998 2283 1195 2350 φρουρίῳ.
1221 2297 1319 2334 αμα
1342 2278 1416 2333 μὲν
1437 2296 1491 2327 ως
1510 2276 1562 2320 ὂν

31 2335 224 2405 καρτερὰν
248 2337 293 2379 ἔκ
309 2353 352 2378 τε
369 2341 443 2391 τῆς
458 2350 619 2389 φυσεως
636 2340 709 2389 τῆς
732 2341 1003 2391 κατασκευῆς,
1029 2342 1107 2380 τοῦ
1127 2335 1255 2380 τόπου
1286 2354 1354 2379 και
1377 2339 1459 2376 τοῖν
1484 2351 1562 2376 τει·

29 2397 136 2449 χῶν,
166 2411 250 2448 αμα
269 2391 314 2436 δ’
335 2411 394 2437 οτι
422 2394 493 2436 καὶ
520 2407 654 2463 ωσπερ
690 2393 730 2435 εἴ
749 2410 787 2434 τι
809 2398 1001 2463 κλεῖθρον
1028 2398 1110 2437 τῶν
1134 2392 1337 2447 κλιμάτων
1365 2391 1561 2445 ἑκατέρων

31 2451 176 2506 μέσον,
203 2450 281 2505 τήν
301 2449 471 2506 δυτικὴν
477 2449 681 2524 ,στρατιὰν
701 2448 857 2504 πολλήν
884 2467 974 2493 τινα
995 2447 1122 2494 ουσαν
1142 2452 1210 2494 καὶ
1238 2449 1339 2501 πρὸς
1357 2446 1483 2501 μάχας
1498 2448 1559 2498 ἐξ·

30 2508 266 2562 ησκημένην
290 2512 364 2562 τῆς
384 2509 428 2551 ἔκ
444 2511 518 2562 τῆς
544 2508 596 2550 ἕω
615 2525 685 2550 και
706 2511 779 2560 τῆς
801 2504 965 2565 Θρᾴκης
984 2511 1108 2566 διεῖργ
1111 2526 1170 2551 ον,
1230 2508 1266 2556 Q
1281 2508 1384 2545 ›ibus
1404 2512 1559 2557 postre-

30 2566 105 2605 mis
126 2567 261 2606 verbis
279 2581 438 2606 murum
454 2567 576 2606 istum
599 2566 761 2605 videtur
777 2566 970 2608 indicare.
1027 2567 1084 2606 De
1104 2566 1234 2617 longis
1254 2564 1340 2603 istis
1361 2562 1485 2600 muris
1507 2561 1560 2601 ad

28 2621 240 2664 hostium
227 2637 410 2664 incursus
438 2623 634 2663 arcendos
665 2625 815 2673 egimus
845 2623 889 2662 in
914 2624 1022 2664 notis
1047 2625 1100 2663 ad
1124 2621 1350 2662 (Σὶιιοιιίοοιι
1369 2618 1559 2658 Paschale

29 2694 120 2734 pag·
142 2682 239 2726 589.
271 2687 312 2721 et
338 2682 382 2721 iu
410 2681 567 2723 dissert.
596 2681 647 2720 de
674 2680 907 2730 Hebdomo,
935 2681 1006 2721 ubi
1039 2681 1092 2722 de
1122 2686 1292 2730 utroque
1318 2675 1557 2716 Hexamilio.

26 2751 245 2848 numssag·
271 2794 379 2844 247,
408 2798 450 2838 7.
477 2794 578 2835 'Huc
598 2794 806 2848 pertinent
821 2794 892 2834 illa
911 2793 1112 2835 Theoduli
1129 2789 1329 2840 Rhetoris,
1350 2787 1448 2827 eod.
1461 2789 1557 2839 Reg.

30 2850 104 2893 sol.
124 2851 240 2902 144,
270 2851 321 2891 de
346 2825 658 2893 catalahorum
645 2867 689 2892 ιιι
714 2852 960 2893 Thessaliam
990 2850 1183 2900 transitu,
1211 2842 1472 2902 ἀπειρηκότες
1493 2842 1557 2887 οἷ·-

127 2917 346 2964 Nicephorum
366 2918 516 2965 Gregor.
546 2919 621 2954 le
644 2919 692 2954 Π.
1223 2908 1280 2948 77
