1794 3172
268 153 369 202 642
692 157 1006 204 NICEPHORJ
1035 137 1359 201 GREGORAE

47 273 150 308 ΔμΜ.
168 271 414 327 685οβημεν.
486 269 572 330 (P.)
612 273 700 313 Τοῦ
729 265 898 326 γάρτοι
925 266 1129 323 βασιλέως
1162 271 1222 327 τῷ
1260 264 1413 326 Κράλῃ
1442 264 1640 319 συνόντος
1676 270 1746 312 καὶ

94 321 638 402 ΙΠῗγῗὲΞζσυνδιαιτωμὲνου,
686 338 762 382 οὐκ
792 333 843 394 ἧν
882 337 1043 392 ἀμελεῖν
1072 337 1236 394 οὐδαμῆ
1269 339 1511 391 Βυζαντίοις
1539 342 1623 381 τῶν
1644 337 1742 381 κατ’

267 411 418 454 ἐκείνου
444 410 698 463 ἐπιβουλῶν·
734 407 839 450 ἀλλὰ
872 405 1009 456 δόλοις
1039 404 1188 457 δόλους
1217 406 1524 465 συνέρῥαπτον,
1563 409 1631 450 καὶ
1663 425 1746 462 μυ-

235 477 238 480 ’
271 481 384 538 ρίους
405 478 466 521 ἀεὶ
483 476 697 528 θανάτους
716 475 911 533 ἐξήρτυον
928 475 1024 519 κατ’
1047 476 1190 520 αὐτοῦ.
1228 476 1434 532 πέμπουσι
1455 477 1593 520 τοίνυν
1614 478 1654 528 ἐς
1670 477 1746 533 μὲν

231 548 501 606 Ὲτοῦμφανές
519 547 708 604 πρέσβεις
726 546 1055 603 ἀπαγγελοῦντας
1074 546 1170 603 περί
1184 563 1228 589 τε
1244 544 1397 602 κήδους
1415 545 1494 590 ὅσα
1515 547 1633 602 ἐξείη,
1672 548 1773 595 καὶ5

269 621 386 662 δυοῖν
407 616 599 674 αἱρέσεων
621 616 902 673 προτεθεισῶν
933 615 1135 670 βασιλέως
1163 615 1302 669 ἕνεκα,
1340 614 1519 676 ὁποτέρᾳ
1545 621 1750 674 προσθεῖ-

267 706 334 731 ναι
355 684 547 742 βούλοιτο
571 687 748 741 δηλοῦν,
786 684 812 741 ἢ
843 685 1008 740 δέσμιον
1027 687 1190 728 τουτονὶ
1207 685 1312 741 μετὰ
1340 690 1417 742 τῆς
1444 687 1549 742 ζωῆς
1568 686 1746 742 δηλαδὴ,

267 755 294 812 ἢ
322 757 397 812 τὴν
416 755 544 799 αὐτοῦ
564 755 745 813 κεφαλὴν
771 753 976 813 ἀφελόντα
999 758 1072 798 τοῦ
1109 752 1305 809 σώματος
1342 756 1384 798 ἐν
1417 753 1647 808 Βυζάντιον
1665 774 1750 811 μη-

267 827 336 869 δὲν
352 823 614 882 μελλήσαντα
637 825 804 880 πέμπειν
823 822 878 875 ὡς
900 822 1074 880 τάχιστα
1088 838 1098 848 ·
1135 823 1243 880 ἥξειν
1263 842 1306 868 τε
1326 824 1404 884 γὰρ
1424 823 1597 868 κατόπιν
1620 824 1749 876 εὐθὺς

266 895 381 955 αὐτῷ
408 893 483 951 τήν
515 912 558 938 τε
588 895 802 951 θυγατέρα
830 898 904 951 τῆς
930 895 1168 949 βασιλίδος,
1205 892 1371 952 νύμφην
1401 895 1467 938 ἐπὶ
1496 899 1556 954 τῷ
1593 887 1745 938 ἐκείνου
1761 907 1794 942 1(

138 973 178 1006 Ρ.
191 967 381 1009 40οπαιδὶ
391 998 406 1019 ,
443 965 510 1007 καὶ
540 962 627 1019 ἅμα
654 964 729 1020 τὴν
769 968 853 1007 τῶν
880 964 999 1022 μέχρι
1023 962 1371 1022 Χριστουπόλεως
1401 965 1557 1008 ἐκεῖθεν
1584 966 1748 1022 χωρίων

268 1037 337 1079 καὶ
356 1033 511 1078 πόλεων
535 1033 737 1091 ἔγγραφον
759 1031 982 1090 κυριότητα
998 1048 1008 1058 ·
1046 1032 1101 1084 ὥς
1125 1036 1314 1090 γίνεσθαι
1333 1036 1434 1090 μίαν
1453 1034 1596 1078 λοιπὸν
1617 1034 1749 1092 ἀρχὴν

269 1105 384 1164 αὐτῷ
413 1108 559 1159 συνεχῆ
581 1103 654 1159 τὴν
676 1104 719 1146 ἐκ
748 1105 996 1158 Δαλματίας
1017 1106 1085 1147 καὶ
1102 1103 1358 1162 Ἰλλυρίδος,
1396 1106 1466 1147 καὶ
1494 1103 1574 1148 ὅσα
1591 1104 1748 1159 μεταξὺ

268 1178 352 1218 τῶν
374 1173 476 1231 πρὸς
499 1174 550 1216 ἕω
569 1177 642 1216 τοῦ
659 1173 803 1216 Ἰονίου
833 1171 986 1217 κόλπου
1007 1172 1136 1229 ψαύει
1157 1178 1371 1232 πλευρῶν,
1410 1173 1504 1232 ἄχρι
1533 1175 1749 1218 Φιλίππων

267 1245 337 1287 καὶ
355 1240 712 1301 Χριστουπόλεως.
786 1242 880 1303 (Δ.)
915 1245 1002 1287 Καὶ
1025 1243 1079 1287 τὰ
1107 1243 1183 1299 μὲν
1205 1248 1280 1301 τῆς
1308 1246 1527 1302 πρεσβείας
1552 1246 1620 1287 καὶ
1642 1255 1794 1302 apo-15

268 1317 380 1372 φανῆ
415 1312 581 1357 τοιαῦτ’
615 1307 678 1368 ἦν.
717 1311 744 1355 ἃ
774 1314 820 1356 δὲ
839 1311 978 1371 κρύφα
1009 1313 1139 1370 συχνὰ
1162 1316 1230 1357 καὶ
1250 1313 1492 1373 πολύτροπα
1515 1314 1750 1372 προσεπέμ-

269 1400 367 1426 πετο
402 1380 627 1441 φάρμακα,
677 1380 811 1426 ὁπόσα
843 1382 890 1426 τὸ
923 1381 1159 1440 θανάσιμον
1195 1382 1297 1440 εἶχεν
1315 1385 1576 1443 ἓμφωλεῦον,
1616 1381 1687 1435 ὀξύ
1707 1401 1750 1427 τε

229 1454 338 1495 Βκαὶ
367 1452 721 1510 δυσκαρτέρητον,
772 1452 1045 1510 Μιθριδάτου
1076 1454 1186 1505 τινὸς
1218 1455 1346 1498 ἐδεῖτο
1376 1455 1631 1513 σαφέστερον
1657 1453 1750 1511 ἄρι-

266 1526 404 1578 θμεῖν·
426 1520 473 1572 ὃς
496 1521 571 1577 τὴν
593 1523 637 1564 ἐκ
656 1524 957 1580 Παφλαγονίας
977 1523 1078 1580 ἔχων
1101 1524 1253 1582 ἀρχὴν,
1293 1522 1428 1581 ὁπόση
1452 1525 1522 1568 διὰ
1541 1525 1752 1579 Κολχίδος

265 1593 334 1634 καὶ
354 1593 545 1647 Λαζικῆς
580 1593 648 1634 καὶ
670 1596 755 1635 τῶν
790 1595 1043 1638 Καυκασίων
1067 1594 1176 1652 ὀρῶν
1209 1595 1406 1652 ἐρχομένη
1417 1628 1431 1649 ,
1486 1596 1554 1638 καὶ
1585 1597 1794 1652 παραλ-Ξ(

265 1659 474 1704 λάττουσα
495 1659 652 1704 Τάναϊν
662 1663 739 1705 -καὶ
758 1665 981 1718 Μαιῶτιν,
1021 1662 1149 1721 διήκει
1168 1665 1287 1723 μέχρι
1307 1666 1374 1707 καὶ
1398 1666 1440 1715 ἐς
1459 1662 1635 1714 Σκύθας
1652 1663 1751 1713 τοὺς

264 1729 498 1788 ἑσπερίους,
535 1733 603 1774 καὶ
626 1731 818 1786 πολέμιον
845 1732 1099 1790 κτησάμενος
1120 1734 1198 1790 τὴν
1213 1733 1342 1778 πάλαι
1360 1732 1574 1790 Ῥωμαίων
1597 1733 1747 1789 ἀκμὴν,

263 1802 330 1843 καὶ
350 1800 494 1852 δεδιώς
509 1800 568 1856 μυ
595 1803 672 1855 ζῶν
694 1800 902 1859 ἁλώσιμος
918 1808 970 1864 τῇ
988 1807 1216 1861 Πομπηΐου
1236 1805 1399 1862 γένηται
1415 1805 1521 1864 χειρὶ
1542 1805 1612 1848 καὶ
1630 1801 1750 1862 τύχῃ,

268 1966 338 2001 que
355 1955 448 1998 illuc,
467 1956 557 1991 unde
577 1957 724 2003 digressi
744 1971 869 1994 sumus.
915 1958 1017 2004 (ΙΙΙ.)
1040 1958 1186 1997 Interim
1204 1959 1282 1995 dum
1298 1960 1485 2007 imperator
1506 1959 1599 2007 apud
1615 1959 1751 1994 Cralem

271 2007 495 2037 commoratur
519 2008 554 2038 et
574 2005 649 2039 eius
663 2006 829 2040 ‘convictu
849 2005 978 2048 utitur,
1002 2018 1170 2052 nusquam
1190 2007 1354 2052 Byzantii
1380 2011 1518 2042 cessant
1538 2012 1675 2042 struere
1699 2006 1751 2040 illi

270 2048 424 2082 insidias.
472 2050 542 2084 Sed
568 2051 652 2084 alios
676 2064 718 2086 ex
738 2053 814 2088 aliis
835 2053 933 2088 dolos
959 2059 1148 2096 consuunt,
1179 2060 1215 2088 et
1235 2055 1428 2089 innumeras
1450 2060 1577 2089 mortes
1602 2053 1752 2089 conflant

272 2093 306 2128 ei
328 2095 490 2140 quotidie.
538 2097 684 2132 Mittunt
706 2099 816 2144 igitur
846 2100 958 2146 palam
982 2099 1119 2145 quidem
1138 2100 1292 2146 legatos,
1316 2101 1375 2147 qui
1394 2101 1438 2136 de
1453 2101 1625 2136 affinitate
1642 2112 1752 2146 quae-

272 2152 407 2187 cunque
424 2146 560 2187 oportet
579 2144 773 2189 significent
796 2151 1005 2192 petantque,
1026 2152 1084 2189 ut,
1109 2148 1241 2182 duabus
1259 2149 1303 2182 de
1320 2148 1527 2194 imperatore
1544 2146 1752 2182 conditioni-

272 2187 336 2221 bus
358 2188 500 2230 oblatis,
524 2195 634 2224 utram
651 2192 779 2236 eligere
802 2194 898 2228 malit
914 2194 1085 2228 declaret:
1109 2205 1172 2229 seu
1190 2194 1342 2229 vinctum
1365 2195 1458 2230 illum
1476 2195 1659 2240 vivumque
1676 2199 1751 2228 tra-

273 2234 378 2275 dere3
403 2246 463 2269 seu
481 2235 573 2270 illius
594 2243 697 2282 caput
722 2250 867 2285 corpore
895 2240 1083 2275 abscissum
1110 2240 1185 2276 sine
1210 2241 1280 2275 ulla
1299 2243 1520 2277 cunctatione
1541 2240 1751 2286 Byzantium

271 2291 374 2335 quam
398 2281 570 2317 celerrime
595 2286 748 2319 mittere:
782 2293 961 2321 venturam
988 2287 1076 2321 enim
1101 2288 1246 2322 subinde
1265 2289 1495 2334 imperatricis
1520 2288 1624 2323 filiam
1651 2287 1751 2322 istius

271 2327 344 2361 fiho
364 2327 640 2383 despondendam
658 2342 818 2374 uxorem,
842 2333 1009 2379 simulque
1027 2334 1172 2368 omnium
1198 2335 1291 2369 illinc
1316 2347 1425 2381 usque
1446 2334 1679 2380 christopolin
1698 2333 1752 2367 lo-

271 2385 387 2408 corum
406 2375 613 2428 ‚urbiumque
639 2383 840 2422 potestatem
869 2380 1008 2426 scriptis
1037 2381 1294 2426 consignatam,
1324 2382 1375 2416 ita
1401 2387 1441 2416 ut
1461 2393 1562 2416 unum
1588 2381 1752 2425 deinceps

269 2424 307 2455 et
325 2423 520 2456 contmuum
542 2422 574 2456 ei
595 2423 741 2458 futurum
768 2426 814 2460 sit
832 2426 1014 2471 imperium
1034 2438 1055 2461 a
1077 2427 1250 2462 Dalmatia
1277 2432 1312 2462 et
1330 2429 1490 2474 Illyrico,
1515 2433 1551 2462 et
1576 2427 1665 2461 omni
1690 2427 1750 2461 illo

268 2466 429 2501 citeriore
453 2472 590 2510 tractu,
621 2469 679 2515 qui
705 2470 813 2508 Ionici
838 2473 940 2507 maris
967 2473 1167 2509 orientalem
1192 2486 1286 2510 oram
1311 2475 1474 2521 attingit,
1506 2475 1550 2509 ad
1568 2474 1750 2519 Philippos

268 2523 379 2560 usque
395 2517 430 2548 et
453 2514 698 2561 christopolim
745 2518 847 2563 (IV.)
873 2521 922 2554 Ac
941 2520 1026 2554 talia
1047 2521 1181 2566 quidem
1206 2526 1324 2563 erant,
1349 2533 1438 2568 quae
1458 2533 1520 2568 per
1544 2521 1752 2566 legationem

268 2564 306 2614 et
329 2566 450 2615 aperte
472 2562 673 2606 agebantur.
721 2564 821 2606 Quae
840 2578 921 2600 vero
942 2566 1028 2600 clam
1045 2579 1180 2601 venena
1198 2568 1439 2610 mittebantur,
1463 2568 1585 2603 crebra
1606 2579 1648 2601 ac
1666 2567 1753 2601 mul-

268 2605 426 2652 tiplncra,
450 2619 561 2653 eaque
585 2613 716 2655 pestem
739 2622 851 2645 acrem
877 2616 982 2658 atque
1008 2613 1183 2649 difficilem
1199 2615 1368 2656 celantia,
1391 2619 1432 2649 ut
1447 2614 1583 2659 singula
1606 2625 1753 2660 percen-

270 2658 441 2708 serentur,
457 2665 549 2708 ‘opus
570 2661 663 2690 esset
679 2656 884 2692 Mithridate
900 2659 971 2702 illo,
994 2660 1053 2705 qui
1071 2672 1145 2694 cum
1168 2672 1190 2695 a
1205 2661 1446 2707 Paphlagonia
1465 2672 1574 2707 usque
1595 2660 1753 2706 posside-

270 2703 326 2733 ret
347 2711 544 2754 1mper3um,
592 2702 659 2735 uod
679 2714 741 2747 per
766 2702 964 2739 Colchidem
987 2706 1233 2753 Lazicamque,
1258 2712 1295 2742 et
1312 2707 1507 2751 Caucaseos
1525 2714 1678 2750 montes,
1702 2706 1754 2741 ul-

270 2752 328 2800 tra
347 2745 495 2782 Tanalm
515 2751 550 2803 et
614 2749 781 2784 aeotidem
801 2750 1052 2796 porrigebatur,
1076 2757 1113 2787 et
1133 2754 1178 2788 ad
1191 2754 1343 2799 Scythas
1360 2766 1470 2800 usque
1488 2754 1651 2789 occiduos
1670 2764 1753 2800 per-

271 2793 453 2848 tingebat,-
465 2798 502 2828 et
519 2794 671 2829 mfensas
697 2795 764 2830 sibi
788 2796 930 2831 fecisset
947 2797 1104 2843 vigentes
1122 2804 1193 2834 tum
1214 2802 1441 2835 Romanorum
1461 2799 1574 2843 vires,
1597 2801 1754 2835 timeret-

269 2849 344 2886 que
361 2850 405 2875 ne
419 2851 522 2877 vrvus
538 2845 722 2889 caperetur
739 2842 871 2879 virtute
895 2855 936 2880 ao
956 2844 1093 2881 fortuna
1110 2847 1287 2896 Pompeii,
1310 2859 1445 2885 venena
1464 2847 1577 2884 omnia
1594 2846 1754 2895 explora-
