1794 3172
254 115 353 166 984
666 119 987 168 NICEPHORI
1014 118 1343 165 GREGORAE

37 246 75 279 A.
93 244 138 278 Μ.
156 243 247 280 6859
259 230 424 279 ,caninae
460 229 704 291 πεπρωμένη
735 228 934 286 καὶ-τύχη
948 263 963 285 ,
999 229 1123 274 τοῦτ’
1158 226 1261 274 εἶναι
1291 227 1469 287 στεῤῥὰν
1499 233 1584 274 τῶν
1621 229 1739 287 σφίσι

92 290 194 327 Ῑ“ᾱ”4
259 301 514 362 πραγμάτων
550 302 730 359 κρηπῖδα
766 301 834 342 καὶ
871 298 1191 356 ἀμετάκλωστον
1219 300 1315 354 βίου
1344 298 1500 350 παντὸς
1529 297 1740 356 ἓφόδιον.”

260 373 350 434 (Γ.)
385 372 472 416 Καὶ
495 375 628 415 ταῦτα
644 371 719 426 μὲν
744 368 877 421 οὕτως
899 370 1057 428 εἴρηται
1079 374 1137 428 τῷ
1158 373 1396 427 θαυμαστῷ
1418 371 1610 427 Παλαμᾷ
1626 382 1635 391 ·
1673 369 1740 410 καὶ

260 444 336 488 οὐκ
364 442 520 500 εἴρηται
545 441 646 496 μὲν,
685 439 733 483 οὗ
755 439 985 497 πέπρακται
1011 439 1054 483 δ’
1090 436 1240 489 εὐθύς·
1280 438 1375 482 οὐδὲ
1407 438 1636 495 πέπρακται
1666 439 1741 491 μὲν

215 512 390 562 nab-9139
399 544 413 565 ,
453 511 529 566 οὐχ
561 508 617 560 ὡς
648 509 914 553 συντέτακται
936 510 1005 553 δέ·
1040 509 1146 553 ἀλλὰ
1170 510 1238 552 καὶ
1259 508 1488 565 πέπρακται
1505 507 1580 562 μὲν
1600 506 1771 562 αὐθη·5

102 592 148 629 V.
167 592 240 629 500
261 581 410 640 μερὸν,
447 578 690 637 τελεώτερον
708 579 752 622 δ’
778 579 804 635 ἢ
827 579 934 623 καθ’
957 578 1069 622 ἅπαν
1089 579 1135 622 τὸ
1157 577 1369 633 σύνθημα.
1418 575 1551 627 οὕτως
1569 574 1743 633 ὀξύρρο-

261 670 343 697 πον
374 651 576 694 δείκνυσιν
608 651 663 700 εἷς
695 649 793 705 ἔργα
822 649 895 693 τὸν
928 649 1106 705 βασιλέα
1137 653 1212 704 τῆς
1238 652 1314 691 τοῦ
1348 650 1540 702 Παλαμᾰ
1569 650 1692 701 τιμῆς
1720 642 1741 688 ὃ

261 720 422 774 πόθος,
457 721 524 763 καὶ
544 717 711 763 πάντων
735 719 862 777 ἔργων
884 719 1124 776 ἔμπροσθεν
1153 718 1206 762 τὰ
1230 714 1474 773 τῆςέκείνου
1496 714 1660 773 γνώμης
1682 716 1744 758 τί-

261 797 386 836 θεται
408 788 612 847 δόγματα.
643 789 697 833 τὰ
717 791 791 845 μὲν
813 790 891 846 γὰρ
916 788 1088 846 ἔπραττε
1115 791 1386 846 παραχρῆμα,
1410 786 1463 828 τὰ
1485 787 1509 828 δ
1516 786 1528 801 ³
1563 784 1745 841 ἐπηγγεί-

263 867 367 906 λατο
388 863 658 917 παραχρῆμα.
733 858 827 918 (Δ.)
854 855 936 902 Ἦν
956 858 1048 903 τότε
1071 860 1170 902 ἰδεῖν
1198 859 1476 901 παντοδαπῶν
1508 853 1744 912 ἀνθρώπων
1757 859 1794 894 1C

225 930 533 988 Εμεριζομένας
554 929 629 980 τὰς
651 927 818 986 γνώμας
826 962 840 982 ,
877 930 944 972 καὶ
966 933 1052 972 τῶν
1080 929 1155 984 μὲν
1181 925 1534 983 θαρσαλεωτέρων
1563 923 1745 979 μάλιστα

262 1005 337 1046 νῦν
357 999 602 1057 γινομένων,
636 1001 703 1042 καὶ
726 1001 894 1042 πλείονα
912 1001 1031 1055 πῆξιν
1052 1003 1103 1057 τῇ
1124 997 1227 1056 πρὸς
1246 996 1349 1040 θεὸν
1373 996 1503 1038 ἐλπίδι
1529 997 1595 1038 καὶ
1615 994 1746 1037 πίστει

262 1068 567 1128 παρεχομένων,
594 1070 662 1112 καὶ
682 1069 786 1127 πρὸς
803 1067 1349 1128 ἀθλητικοὺς-ὁπλιζομένων
1363 1063 1616 1128 τὴνιγνώμην
1636 1064 1746 1120 ἀγῶ-

263 1157 340 1190 νας
359 1141 425 1182 καὶ
435 1138 670 1196 μαρτυρικοὶ
690 1140 984 1194 παλαίσματα·
1006 1138 1103 1188 τοὺς
1124 1140 1148 1180 δ
1155 1138 1166 1154 '
1191 1135 1265 1180 ὑπ’
1292 1134 1444 1179 ὀδόντα
1463 1139 1514 1192 τῇ
1538 1135 1747 1193 θηριωδίᾳ

263 1207 606 1266 λοιδορουμένους
634 1213 718 1252 τῶν
746 1211 930 1252 διωκτῶν
946 1222 956 1232 ·
993 1208 1092 1257 τοὺς
1117 1209 1141 1249 δ
1148 1207 1160 1222 '
1183 1203 1471 1260 ὖπεπτηχότας
1491 1201 1573 1247 ὑπὸ
1597 1205 1746 1261 φρίκης
1759 1208 1794 1246 15

266 1281 345 1339 καὶΙ
366 1278 483 1328 δέους
523 1281 607 1321 τῶν
643 1294 687 1320 τε
719 1276 938 1335 παρόντων
968 1278 1035 1320 καὶ
1069 1275 1327 1334 φαινομένων
1368 1277 1534 1326 δεινῶν,
1573 1278 1656 1317 τῶν
1688 1273 1744 1317 θ’

227 1345 609 1401 Ι““ὖποτῑτευομε’νειιν
626 1347 722 1402 μὲν,
753 1349 877 1401 μείζω
902 1349 926 1389 δ
933 1347 944 1362 ’
968 1345 994 1402 ἢ
1015 1346 1121 1389 κατὰ
1143 1346 1194 1389 τὰ
1217 1342 1446 1403 φαινόμενα
1467 1343 1540 1386 τὸν
1557 1341 1748 1401 θόρυβον

265 1421 320 1476 τῇ
350 1420 468 1474 ψυχῇ
497 1415 935 1473 προαναφωνούντων·
982 1417 1051 1459 καὶ
1088 1420 1161 1458 νῦν
1198 1415 1274 1470 μὲν
1313 1413 1649 1467 καταδυομένους
1679 1415 1748 1456 καὶ

265 1486 595 1545 κρυπτομένους·
630 1489 703 1528 νῦν
737 1485 780 1528 δ’
816 1485 1150 1540 ἄναδυομένους,
1190 1482 1246 1534 ὥς
1273 1486 1316 1534 ἐξ
1345 1482 1450 1542 ᾅδου
1482 1487 1646 1537 πυλῶν,
1681 1484 1750 1526 καὶ

265 1556 540 1615 φαινομένους
570 1552 631 1605 οἷς
658 1553 891 1615 ἐθάρρουν,
924 1556 991 1598 καὶ
1014 1562 1255 1611 στεναγμοῖς
1284 1541 1516 1610 ἄφθόγγοῖς
1546 1550 1652 1608 ὅμοῢ
1680 1555 1794 1596 naim

267 1624 442 1683 δάκρυσι
483 1625 770 1681 κλεπτομένοις
807 1622 1121 1682 ὗποδηλοῦντας
1159 1623 1236 1680 τὴν
1272 1622 1429 1679 ἄδηλον
1463 1620 1636 1678 κάμινον
1673 1627 1750 1680 τῆς

265 1699 420 1752 ψυχῆς.
459 1693 548 1739 εἷεν.

114 1772 159 1808 P.
180 1772 250 1811 619
375 1763 424 1818 ς’.
467 1762 590 1809 Οὕτω
616 1780 661 1823 γε
681 1763 765 1823 μὴν
791 1766 963 1809 τουτωνὶ
981 1763 1250 1822 γιγνομένων,
1287 1764 1358 1808 καὶ
1387 1760 1496 1807 οὕτω
1524 1762 1750 1821 πανηγυρί-

272 1896 440 1945 quidquid
460 1896 559 1932 nobis
577 1898 685 1933 fatum
708 1909 751 1932 ac
765 1898 905 1933 fortuna
926 1897 1186 1944 praefinierffit,
1210 1896 1246 1931 id
1270 1895 1298 1931 ii
1322 1907 1435 1931 rerum
1463 1905 1600 1930 suarum
1626 1892 1752 1928 funda-

273 1950 422 1979 mentum
439 1944 571 1979 firmum
592 1950 628 1979 et
646 1944 753 1980 totius
772 1945 867 1980 vitae
885 1945 1093 1990 praesidium
1112 1945 1284 1979 immotum
1302 1941 1464 1978 ducant.'’
1510 1941 1615 1987 (111.)
1638 1940 1751 1985 Atque

273 1991 362 2026 haee
382 1991 518 2036 quidem
535 1991 571 2025 in
589 1992 678 2026 hunc
700 1991 833 2026 modum
853 1992 948 2026 dicta
969 1997 1049 2025 sunt
1069 1992 1112 2025 ab
1127 1991 1257 2035 inclyto
1277 1990 1335 2024 illo
1353 1990 1512 2024 Palama=
1535 1999 1647 2033 neque
1670 1998 1752 2021 vero

274 2037 327 2072 eie
348 2036 442 2072 dicta
460 2041 563 2079 sunt,
586 2043 625 2072 ut
650 2050 716 2073 non
739 2037 854 2072 statim
874 2038 1031 2083 perfecta
1050 2038 1137 2079 sint3
1162 2049 1274 2083 neque
1293 2037 1450 2082 perfecta
1468 2034 1604 2080 quidem
1625 2033 1752 2075 statim,

275 2083 339 2120 sed
365 2083 465 2118 aliter
491 2095 590 2129 quam
617 2088 842 2119 convenerat:
868 2084 1039 2119 enimvero
1060 2089 1096 2119 et
1118 2096 1160 2119 ea
1178 2085 1255 2130 ipsa
1278 2084 1354 2124 die,
1379 2086 1414 2117 et
1430 2080 1634 2116 cumulatius
1653 2091 1753 2124 quam

274 2129 445 2176 quidquid
473 2134 701 2173 convenerat,
726 2134 869 2176 peracta
891 2132 1042 2165 suerunt.
1088 2131 1183 2166 Adeo
1203 2132 1466 2176 imperatorem,
1490 2127 1625 2174 quoties
1648 2125 1752 2160 Pala-—

275 2187 363 2213 mam
385 2188 428 2210 cu
455 2176 484 2210 it
501 2188 636 2220 ornare,
661 2188 703 2212 ea
721 2177 798 2222 ipsa
814 2177 985 2223 cupidita&
1004 2178 1049 2212 ad
1069 2189 1125 2211 res
1137 2178 1289 2224 agendas
1309 2181 1502 2222 promptum
1520 2173 1648 2214 efficit3
1667 2172 1754 2207 adeo

275 2222 420 2269 quidqui
475 2223 633 2258 Palamas
661 2223 772 2258 animo
796 2223 1012 2266 decreverit,
1036 2224 1072 2258 id
1100 2223 1158 2258 ille
1185 2225 1289 2258 rebus
1317 2222 1470 2257 omnibus
1491 2219 1636 2266 agendis
1657 2224 1756 2253 ante-

276 2269 478 2304 vertendum
497 2274 610 2316 putat.
657 2269 836 2311 Quaedam
855 2271 942 2305 enim
962 2270 1078 2306 statim
1091 2275 1275 2305 exsecutus
1294 2274 1360 2311 est,
1385 2267 1554 2314 quaedam
1571 2268 1756 2300 exsecutu-

276 2327 352 2351 rum
376 2327 416 2350 se
440 2315 557 2350 statim
583 2316 752 2362 promisit.
808 2317 909 2362 (IV.)
933 2318 982 2352 Ac
1001 2321 1072 2352 tum
1091 2317 1211 2352 videre
1230 2319 1325 2358 erat,
1350 2314 1502 2349 homines
1521 2311 1629 2347 omnis
1647 2323 1756 2356 gene—

275 2363 328 2398 ris
347 2362 457 2397 scindi
478 2363 516 2397 in
537 2362 693 2398 diversos
719 2362 886 2405 affectus3
911 2364 987 2399 aliis
1008 2368 1081 2399 tum
1106 2363 1249 2399 maxime
1275 2359 1546 2401 confidentibus,
1571 2362 1607 2393 et
1625 2357 1756 2392 firmio-

275 2420 349 2444 rem
365 2409 401 2444 in
429 2409 503 2444 Deo
527 2420 622 2456 spem
642 2421 721 2444 cum
745 2409 887 2444 firmiori
914 2411 983 2445 fide
1009 2411 1223 2445 coniunctam
1251 2406 1517 2448 collocantibus,
1541 2404 1756 2449 animumque

276 2455 324 2490 ad
349 2455 535 2491 certamina
565 2455 731 2491 athletica
747 2461 784 2490 et
803 2457 848 2491 ad
873 2457 1031 2503 martyrii
1055 2458 1166 2491 luctas
1192 2454 1423 2495 armantibus3
1448 2452 1526 2488 aliis
1552 2456 1757 2498 persecuto-

277 2513 354 2536 rum
371 2502 612 2538 immanitatem
627 2502 809 2537 mussando
836 2504 1095 2546 accusantibus3
1121 2502 1198 2537 aliis
1223 2499 1452 2536 consternatis
1472 2502 1564 2534 metu
1582 2502 1619 2532 et
1636 2496 1758 2532 formi-

278 2549 359 2583 dine
376 2550 561 2593 malorum,
583 2561 659 2584 cum
678 2550 907 2595 praesentium
924 2554 960 2584 et
979 2549 1085 2585 oculis
1112 2547 1387 2589 obversantium‚
1410 2552 1484 2582 tum
1506 2555 1640 2586 eorum,
1670 2554 1758 2588 quo-

278 2606 355 2630 rum
371 2597 609 2643 exspectatio,
633 2596 700 2631 etsi
717 2596 871 2638 incerta,
895 2596 1054 2631 maiorem
1073 2599 1187 2631 tamen
1215 2595 1420 2630 anxietatem
1438 2591 1548 2627 animo
1567 2589 1757 2624 denuncia-

279 2641 361 2683 bat,
386 2655 486 2688 quam
506 2654 596 2690 quae
616 2643 660 2678 ob
679 2642 794 2677 oculos
815 2642 930 2688 posita
951 2645 1085 2685 essent3
1108 2654 1149 2677 ac
1167 2641 1266 2676 modo
1285 2640 1422 2686 quidem
1437 2637 1643 2674 abdentibus
1663 2647 1701 2670 se
1720 2639 1757 2670 et

278 2687 512 2732 latitantibus;
535 2689 632 2725 modo
649 2688 913 2734 emergentibus,
936 2693 1099 2736 tanquam
1119 2700 1163 2723 ex
1181 2687 1366 2722 inferorum
1385 2685 1509 2733 portis,
1530 2688 1566 2719 et
1579 2683 1616 2717 in
1627 2693 1756 2723 eorum,

281 2734 407 2779 quibus
422 2736 588 2779 fiderent,
617 2741 836 2781 conspectum
855 2736 1100 2781 prodeuntibus
1112 2759 1123 2778 ‚
1147 2734 1385 2780 occultumque
1407 2730 1509 2767 animi
1526 2729 1677 2765 dolorem
1694 2738 1757 2774 per

282 2782 433 2829 suspiria
451 2786 546 2818 muta
562 2786 598 2818 et
617 2793 681 2829 per
698 2782 865 2828 lacrymas
881 2782 1030 2817 furtivas
1047 2779 1333 2827 significantibus.
1376 2779 1479 2815 Esto.
1690 2820 1699 2829 .
1726 2819 1735 2830 ·

379 2830 413 2866 6.
435 2829 535 2867 Haec
553 2840 630 2866 cum
645 2829 700 2865 ite
714 2828 855 2873 fierent,
880 2833 917 2865 et
939 2828 1074 2866 ovantis
1096 2826 1349 2875 persecutionis
1374 2826 1549 2862 theatrum
1571 2825 1648 2860 tota
1668 2832 1756 2857 civi-
