1794 3172
366 156 686 214 rusToRlAE
713 166 1089 212 BYZANTINAE
1114 167 1234 212 XIV.
1255 175 1295 214 7.
1472 164 1575 210 717

78 274 184 333 μνόν
215 294 259 320 τε
283 278 351 320 καὶ
381 276 617 335 ἐλευθέριον
652 272 785 334 ἦθος,
831 279 899 322 καὶ
930 277 973 328 ἐς
999 276 1051 320 τὰ
1083 281 1159 333 τῆς
1189 276 1339 335 ἀρετῆς
1358 275 1568 336 ἀνάκτορα
1591 285 1681 319 A-C·
1702 283 1793 320 1344

79 348 286 400 σπεῦδον,
324 349 393 390 καὶ
423 347 494 390 τὸν
522 345 691 404 Δώριον
721 345 876 404 τρόπον
906 344 963 397 ὥς
993 346 1167 403 ἀληθῶς
1182 344 1444 404 ἡρμοσμένον
1466 333 1791 414 πρόςιωὲζθὶῗξλ“

78 415 133 458 ’τὰ
153 414 273 460 καλά.
332 414 429 475 (A.)
464 419 622 460 Πᾶσαν
652 417 730 472 μὲν
757 416 837 474 γὰρ
873 413 1123 471 αὐτομάτως
1156 419 1279 460 εἷπεΐν
1294 419 1363 460 καὶ
1388 415 1410 461 ὃ
1426 422 1607 476 χῶροςῙ)

79 485 229 536 ἐκεῖνος
249 484 496 530 ἄποσπεύδει
515 488 582 529 καὶ
606 485 839 530 ἀπωθεῖται
860 487 1032 539 κακίαν,
1072 490 1213 530 πᾶσαν
1237 486 1281 530 δ’
1312 490 1566 532 εἷσποιεῖκαὶ
1576 469 1698 508 v’364

43 556 329 608 5εἷσοικίζεται
352 553 526 614 ἀρετήν·
564 555 679 613 παρὰ
699 553 901 599 τοσοῦτόν
921 573 964 599 τε
991 553 1237 613 φιλόκαλος,
1276 555 1463 614 παρόσον
1483 558 1570 602 ἐστὶ

73 623 367 683 μισοπόνηρος.
405 627 473 668 καὶ
505 630 629 668 τοῦτο
650 623 777 668 πάλαι
805 622 1131 683 προανεφώνησέ
1148 642 1191 668 τε
1224 627 1292 668 καὶ
1312 628 1564 683 προεθέσπι-

75 710 167 746 σεν,
201 694 250 736 οὐ
277 696 429 750 χείλεσι
462 696 529 738 καὶ
550 701 797 751 φωνητικοΐς
817 693 1006 751 ὀργάνοις
1025 696 1154 746 τισὶν,
1191 694 1289 737 ἀλλ’
1319 695 1451 753 ἔργοις
1474 696 1603 745 οἷονΕ

74 761 280 818 ἐμψύχοις
307 765 376 807 καὶ
410 763 480 807 διὰ
514 762 651 820 πάσης
678 769 753 821 γῆς
776 766 844 807 καὶ
864 763 1086 819 θαλάσσης
1105 764 1152 808 τὸ
1173 762 1364 822 κήρυγμα
1387 771 1461 810 τοῦ
1489 785 1568 810 κα-

75 835 150 874 λοῦ
171 830 458 891 παραπέμπειν
480 836 548 876 καὶ
568 835 722 890 ἐξηχεῖν
746 835 1002 889 δυναμένοις.
1031 833 1192 890 Ξέρξου
1214 834 1293 891 γὰρ
1314 836 1466 879 ἐκείνου
1487 842 1564 880 τοῦ

18 914 64 948 10
75 899 202 944 πάλαι
223 902 269 946 τὸ
292 901 512 961 βάρβαρον
534 906 602 946 καὶ
632 904 837 961 ἀγέρωχον
858 902 1054 961 φρόνημα
1068 937 1081 956 ,
1123 904 1361 960 ἀσελγαῖνον
1380 904 1468 960 ἅμα
1494 909 1564 962 καὶ

72 977 245 1029 τρυφῶν
265 973 372 1016 κατὰ
395 977 470 1029 τῆς
490 978 573 1017 τῶν
594 971 702 1017 ὅλων
722 972 908 1031 φύσεως,
948 975 1016 1016 καὶ
1034 972 1087 1016 τὰ
1106 980 1285 1028 στοιχεῖα
1307 972 1444 1018 πάντα
1469 994 1562 1018 και-

71 1048 258 1096 νοτομεῖν
288 1041 582 1099 ἐπαιρόμενον,
629 1044 713 1086 ἐπεὶ
747 1045 815 1085 καὶ
836 1047 912 1086 τοῦ
934 1042 1059 1097 ὅρους
1080 1046 1256 1086 τουτουῖ·
1268 1043 1341 1087 τὸν
1362 1045 1561 1099 ι’σθμικόν

71 1110 224 1166 αὐχένα
260 1111 455 1169 διορύξας
484 1113 783 1168 μετεστοιχειόυ
813 1115 882 1156 καὶ
912 1110 1176 1167 μετεσκεύαζε
1204 1112 1276 1156 τὸν
1294 1118 1436 1171 χῶρον
1455 1114 1597 1171 πρὸςΕ

70 1185 221 1235 νῆσον,
260 1183 328 1224 καὶ
349 1182 424 1233 τὰς
442 1182 714 1239 ἧπειρωτικάς
738 1182 812 1239 ἐφ’
832 1180 976 1239 ὑγραῖς
996 1183 1199 1237 διεβίβαζε
1221 1182 1322 1234 τέως
1340 1181 1561 1240 θαλάττης

15 1262 59 1298 15
71 1249 292 1307 ἀγκάλαις,
322 1253 389 1294 καὶ
422 1255 565 1308 νηίτην
596 1252 668 1296 τὸν
700 1251 932 1311 ἠπειρώτην
965 1253 1118 1295 ἐδείκνυ
1141 1252 1346 1310 στρατὸν,
1387 1254 1453 1296 ἐπὶ
1480 1258 1556 1297 τοῦ

71 1319 292 1377 πανδήμου
332 1320 518 1379 θεάτρου
559 1326 634 1378 τῆς
674 1322 915 1377 οῗκουμὲνης
953 1327 1190 1380 περιφανῶς
1229 1320 1437 1379 ἐξήλεγξε,
1486 1325 1556 1366 καὶ

70 1390 175 1447 πρὸς
216 1390 263 1435 τὸ
306 1389 678 1449 ἀνθρωπικώτερον
720 1396 795 1435 τοῦ
834 1390 969 1449 τύφου
1011 1392 1059 1435 τὸ
1094 1395 1285 1435 πλεῖστον
1324 1390 1550 1448 ἀπήλλαξε,

69 1462 138 1503 καὶ
169 1460 230 1503 δι’
265 1461 418 1504 ἐκείνου
442 1460 602 1511 πάντας
631 1462 790 1513 ἐδίδαξε
812 1461 1037 1517 βασιλέας,
1073 1463 1139 1504 καὶ
1161 1462 1442 1518 στρατηγοὺς,
1484 1464 1556 1505 καὶ

69 1528 311 1586 σατράπας,
351 1531 399 1573 τὸ
427 1536 501 1587 τῆς
532 1529 691 1589 ὀφρύος
722 1531 895 1588 ἄκαιρον
925 1531 1261 1588 ἀπορῥίπτοντας
1296 1529 1553 1588 μετριώτερα
1685 1574 1690 1585 ,

10 1598 203 1656 Ξοδήπου
244 1607 422 1658 φρονεῖν.
473 1599 608 1651 οὕτως
646 1602 689 1651 ἐξ
727 1601 857 1656 ἀρχῆς
899 1598 925 1656 ἦ
966 1599 1091 1657 φύσις
1134 1598 1405 1658 ἐργαστήριον
1446 1600 1683 1644 αὗτό.Ρ.450

67 1668 358 1713 κατεσκεύακεν
392 1669 540 1726 ἀρετῆς
561 1703 574 1723 ,
620 1672 687 1712 καὶ
727 1668 887 1719 πάντας
927 1670 1030 1712 ἕλκει
1062 1668 1165 1726 πρὸς
1200 1668 1356 1726 ἔρωτας
1384 1668 1550 1714 ἄνωθεν

66 1737 253 1792 ἑαυτοῦ,
303 1739 362 1794 μὴ
405 1738 535 1794 μόνον
576 1738 690 1789 ὅσοις
729 1744 804 1782 τοῦ
846 1743 921 1794 τῆς
969 1739 1119 1796 ἀρετῆς
1153 1741 1222 1783 καὶ
1263 1743 1337 1794 τῆς
1375 1737 1551 1795 ἡσυχίας

66 1810 219 1865 ἐκείνης
244 1807 460 1852 ὃπώσποτε
487 1807 718 1866 γεύσασθαι
750 1809 914 1864 μέλιτος
943 1809 1163 1865 ἐξεγένετο,
1201 1808 1309 1851 ἀλλὰ
1336 1810 1406 1852 καὶ
1435 1808 1551 1860 ὅσοις

159 1904 216 1943 14.
239 1904 497 1952 ἠπειρωτικᾶς]
520 1904 699 1953 δυνάμεις
720 1906 859 1954 supplet
879 1906 981 1941 Boiv.

65 1990 139 2022 tum
154 1987 250 2022 vitae
265 1987 473 2031 institutum,
491 1987 674 2023 honestum
691 1987 822 2034 reipsa
838 1990 874 2023 et
890 1986 1046 2029 liberale,
1069 1986 1226 2022 studiose
1243 1985 1287 2022 ad
1303 1987 1548 2023 sacrariaVir-

63 2034 150 2069 tutis
168 2035 297 2080 pergit,
315 2040 351 2069 et
370 2035 500 2070 Dorica
515 2035 618 2081 plane
633 2034 809 2070 harmonia
825 2046 903 2069 cum
918 2036 1008 2069 bono
1027 2037 1064 2068 et
1080 2033 1223 2080 pulchro
1239 2034 1411 2081 congruit.
1448 2035 1547 2080 (lv.)

64 2081 210 2116 Omnem
231 2082 319 2116 enim
337 2082 433 2116 locus
454 2082 512 2116 ille
538 2087 662 2128 suapte
686 2081 934 2128 quodammodo
958 2080 1118 2115 amandat
1138 2081 1255 2127 procul
1275 2086 1382 2127 atque
1404 2081 1548 2128 expellit

64 2127 339 2174 improbitatem3
358 2128 521 2163 virtutem
541 2134 656 2174 autem
677 2140 807 2163 omnem
822 2127 984 2164 adsciscit
1003 2133 1038 2162 et
1058 2127 1102 2161 ad
1125 2139 1162 2162 se
1177 2127 1389 2170 intromittit,
1406 2134 1547 2173 tamque

64 2181 120 2210 est
142 2186 258 2210 amans
276 2175 383 2215 recti,
408 2187 507 2221 quam
527 2175 627 2220 pravi
646 2175 813 2210 inimicus.
860 2176 969 2221 quue
988 2174 1078 2208 idem
1096 2174 1156 2221 ille
1172 2186 1269 2208 mons
1291 2174 1426 2221 pridem
1443 2179 1547 2209 antea

63 2221 256 2258 declaravit
273 2234 315 2258 ac
335 2221 606 2268 praemuciadt,
630 2234 695 2256 non
715 2223 822 2256 labris
839 2226 898 2256 aut.
919 2221 987 2256 ullo
1006 2221 1074 2255 alio
1092 2221 1190 2255 vocis
1206 2232 1356 2266 organo,
1379 2221 1441 2256 sed
1460 2232 1545 2266 ope-

63 2268 161 2303 ribus
181 2269 280 2315 quasi
301 2269 477 2309 animatis,
502 2280 592 2314 quae
610 2280 673 2314 per
693 2280 821 2303 omnem
843 2274 984 2315 possent
1006 2273 1122 2302 terrae
1148 2271 1184 2302 et
1201 2267 1305 2302 maris
1329 2269 1444 2303 orbem
1468 2267 1545 2313 pul-

63 2315 139 2350 chri
158 2315 315 2361 rectique
334 2315 552 2361 praeconium
573 2315 770 2350 diffundere
788 2327 829 2350 ac
847 2315 1059 2362 praedicare.
1106 2313 1244 2349 Xerxae
1260 2314 1348 2348 enim
1372 2314 1461 2348 illius
1480 2313 1544 2347 re-

62 2362 148 2397 teris
165 2363 349 2397 barbarum
368 2368 404 2396 et
423 2362 574 2396 ferocem
594 2362 759 2404 animum,
784 2362 844 2408 qui
869 2362 904 2396 in
922 2363 1029 2407 ipsam
1051 2372 1162 2395 rerum
1187 2364 1342 2396 naturam
1366 2360 1543 2395 libidinem

62 2416 100 2444 et
118 2409 293 2443 lasciviam
314 2420 409 2444 suam
429 2409 626 2451 exercebat,
645 2414 749 2453 atque
765 2408 801 2443 in
817 2415 946 2443 tantum
963 2408 1073 2442 elatus
1090 2411 1177 2449 erat,
1189 2412 1229 2442 ut
1246 2407 1412 2442 elementa
1430 2406 1543 2441 omnia

59 2456 220 2490 novando
239 2459 405 2497 mutaret,
430 2467 530 2500 quum
549 2456 623 2490 eius
643 2455 751 2501 ipsius
777 2455 901 2490 montis
923 2455 1049 2489 isthmo
1076 2454 1232 2500 perfosso
1252 2458 1379 2488 terram
1395 2453 1430 2487 in
1447 2464 1541 2491 mage

62 2502 304 2545 convertisset,
328 2502 505 2547 locumque
523 2503 558 2536 in
575 2502 708 2537 insulae
732 2502 872 2536 formam
890 2501 1105 2547 redegisset3
1131 2512 1205 2535 cum
1219 2505 1404 2535 terrestres
1421 2499 1540 2545 copias

61 2560 125 2595 per
137 2560 229 2584 mare
246 2548 503 2591 transmisisset,
527 2549 782 2594 effecissetque‚
801 2553 839 2583 ut
855 2548 987 2583 navalis
1012 2547 1190 2582 videretur
1210 2546 1240 2580 is
1262 2546 1453 2588 exercitus,
1478 2545 1538 2590 qui

61 2600 139 2629 erat
155 2596 352 2637 terrestris,
374 2596 480 2638 illius,
498 2595 649 2642 inquam,
667 2596 806 2630 Xerxae
823 2595 1018 2642 superbiam
1034 2593 1069 2628 in
1084 2593 1191 2628 totius
1210 2593 1303 2627 orbis
1326 2593 1539 2638 frequentis-

61 2641 147 2676 simo
167 2643 303 2676 theatro
322 2642 596 2687 splendidissime
612 2642 750 2687 arguit,
772 2647 809 2676 et
828 2641 903 2676 eius
919 2642 1045 2676 fastum
1065 2641 1207 2675 maxima
1227 2651 1269 2673 ex
1287 2644 1387 2684 parte
1405 2639 1450 2674 ad
1466 2650 1539 2673 mo-

61 2699 132 2723 rem
159 2688 385 2722 humaniorem
411 2687 571 2731 reduxit,
595 2701 638 2723 ac
658 2700 722 2734 per
741 2700 817 2723 eum
839 2700 953 2723 omnes
973 2693 1009 2722 et
1025 2698 1127 2732 reges
1145 2691 1181 2721 et
1202 2686 1306 2720 duces
1325 2692 1362 2720 et
1378 2691 1537 2730 satrapas

60 2734 275 2779 supercilium
291 2735 564 2780 intempestivum
581 2735 732 2770 abiicere
748 2739 784 2769 et
802 2734 1064 2770 moderatiorem
1082 2733 1227 2768 animum
1247 2732 1391 2767 induere
1409 2730 1539 2766 docuit.

59 2781 156 2817 Adeo
179 2786 323 2815 montem
346 2781 443 2816 illum
468 2783 512 2817 ab
532 2781 632 2816 initio
654 2786 777 2816 natura
799 2782 877 2828 ipsa
901 2781 1074 2816 officinam
1095 2779 1235 2814 virtutis
1257 2791 1331 2813 esse
1347 2778 1477 2820 voluit,
1501 2779 1539 2812 et

59 2839 177 2862 omnes
196 2826 396 2873 iampridem
423 2828 467 2862 ad
492 2839 638 2863 amorem
665 2828 740 2863 eius
766 2828 893 2870 allicit3
916 2839 984 2862 non
1005 2839 1066 2862 eos
1090 2826 1218 2868 solum,
1241 2826 1367 2871 quibus
1390 2823 1538 2869 contigit

59 2874 199 2909 virtutis
214 2880 249 2909 et
264 2874 523 2921 tranquillitatis
537 2875 629 2911 illius
646 2875 710 2911 mel
726 2878 902 2922 utcunque
919 2879 1072 2922 gustare,
1088 2884 1206 2909 verum
1226 2878 1262 2908 et
1280 2883 1352 2915 eos,
1370 2871 1430 2918 qui
1446 2871 1538 2905 fama
