1794 3172
11 232 50 265 A.
68 231 112 264 M.
130 229 223 268 6855

57 279 126 311 Ind.
140 279 184 313 15

101 324 143 359 1³.
152 325 222 365 503

231 106 332 157 800
479 105 482 107 ’
619 109 939 155 NICEPHORI
967 94 1302 154 GREGORAE

229 239 308 280 γας
337 224 556 280 προξενεῖν.
594 219 640 263 τὸ
675 219 754 277 γὰρ
787 218 857 262 διὰ
887 218 966 275 τὴν
998 219 1180 274 ἐμαυτοῦ·
1209 218 1420 277 σωτηρίαν
1449 234 1495 262 σε
1521 219 1627 274 μετὰ
1646 225 1721 263 τοῦ

232 296 308 336 σοῦ
331 289 571 349 προδιδόναι
592 288 749 346 πατρὸς
773 289 845 347 (ἐῶ
861 288 941 344 γὰρ
971 288 1048 343 τὴν
1069 287 1198 343 ἄλλην
1220 288 1409 332 ἐνταῦθα
1430 289 1558 346 λέγειν
1579 291 1726 346 συγγέε

232 380 364 414 νειαν,
392 356 419 419 ᾗ
442 365 524 404 τῶν
545 357 744 403 κινδύνων
768 357 1028 413 ξυμμετέχειν
1045 375 1087 400 τε
1107 359 1175 400 καὶ
1195 355 1509 416 παραπολαύειν
1534 359 1725 414 ξυνέβαι-

230 430 315 489 νεν)
347 430 489 486 ὅμοιον
512 425 587 485 ἦν,
622 427 758 485 ὥσπερ
791 426 842 471 ἂν
862 429 895 470 εἶ
927 426 1108 482 ἐμαυτὸν
1128 426 1224 470 ἀντ’
1258 428 1440 484 ἐμαυτοῦ
1461 430 1722 486 προεδίδουν,

231 503 299 545 καὶ
327 500 481 555 τούμὸν
506 497 609 541 ἑκών
637 504 832 553 παρεῖχον
863 495 966 552 αἷμα
997 496 1103 540 κατὰ
1134 501 1211 554 γῆς
1232 501 1455 541 κενοῦσθαι
1477 497 1546 541 διὰ
1569 498 1750 553 τοῦμόνὸ

232 573 355 616 εἰπεῖν
385 567 502 625 αἷμα.
534 566 667 618 οὕτως
696 569 752 617 εἷς
783 568 1023 623 αἲνίγματος
1047 564 1169 623 λόγον
1200 567 1276 623 τὴν
1306 568 1499 611 ἐντεῦθεν
1522 567 1722 625 ἀνέφερον

233 639 414 692 ἔννοιαν,
450 639 518 681 καὶ
549 636 666 680 λύσιν
693 636 769 692 οὐχ
803 635 990 693 εὕρισκον
1023 636 1218 692 οὐδεμίαν
1229 670 1244 691 ,
1285 636 1389 680 ὥστε
1413 636 1521 680 καθ’
1556 637 1597 680 ἵν
1617 638 1664 694 γε’
1683 655 1723 681 τι

191 708 598 766 Βπαραλογίσασθαι
619 706 694 756 τὰς
714 710 795 749 τῶν
814 704 905 750 τότε
926 709 1132 763 λογισμῶν
1152 708 1368 764 κρηπῖδας.
1403 705 1431 750 ἃ
1448 710 1547 764 γοῦν
1571 705 1728 751 οὖτωσί

231 796 319 830 πως
339 775 608 837 ἐφυλαξάμην
627 776 754 826 αὐτὸς
773 777 815 819 ἐν
835 780 894 835 τῷ
918 774 1012 819 τότε
1033 774 1207 830 παρόντι
1227 776 1288 832 μὴ
1307 778 1431 837 δρᾷν,
1453 781 1527 820 νῦν
1547 776 1621 820 τὸν
1641 795 1725 820 πα-

230 849 330 905 τέρα
349 848 422 891 τὸν
450 846 524 891 σὸν
554 846 659 890 κατὰ
684 850 759 889 σοῦ
786 847 854 889 καὶ
874 850 950 901 τῆς
982 850 1059 902 σῆς
1078 844 1184 902 ὁμοῦ
1205 848 1436 903 συγγενείας
1453 844 1617 901 ἁπάσης
1637 845 1722 904 δρῶ
1737 858 1781 892 10

100 915 489 975 ν.407δεδρακότα·
526 918 592 960 ναὶ
615 916 699 972 μὴν
726 917 793 959 καὶ
822 916 930 959 κατὰ
958 914 1150 970 πάντων,
1197 914 1341 966 ἅπλῶς
1369 918 1517 970 εἴπεΐν,
1555 914 1724 967 ὁπόσοις

232 987 332 1038 voi-g
357 985 543 1045 μακροὺς
572 987 745 1036 ἐκείνους
778 984 996 1042 τετύχηκεν
1031 985 1192 1037 ἄθλους
1211 988 1406 1044 δραμεῖν,
1447 984 1724 1043 στρατιώταις

233 1059 302 1101 καὶ
336 1063 604 1113 στρατηγοῖς,
639 1053 701 1105 οἷς
727 1056 803 1111 μὲν
825 1056 924 1106 τοὺς
955 1054 1200 1114 ὑπερορίους
1231 1057 1435 1110 ἐκείνους,
1470 1054 1532 1107 οἷς
1555 1056 1600 1099 δὲ
1624 1056 1724 1106 τοὺς

234 1125 330 1170 κατ’
365 1124 499 1180 οἶκον,
539 1128 605 1169 καὶ
640 1124 700 1176 οἷς
726 1126 802 1176 τὰς
828 1126 872 1169 ἐν
904 1127 1201 1183 δεσμωτηρίοις
1228 1125 1438 1176 κακώσεις.
1486 1126 1534 1169 οὗ
1565 1125 1644 1183 γὰρ
1672 1123 1724 1169 ἇ-

234 1200 367 1239 πλοῦν
385 1194 566 1253 ὑπῆρχεν
596 1195 617 1239 ὃ
639 1203 724 1246 τοῖς
749 1194 1028 1252 ταλαιπώροις
1054 1194 1147 1240 τότε
1168 1196 1400 1252 ξυνηνέχθη
1421 1193 1577 1249 πάθος,
1604 1195 1652 1238 οὗ
1676 1195 1721 1238 δ’
1736 1207 1780 1243 15

193 1266 299 1308 Οέπὶ
324 1264 487 1323 βραχύν
515 1283 607 1309 τινα
636 1265 709 1309 τὸν
735 1264 912 1323 χρόνον,
946 1265 1009 1309 ὅτι
1039 1265 1099 1322 μὴ
1129 1266 1397 1310 παντοδαπὸν
1419 1267 1487 1309 καὶ
1519 1267 1720 1319 ποικίλον,

233 1334 333 1378 κάπὶ
364 1342 540 1391 μακροῖς
571 1336 835 1390 ἐντεταμένον
867 1339 942 1379 τοῦ
967 1334 1122 1394 χρόνου
1146 1343 1234 1387 τοῖς
1265 1334 1390 1394 ὅροις.
1429 1334 1540 1379 οὕτω
1556 1334 1727 1391 χαλεπὰ-

231 1404 320 1460 μέν,
354 1402 414 1455 οἷς
438 1405 660 1456 ἐθελοντὰς
678 1403 794 1462 ἡμεῖς
811 1403 985 1456 ἐαυτοῦς
1004 1404 1248 1462 καθήκαμεν
1267 1404 1424 1449 πάθεσι
1441 1403 1534 1449 τότε
1550 1419 1559 1429 ·
1593 1409 1722 1460 χαλε-

231 1471 398 1531 πιότερα
430 1474 475 1517 δ’
511 1472 573 1525 οἷς
600 1474 766 1526 ἄκοντες
793 1480 869 1519 νῦν
899 1475 1004 1534 πρὸς
1034 1480 1110 1519 τοῦ
1140 1480 1218 1520 σοῦ’
1241 1475 1399 1534 πατρὸς
1423 1472 1727 1531 ὖπεβλήθημεν,

233 1542 410 1594 ἀναξίως
435 1541 567 1599 ἡμῶν,
603 1542 706 1602 ὑπὲρ
731 1545 809 1603 γὰρ
837 1546 1076 1604 ἐλευθερίας
1103 1545 1349 1602 εὐδαίμονος
1380 1544 1593 1603 τρέχοντες
1623 1547 1723 1587 δου-
1734 1555 1782 1591 20

232 1614 345 1656 λείαν
379 1612 587 1669 ἐλάθομεν
618 1613 891 1670 ἀλλαξάμενοι
925 1616 1209 1671 κακοδαίμονα
1239 1620 1324 1659 τῶν
1361 1619 1534 1673 μακρῶν
1563 1615 1724 1658 ἐκείνων

231 1680 369 1726 πόνων
393 1685 460 1726 καὶ
483 1681 662 1742 δρόμων.
703 1684 776 1735 οὓς
793 1685 871 1743 γὰρ
896 1683 949 1736 ὥς
970 1683 1213 1740 ἐπιβούλους
1239 1685 1452 1744 σφοδροὺς
1481 1689 1556 1741 τῆς
1578 1682 1724 1741 ἡμετέ-

190 1757 313 1808 Βρας
338 1751 558 1810 ἐφεύγομεν
593 1755 720 1809 ζωῆς,
757 1752 933 1805 τούτους
962 1753 1166 1805 δεσπότας
1193 1754 1309 1811 μα’λα
1338 1773 1403 1799 τοι
1425 1754 1603 1810 ἅσμενος
1625 1752 1723 1810 ἡμῖν

235 1818 257 1863 ὃ
291 1821 364 1872 σὸς
394 1821 728 1879 ἐκεχειροτονήκει
758 1822 920 1882 πατήρ·
959 1823 1095 1882 ὥσπερ
1124 1823 1174 1868 ἂν
1205 1827 1240 1868 εἰ
1274 1826 1460 1880 ἐπίτηδες
1490 1822 1724 1874 οὕτωτούς

232 1890 413 1941 πολλοὺς
443 1890 560 1947 ἡμεῖς
586 1890 838 1949 ὑπεμένομεν
867 1891 1042 1947 πόνους,
1076 1895 1148 1937 ἵνα
1174 1894 1227 1937 τὰ
1254 1898 1338 1937 τῶν
1369 1891 1601 1937 διωκόντων
1623 1895 1720 1951 ξίφη
1733 1903 1779 1940 25

233 1977 449 2012 emolumenti
468 1979 582 2023 gratia
600 1983 785 2026 perpetuos
802 1979 1035 2015 conscientiae
1050 1979 1203 2015 stimulos
1218 1981 1423 2015 admovere.>
1458 1980 1645 2015 Enimvero
1666 1993 1725 2016 sa-

233 2023 317 2058 lutis
337 2036 434 2059 meae
455 2037 560 2060 causa
577 2032 682 2072 teque
697 2033 734 2061 et
752 2032 885 2072 patrem
901 2033 996 2061 tuum
1018 2027 1164 2072 prodere
1181 2028 1239 2072 (ut
1257 2028 1323 2062 hoc
1339 2029 1415 2062 loco
1432 2028 1551 2062 sileam
1569 2033 1606 2062 et
1623 2028 1723 2063 aliam

233 2071 490 2114 cognationem,
517 2085 605 2117 quae
626 2074 854 2119 periculorum
882 2073 975 2107 socia
997 2079 1032 2107 et
1052 2073 1226 2120 particeps
1247 2075 1349 2119 erat)
1375 2074 1521 2120 perinde
1539 2074 1624 2109 illud
1643 2075 1727 2117 fuit,

235 2128 277 2151 ac
292 2117 323 2150 si
343 2118 408 2151 mei
427 2130 531 2152 causa
550 2131 602 2153 me
620 2120 730 2164 ipsum
753 2119 990 2165 prodidissem,
1013 2125 1049 2154 et
1069 2121 1247 2165 sanguinis
1270 2121 1334 2156 mei
1361 2121 1590 2156 conservandi
1607 2122 1723 2156 studio

232 2174 344 2198 meum
364 2164 563 2209 sanguinem
590 2165 678 2200 ultro
705 2166 912 2201 effudissem.
961 2166 1054 2201 Adeo
1075 2167 1242 2202 eiusmodi
1265 2167 1512 2215 eogitationem
1536 2168 1723 2213 aenigmati

233 2209 376 2250 similem
395 2222 472 2245 esse
491 2213 705 2254 statuebam3
731 2213 818 2247 adeo
843 2213 935 2247 nulla
958 2224 978 2247 a
996 2225 1049 2247 me
1068 2214 1191 2249 solutio
1214 2215 1472 2260 reperiebatur,
1497 2226 1587 2261 quae
1607 2215 1724 2249 consi-

231 2255 353 2290 liorum
368 2268 517 2291 meorum
536 2258 652 2292 firmas
670 2259 822 2293 rationes
840 2261 896 2294 vel
914 2259 1083 2294 minimum
1105 2261 1345 2297 labefactaret.
1390 2262 1437 2295 At
1456 2273 1516 2303 ea,
1542 2273 1633 2307 quae
1658 2273 1722 2307 per

230 2302 317 2337 illud
334 2307 467 2348 tempus
485 2304 561 2338 cavi
587 2316 651 2349 ego
671 2317 714 2339 ne
733 2305 958 2348 admitterem,
983 2319 1025 2341 ea
1042 2307 1119 2353 ipsa
1138 2320 1227 2342 nunc
1244 2309 1281 2342 in
1299 2314 1336 2342 te
1355 2314 1391 2342 et
1410 2307 1446 2341 in
1467 2313 1573 2342 totam
1593 2320 1722 2353 cogna-

232 2348 359 2384 tionem
383 2355 476 2384 tuam
503 2350 605 2385 video
628 2363 650 2385 a
675 2357 775 2396 patre
801 2356 861 2386 tuo
887 2352 1035 2387 admissa
1058 2366 1153 2388 esse:
1186 2355 1286 2389 immo
1313 2360 1349 2389 et
1374 2355 1409 2388 in
1437 2366 1552 2389 omnes
1579 2367 1722 2400 prorsus

231 2395 359 2430 milites
377 2408 417 2430 ac
434 2397 561 2439 duces,
586 2397 645 2443 qui
661 2410 802 2443 magnos
820 2398 897 2432 illos
918 2399 1053 2434 labores
1073 2401 1146 2435 sive
1166 2401 1251 2435 foris
1269 2401 1343 2436 sive
1361 2400 1452 2435 domi
1471 2401 1721 2443 decurrerunt3

232 2446 339 2488 atque
355 2442 391 2476 in
410 2455 470 2477 eos
487 2443 594 2489 ipsos,
613 2444 670 2489 qui
689 2445 840 2479 carceris
859 2457 1036 2481 aerumnas
1056 2448 1241 2493 pertulere.
1283 2449 1364 2483 Non
1383 2448 1470 2481 enim
1490 2448 1635 2493 simplex
1653 2448 1722 2483 suit

234 2500 288 2530 ea,
307 2501 395 2534 quae
414 2494 487 2524 tum
508 2489 633 2525 incidit
647 2490 779 2526 miseris
799 2492 995 2534 calamitas,
1019 2506 1132 2540 neque
1149 2494 1184 2528 in
1202 2495 1308 2529 breve
1329 2500 1460 2539 tempus
1478 2494 1636 2535 duravit3
1657 2495 1721 2530 sed

231 2535 411 2581 multiplex
435 2541 472 2571 et
495 2537 615 2578 varia,
644 2542 680 2572 et
707 2537 742 2572 in
769 2538 904 2583 longum
926 2540 1090 2584 temporis
1117 2541 1264 2586 spatium
1293 2541 1430 2576 diffusa.
1490 2541 1722 2583 Quamobrem

231 2581 300 2615 etsi
322 2583 444 2627 gravia
466 2583 565 2618 fuere
591 2595 632 2618 ea
656 2584 764 2627 mala,
789 2586 913 2630 quibus
941 2586 1011 2631 ipsi
1036 2599 1098 2621 nos
1122 2589 1212 2622 ultro
1235 2594 1305 2622 tum
1331 2587 1532 2629 iniecimus,
1556 2589 1722 2633 graviora

229 2631 342 2662 tamen
359 2628 417 2664 illa
433 2634 525 2673 sunt,
537 2629 659 2675 quibus
676 2642 765 2665 nunc
784 2631 885 2667 inviti
905 2644 925 2667 a
941 2638 1083 2677 parente
1101 2638 1160 2668 tuo
1179 2638 1215 2669 et
1232 2634 1366 2679 indigni
1383 2634 1593 2669 subiicimur.
1628 2635 1721 2669 Nam

230 2674 288 2720 qui
309 2676 414 2711 beata
433 2688 495 2722 pro
512 2677 676 2712 libertate
702 2679 941 2720 certabamus,
965 2680 1122 2715 miseram
1143 2681 1344 2715 servitutem
1366 2680 1507 2715 diutinis
1530 2681 1599 2715 illis
1623 2681 1720 2715 labo-

228 2721 326 2755 ribus
342 2722 569 2770 cursibusque
585 2723 818 2769 imprudentes
832 2726 1109 2771 permutavimus.
1135 2727 1232 2768 Quos
1249 2739 1369 2772 nempe
1386 2731 1425 2761 ut
1441 2727 1561 2762 salutis
1578 2732 1720 2763 nostrae

227 2767 451 2804 insidiatores
478 2770 664 2805 acerrimos
682 2770 896 2814 vitabamus,
921 2783 980 2806 eos
1003 2773 1102 2807 nobis
1122 2785 1251 2819 parens
1267 2779 1348 2808 tuus
1368 2774 1523 2808 dominos
1543 2773 1662 2808 volens
1683 2778 1721 2808 et

227 2813 339 2850 libens
360 2815 611 2862 destinaverat·
659 2818 774 2859 Quasi
796 2830 876 2852 vero
899 2830 960 2853 nos
977 2824 1030 2853 tot
1050 2820 1185 2854 labores
1205 2821 1359 2855 consulto
1378 2820 1657 2864 pertulissemus,
1679 2825 1721 2855 ut

227 2871 356 2904 eorum,
380 2862 441 2908 qui
463 2875 525 2898 nos
546 2865 861 2911 persequebantur,
885 2865 1021 2911 gladios
1039 2866 1168 2912 iugulis
1187 2867 1314 2902 nostris
1332 2867 1437 2903 citius
1456 2878 1558 2913 quam
1576 2867 1625 2902 illi
1642 2866 1719 2902 vel-
