1794 3172
249 132 384 180 1106
697 134 1019 182 NICEPHORI
1048 135 1377 184 GREGORAE

24 257 63 290 A.
83 255 127 289 Μ.
145 253 239 292 6859
251 250 321 293 καὶ
362 247 482 292 θείου
521 245 660 304 φωτὸς
698 245 937 303 ἐπιδημίας·
998 241 1047 291 οἷ]
1098 250 1341 304 γενομένου,
1394 250 1559 307 θνητὴν
1606 247 1737 296 οὖσαν

76 304 135 338 ¹¹¹⁶
151 299 194 338 4⁸
249 320 318 363 καὶ
354 317 548 374 οὐρανίου
586 315 692 366 Διὸς
733 316 902 373 ἐνεγκεῖν
949 316 1115 374 οὐδαμῆ
1158 319 1411 374 δυνηθεῖσαν
1448 318 1734 378 λαμπρότητα,

248 388 354 444 μηδ’
390 387 588 443 αἶθερίων
618 390 827 446 κεραυνῶν
860 387 1081 443 ἐνδημίαν,
1131 387 1402 444 ἀναλωθῆναι
1430 389 1505 445 τὴν
1533 392 1731 447 δυστυχῆ.

94 464 136 500 Ρ.
155 462 227 502 694
250 457 361 502 οὕτω
392 460 708 513 σμικροπρεπῶς
740 473 782 499 τε
815 458 882 499 καὶ
913 457 1090 513 ἀγεννῶς
1117 457 1192 508 τὰς
1215 458 1381 514 εὐγενεῖς
1402 463 1486 502 τῶν
1515 458 1637 516 ἇγίων
1669 462 1735 504 έν-

251 529 366 577 νοίας
393 527 462 569 καὶ
490 525 614 577 λέξεις
647 526 689 577 ἒξ
718 525 910 581 ἀμαθίας
938 524 960 570 ὃ
993 530 1206 581 Παλαμᾶς
1234 526 1504 583 ἐκλαμβάνων
1534 531 1602 573 καὶ
1639 532 1762 573 δια-5

249 597 440 654 στρέφων
471 596 524 639 τὰ
554 599 650 639 θεῖα
681 600 755 651 τῆς
779 597 996 652 ἐκκλησίας
1021 595 1190 652 ε’μόλυνε
1215 595 1426 654 δόγματα,
1459 597 1594 657 ὥσπερ
1629 600 1737 644 ἀπο-

250 666 463 721 σειομένης
489 670 564 721 τῆς
586 669 704 723 σφῶν
730 664 958 722 ἐπιστήμης
976 667 1051 722 τὴν
1075 667 1203 710 αὐτοῦ
1231 665 1480 723 κακοήθειαν
1496 683 1505 692 ·
1543 668 1736 728 καθάπερ

251 737 305 780 τὰ
337 740 420 779 τῶν
449 734 586 793 ῥόδων
619 734 776 791 εὔοσμα
808 738 875 779 καὶ
906 735 1064 793 εὐανθῆ
1101 736 1176 792 τὴν
1206 739 1495 794 μαραίνουσαν
1528 739 1635 784 αὐτὰ
1669 741 1737 783 καὶ

251 806 332 864 πρὸ
353 810 427 849 τοῦ
439 803 593 862 χρόνου
609 813 741 862 χεῖρα.
779 811 969 850 τοιοῦτον
989 806 1027 850 οἱ
1049 809 1189 861 σεμνοὶ
1210 811 1286 862 τῆς
1306 811 1380 851 νῦν
1401 809 1615 864 ἐκκλησίας
1643 827 1737 853 ποι-

210 877 371 932 Βμένες
392 876 483 919 νέον
509 874 761 919 διδάσκαλον
781 881 864 919 τῶν
894 879 1022 920 θείων
1043 874 1260 933 δογμάτων
1283 877 1599 934 προύστήσαντο
1610 913 1623 932 ,
1662 897 1737 922 τυ-
1750 884 1794 920 10

250 946 358 1004 φλόν
390 950 536 1004 τυφλῷ
571 943 733 1002 ὃδηγόν.
788 944 851 989 ὅτι
883 946 926 990 δ’
959 946 1035 1003 οὐχ
1064 944 1182 1005 ἁπλῷ
1219 964 1297 990 τινι
1334 946 1442 1007 λόγῳ
1460 949 1573 1006 πρὸς
1604 954 1739 992 ταῦτα

247 1014 463 1072 χριόμενος
486 1017 698 1072 φαίνεται,
739 1015 837 1059 ἀλλ’
869 1016 1003 1068 ὀξεῖαν
1032 1018 1099 1060 καὶ
1122 1015 1289 1074 σφόδρα
1308 1034 1351 1074 γε
1371 1018 1739 1074 κατεσπουδασμέ-

251 1103 328 1141 νην
363 1084 441 1140 ἕχει
471 1085 547 1141 τὴν
577 1083 779 1142 πρόθεσιν
807 1090 881 1141 τῆς
900 1091 1040 1142 ψυχῆς
1050 1120 1063 1140 ,
1096 1088 1163 1129 καὶ
1182 1087 1335 1130 ταύτὸν
1358 1087 1419 1131 ἀεὶ
1441 1096 1528 1139 τοῖς
1545 1091 1646 1145 γυψὶ
1671 1090 1740 1131 καὶ

253 1153 486 1212 κανθάροις
514 1162 644 1208 ποιεῖ,
680 1155 733 1198 τὰ
765 1153 1003 1211 ὑγιαίνοντα
1023 1158 1090 1199 καὶ
1113 1155 1191 1199 ὅσα
1214 1155 1348 1212 εὐώδη
1377 1158 1562 1214 παριὼν,
1599 1163 1685 1202 τῶν
1697 1175 1739 1201 τε

254 1226 401 1276 λέξεων
434 1226 501 1268 καὶ
537 1225 700 1268 ἐννοιῶν
733 1232 818 1275 τοῖς
848 1227 1023 1269 νοσοῦσί
1049 1243 1092 1268 τε
1129 1227 1195 1268 καὶ
1225 1224 1304 1269 ὅσα
1332 1232 1498 1282 μακρᾶς
1530 1230 1738 1278 δυσωδίας
1753 1231 1794 1268 15

217 1292 423 1348 (Σάπόζει,
460 1294 734 1351 προστέτηκε,
775 1297 841 1337 καὶ
872 1294 959 1350 ἅμα
992 1295 1251 1352 διαστρέφων
1275 1295 1323 1339 οὗ
1345 1295 1461 1351 μάλα
1493 1299 1665 1340 αἰδεῖται
1688 1297 1741 1340 τὰ

255 1368 429 1407 πλεῖστα
465 1365 608 1423 (τοῦτο
641 1366 685 1407 δὲ
716 1366 783 1407 καὶ
813 1370 954 1421 γυπῶν
982 1367 1050 1408 καὶ
1078 1363 1304 1429 κανθᾴρων
1331 1364 1574 1424 ὑπέρτερον)
1612 1369 1740 1422 δῆλον

255 1435 461 1478 ἐντεῦθεν.
525 1435 568 1477 ἐν
605 1434 683 1492 γὰρ
724 1436 888 1494 Τιμαίῳ
930 1433 1115 1478 Πλάτων
1156 1439 1366 1492 θεολογεῖν
1413 1434 1604 1490 ἑλόμενος
1638 1436 1740 1480 θεὸν

253 1502 541 1560 ὑπερκείμενον
565 1506 709 1560 τίθησι
729 1508 893 1560 πρῶτον
907 1537 920 1558 ,
959 1511 1049 1560 ταῖς
1065 1502 1300 1561 ὑφειμέναις
1320 1504 1622 1562 ἐγκελευόμενον
1641 1505 1740 1549 ἔαυ-

255 1578 331 1617 τοῦ
356 1572 553 1629 δυνάμεσι
576 1576 643 1616 καὶ
663 1572 835 1629 θεότησι
856 1578 941 1630 τῶν
961 1574 1055 1632 παρ’
1071 1573 1239 1630 Ἕλλησι
1260 1575 1493 1631 σεβομένων
1513 1574 1735 1632 δαιμόνων,
1749 1581 1794 1618 20

257 1643 312 1686 τὰ
335 1642 437 1687 ὄντα
457 1641 595 1686 πάντα
618 1643 715 1686 κατ’
747 1642 854 1694 εἶδος
882 1645 1035 1687 ἕκαστα
1056 1646 1338 1700 δημιουργεῖν,
1377 1647 1445 1688 καὶ
1472 1644 1637 1690 πάντων
1666 1647 1741 1701 ἔμ-

257 1717 414 1769 πλῆσαι
435 1711 672 1768 κτισμάτων
695 1711 873 1771 οὐρανόν
892 1731 936 1757 τε
953 1715 1020 1757 καὶ
1040 1718 1131 1772 γῆν,
1167 1716 1236 1757 καὶ
1256 1712 1354 1758 ὅσον
1377 1716 1420 1759 ἐν
1437 1716 1551 1777 μέσῳ
1573 1713 1741 1774 σύγκρι-

257 1870 336 1912 eet,
358 1869 480 1915 ignes;
505 1869 708 1915 quibuscum
733 1868 841 1904 divini
860 1869 996 1904 luminis
1017 1868 1243 1905 immissiones
1269 1871 1416 1905 confert.
1463 1871 1619 1916 Fingunt
1640 1871 1740 1906 nimi-

257 1927 333 1951 rum
353 1921 475 1961 poetae
497 1917 672 1958 Semelen,
696 1921 820 1962 utpote
835 1916 1030 1958 mortalem,
1054 1917 1214 1952 caelestis
1231 1917 1399 1962 fulgorem
1416 1917 1511 1952 Iovis
1530 1923 1565 1952 et
1585 1917 1741 1953 aetherei

257 1962 409 1996 fulminis
429 1975 602 1998 accessum
618 1964 711 1998 ferre
729 1975 797 1998 non
817 1963 982 2008 potuisse,
1006 1967 1043 1998 et
1058 1963 1137 1998 ideo
1158 1964 1314 1998 miseram
1332 1964 1421 1998 hanc
1441 1965 1614 1999 mulierem
1632 1965 1741 1999 fuisse

259 2014 505 2054 consumptam.
553 2010 647 2044 Adeo
668 2009 802 2044 abiecte
821 2014 858 2044 et
881 2010 1081 2054 ignobiliter
1106 2022 1292 2059 generosas
1316 2022 1357 2045 ac
1386 2012 1520 2046 nobiles
1547 2020 1740 2046 sanctorum

259 2055 402 2090 Patrum
427 2056 615 2090 sententias
643 2061 680 2091 et
699 2067 804 2091 voces
830 2067 914 2102 prae
940 2057 1116 2102 imperitia
1143 2057 1301 2092 Palamas
1326 2058 1456 2104 accipit
1487 2064 1523 2093 et
1550 2058 1741 2104 pervertit3

260 2101 385 2146 sicque
412 2103 530 2137 divina
557 2103 724 2138 ecclesiae
752 2103 914 2147 dogmata
943 2103 1209 2145 contaminavit,
1243 2108 1403 2150 tanquam
1435 2105 1569 2139 illorum
1595 2104 1743 2139 scientia

260 2148 384 2183 malum
406 2148 503 2183 huius
519 2149 691 2194 ingenium
713 2150 877 2195 repellat3
903 2151 1182 2195 quemadmodum
1200 2152 1287 2185 bene
1306 2151 1437 2185 olentes
1455 2156 1491 2186 et
1518 2152 1663 2186 floridae
1684 2162 1742 2185 ro-

261 2206 323 2230 sae
343 2206 477 2229 manum
497 2201 664 2241 respuunt
678 2208 813 2237 eorum,
839 2196 898 2240 qui
919 2209 977 2231 eas
996 2202 1076 2233 ante
1093 2204 1226 2243 tempus
1244 2198 1451 2232 flaccescere
1473 2198 1617 2234 faciunt.
1665 2198 1741 2232 Ta-

262 2241 328 2276 lem
346 2241 455 2276 virum
476 2242 664 2276 venerandi
685 2243 875 2287 praesentis
899 2243 1067 2278 ecclesiae
1091 2249 1248 2290 pastores
1270 2249 1440 2279 recentem
1462 2244 1653 2279 divinorum
1677 2243 1741 2278 do-

263 2292 412 2334 gmatum
432 2288 606 2323 doctorem
630 2289 697 2323 sibi
712 2289 798 2335 ipsis
817 2291 1076 2335 praefecerunt,
1105 2295 1140 2325 et
1157 2301 1294 2326 caecum
1314 2290 1408 2325 caeci
1436 2290 1514 2325 viae
1538 2291 1658 2325 ducem
1686 2302 1743 2325 se-

263 2335 363 2381 quuti
374 2338 464 2372 su'nt.
489 2336 600 2369 Porro
620 2347 686 2370 nun
703 2336 1004 2382 simpliciquadam
1022 2343 1082 2371 aut
1091 2338 1323 2384 qualicunque
1339 2336 1485 2379 ratione,
1506 2340 1566 2372 sed
1586 2337 1742 2371 acristu-

263 2381 321 2416 dio
351 2387 388 2416 et
414 2381 559 2417 maxima
578 2382 767 2418 intentione
785 2383 887 2418 animi
906 2384 1033 2419 fabulis
1051 2384 1130 2418 istis
1150 2386 1195 2419 ad
1216 2384 1415 2418 firmandam
1434 2395 1528 2418 suam
1548 2384 1743 2430 opinionem

265 2428 316 2463 uti
332 2428 483 2471 videtur,
508 2434 545 2464 et
566 2428 611 2462 de
630 2429 800 2465 vulturum
818 2436 922 2476 atque
942 2431 1202 2466 scarabaeorum
1225 2441 1329 2472 more,
1353 2442 1437 2464 sana
1454 2435 1491 2465 et
1507 2431 1594 2466 bene
1615 2431 1743 2465 olentia

265 2487 423 2521 quaeque
449 2475 632 2521 praeteritx
657 2476 797 2511 vocibus
818 2483 931 2512 autem
957 2484 992 2512 et
1009 2477 1211 2520 sententiis,
1235 2488 1387 2512 errorum
1412 2478 1532 2512 morbo
1552 2476 1741 2511 laboranti-

265 2522 351 2564 bus,
375 2533 584 2568 gravemque
602 2534 643 2557 ac
660 2522 825 2558 foetidum
844 2524 981 2560 odorem
1003 2524 1214 2570 spirantibus
1236 2524 1411 2559 adhaeret.
1461 2523 1613 2558 Plurima
1638 2523 1742 2558 etiam

266 2580 288 2603 e
303 2574 458 2604 veterum
483 2569 588 2604 dictis
606 2575 828 2615 pervertere,
850 2571 962 2617 ipsum
978 2583 1048 2606 non
1066 2571 1191 2617 pudet3
1215 2582 1283 2616 qua
1306 2570 1342 2604 in
1367 2582 1407 2605 re
1428 2570 1583 2604 vultures
1599 2575 1652 2604 et·
1665 2581 1744 2604 sca·-

263 2616 412 2650 rabaeos
432 2616 525 2662 ipsos
550 2616 652 2662 longe
677 2623 839 2661 superat:
864 2618 960 2652 cuius
987 2618 1122 2663 quidem
1143 2617 1228 2652 dicti
1244 2617 1386 2651 evidens
1410 2617 1489 2651 hinc
1516 2617 1613 2651 nobis
1636 2628 1744 2661 argu-

266 2667 416 2697 mentum
435 2663 603 2709 suppetit.
659 2662 745 2697 Cum
765 2663 852 2698 enim
872 2664 907 2698 in
927 2664 1070 2699 Timaeo
1096 2663 1221 2698 divinis
1247 2665 1291 2698 de
1317 2664 1420 2698 rebus
1446 2663 1617 2698 disserere
1642 2663 1743 2696 Plato

267 2708 456 2752 voluisset,
480 2709 623 2755 primum
639 2721 900 2756 supremumque
919 2710 1027 2755 Deum
1057 2712 1242 2757 supponit,
1266 2710 1487 2745 inferioribus
1511 2710 1744 2756 potestatibus

267 2755 343 2789 suis
361 2762 398 2790 et
414 2756 602 2791 deitatibus
619 2767 735 2792 eorum
756 2768 840 2802 quos
859 2757 987 2802 pagani
1005 2758 1120 2792 colunt
1137 2757 1335 2792 daemonum
1354 2757 1526 2803 imperare
1537 2782 1548 2798 ,
1573 2760 1612 2790 ut
1629 2755 1743 2789 omnia

267 2801 362 2835 entia
385 2803 572 2838 secundum
599 2802 772 2850 propriam
797 2802 1066 2849 uniuscuiusque
1090 2803 1240 2850 speciem
1270 2803 1440 2845 condant,
1469 2807 1506 2837 et
1527 2806 1567 2837 ut
1597 2802 1741 2844 caelum,

267 2852 419 2890 terram,
442 2860 506 2886 nec
522 2861 590 2886 non
611 2861 839 2898 quaecunque
861 2850 954 2887 inter
970 2851 1058 2888 haec
1075 2851 1255 2888 commixta
1269 2854 1353 2886 sunt
1368 2854 1406 2886 et
1423 2849 1625 2891 consistunt,
1644 2859 1742 2884 crea-
