<?xml version="1.0" encoding="UTF-8"?>
<!DOCTYPE html PUBLIC "-//W3C//DTD XHTML 1.0 Transitional//EN"
    "http://www.w3.org/TR/xhtml1/DTD/xhtml1-transitional.dtd">
<html xmlns="http://www.w3.org/1999/xhtml" xml:lang="en" lang="en">
 <head>
  <title>
</title>
<meta http-equiv="Content-Type" content="text/html;charset=utf-8" />
  <meta name='ocr-system' content='tesseract 3.04.00' />
  <meta name='ocr-capabilities' content='ocr_page ocr_carea ocr_par ocr_line ocrx_word'/>
</head>
<body>
  <div class='ocr_page' id='page_1' title='image "./corpusscriptorum39niebuoft_0689.png"; bbox 0 0 1754 3164; ppageno 0'>
   <div class='ocr_carea' id='block_1_1' title="bbox 552 120 1582 177">
    <p class='ocr_par' dir='ltr' id='par_1_1' title="bbox 552 120 1582 177">
     <span class='ocr_line' id='line_1_1' title="bbox 552 120 1582 177; baseline 0 -11"><span class='ocrx_word' id='word_1_1' title='bbox 552 121 1055 177; x_wconf 43' lang='grc' dir='ltr'>,ΑΝΝΟΤΑΤΙοΝΕε</span> <span class='ocrx_word' id='word_1_2' title='bbox 1448 120 1582 166; x_wconf 79' lang='lat'>1247</span> 
     </span>
    </p>
   </div>
   <div class='ocr_carea' id='block_1_2' title="bbox 33 224 1586 1198">
    <p class='ocr_par' dir='ltr' id='par_1_2' title="bbox 42 224 1586 336">
     <span class='ocr_line' id='line_1_2' title="bbox 155 224 1586 282; baseline 0.005 -18"><span class='ocrx_word' id='word_1_3' title='bbox 155 228 262 279; x_wconf 71' lang='lat' dir='ltr'>Peg.</span> <span class='ocrx_word' id='word_1_4' title='bbox 294 225 398 277; x_wconf 85' lang='lat'>493,</span> <span class='ocrx_word' id='word_1_5' title='bbox 431 228 499 271; x_wconf 88' lang='lat'>15.</span> <span class='ocrx_word' id='word_1_6' title='bbox 560 224 876 282; x_wconf 79' lang='grc' dir='ltr'><strong><em>Χολοβοὶφινον]</em></strong></span> <span class='ocrx_word' id='word_1_7' title='bbox 921 229 1024 270; x_wconf 82' lang='lat' dir='ltr'>Vide</span> <span class='ocrx_word' id='word_1_8' title='bbox 1067 229 1244 272; x_wconf 77' lang='lat' dir='ltr'>Glossar.</span> <span class='ocrx_word' id='word_1_9' title='bbox 1273 229 1379 270; x_wconf 86' lang='lat' dir='ltr'>med.</span> <span class='ocrx_word' id='word_1_10' title='bbox 1411 231 1586 271; x_wconf 79' lang='lat' dir='ltr'>Grnecit.</span> 
     </span>
     <span class='ocr_line' id='line_1_3' title="bbox 42 279 632 336; baseline 0.01 -16"><span class='ocrx_word' id='word_1_11' title='bbox 42 283 84 321; x_wconf 90' lang='lat' dir='ltr'>in</span> <span class='ocrx_word' id='word_1_12' title='bbox 102 297 139 323; x_wconf 82' lang='lat' dir='ltr'>v.</span> <span class='ocrx_word' id='word_1_13' title='bbox 166 279 422 336; x_wconf 75' lang='grc' dir='ltr'><strong>Χολόβαφος.</strong></span> <span class='ocrx_word' id='word_1_14' title='bbox 479 298 632 326; x_wconf 74' lang='lat' dir='ltr'>noivm.</span> 
     </span>
    </p>

    <p class='ocr_par' dir='ltr' id='par_1_3' title="bbox 38 337 1582 553">
     <span class='ocr_line' id='line_1_4' title="bbox 154 337 1580 397; baseline 0.002 -14"><span class='ocrx_word' id='word_1_15' title='bbox 154 339 257 394; x_wconf 74' lang='lat' dir='ltr'><em>Pag-</em></span> <span class='ocrx_word' id='word_1_16' title='bbox 288 341 395 390; x_wconf 82' lang='lat'>495,</span> <span class='ocrx_word' id='word_1_17' title='bbox 430 346 494 385; x_wconf 82' lang='lat'>12.</span> <span class='ocrx_word' id='word_1_18' title='bbox 547 337 669 393; x_wconf 65' lang='grc' dir='ltr'><strong>ῗΗρος</strong></span> <span class='ocrx_word' id='word_1_19' title='bbox 690 340 735 383; x_wconf 79' lang='grc' dir='ltr'>δὲ</span> <span class='ocrx_word' id='word_1_20' title='bbox 764 338 1026 397; x_wconf 72' lang='grc' dir='ltr'><strong>ἐπιστάντος]</strong></span> <span class='ocrx_word' id='word_1_21' title='bbox 1056 344 1358 384; x_wconf 84' lang='lat' dir='ltr'>Cantacuzenus</span> <span class='ocrx_word' id='word_1_22' title='bbox 1382 346 1474 385; x_wconf 87' lang='lat' dir='ltr'>eod.</span> <span class='ocrx_word' id='word_1_23' title='bbox 1506 347 1580 387; x_wconf 88' lang='lat' dir='ltr'>lib.</span> 
     </span>
     <span class='ocr_line' id='line_1_5' title="bbox 41 394 1582 455; baseline 0.003 -20"><span class='ocrx_word' id='word_1_24' title='bbox 41 410 131 450; x_wconf 83' lang='lat' dir='ltr'>cap.</span> <span class='ocrx_word' id='word_1_25' title='bbox 151 398 298 437; x_wconf 74' lang='lat' dir='ltr'>xxiv.</span> <span class='ocrx_word' id='word_1_26' title='bbox 336 412 514 438; x_wconf 56' lang='lat' dir='ltr'>ncesse.</span> <span class='ocrx_word' id='word_1_27' title='bbox 563 394 685 452; x_wconf 80' lang='grc' dir='ltr'><strong>Ἧρος</strong></span> <span class='ocrx_word' id='word_1_28' title='bbox 701 395 745 441; x_wconf 81' lang='grc' dir='ltr'>δ’</span> <span class='ocrx_word' id='word_1_29' title='bbox 763 396 1023 454; x_wconf 73' lang='grc' dir='ltr'><strong>ἐπιστάντος]</strong></span> <span class='ocrx_word' id='word_1_30' title='bbox 1054 401 1205 440; x_wconf 88' lang='lat' dir='ltr'>Eodem</span> <span class='ocrx_word' id='word_1_31' title='bbox 1230 417 1348 452; x_wconf 85' lang='lat' dir='ltr'>anno,</span> <span class='ocrx_word' id='word_1_32' title='bbox 1369 417 1450 455; x_wconf 91' lang='lat' dir='ltr'>quo</span> <span class='ocrx_word' id='word_1_33' title='bbox 1468 404 1582 443; x_wconf 85' lang='lat' dir='ltr'>Ioan-</span> 
     </span>
     <span class='ocr_line' id='line_1_6' title="bbox 39 455 1580 512; baseline 0.005 -19"><span class='ocrx_word' id='word_1_34' title='bbox 39 468 109 493; x_wconf 87' lang='lat' dir='ltr'>nes</span> <span class='ocrx_word' id='word_1_35' title='bbox 130 455 291 494; x_wconf 80' lang='lat' dir='ltr'>Calecas</span> <span class='ocrx_word' id='word_1_36' title='bbox 305 456 536 512; x_wconf 81' lang='lat' dir='ltr'>patriarcha</span> <span class='ocrx_word' id='word_1_37' title='bbox 558 463 718 498; x_wconf 86' lang='lat' dir='ltr'>creatus</span> <span class='ocrx_word' id='word_1_38' title='bbox 734 463 805 498; x_wconf 78' lang='lat' dir='ltr'>est.</span> <span class='ocrx_word' id='word_1_39' title='bbox 835 458 1011 498; x_wconf 78' lang='lat' dir='ltr'>Proinde</span> <span class='ocrx_word' id='word_1_40' title='bbox 1026 473 1131 499; x_wconf 85' lang='lat' dir='ltr'>anno</span> <span class='ocrx_word' id='word_1_41' title='bbox 1143 459 1235 499; x_wconf 87' lang='lat' dir='ltr'>Chr.</span> <span class='ocrx_word' id='word_1_42' title='bbox 1252 460 1580 502; x_wconf 82' lang='lat' dir='ltr'>MCCCXXXIII.</span> 
     </span>
     <span class='ocr_line' id='line_1_7' title="bbox 38 526 193 553; baseline 0.019 -3"><span class='ocrx_word' id='word_1_43' title='bbox 38 526 193 553; x_wconf 64' lang='lat' dir='ltr'>nomm.</span> 
     </span>
    </p>

    <p class='ocr_par' dir='ltr' id='par_1_4' title="bbox 33 567 1583 1198">
     <span class='ocr_line' id='line_1_8' title="bbox 154 567 1580 627; baseline 0.006 -17"><span class='ocrx_word' id='word_1_44' title='bbox 154 567 251 622; x_wconf 71' lang='lat' dir='ltr'>Peg.</span> <span class='ocrx_word' id='word_1_45' title='bbox 280 573 386 620; x_wconf 79' lang='lat'>496,</span> <span class='ocrx_word' id='word_1_46' title='bbox 419 573 485 613; x_wconf 89' lang='grc'>16.</span> <span class='ocrx_word' id='word_1_47' title='bbox 514 575 518 579; x_wconf 90' lang='grc'><strong>’</strong></span> <span class='ocrx_word' id='word_1_48' title='bbox 541 567 747 625; x_wconf 76' lang='grc' dir='ltr'><strong><em>Διάδοχον</em></strong></span> <span class='ocrx_word' id='word_1_49' title='bbox 765 574 843 613; x_wconf 75' lang='grc' dir='ltr'>τοῦ</span> <span class='ocrx_word' id='word_1_50' title='bbox 858 576 1149 627; x_wconf 78' lang='grc' dir='ltr'><strong>πατριαρχικοῦ</strong></span> <span class='ocrx_word' id='word_1_51' title='bbox 1167 571 1350 627; x_wconf 84' lang='grc' dir='ltr'><strong><em>θρόνου.</em></strong></span> <span class='ocrx_word' id='word_1_52' title='bbox 1365 606 1376 616; x_wconf 87' lang='grc'><strong>.</strong></span> <span class='ocrx_word' id='word_1_53' title='bbox 1389 609 1399 619; x_wconf 87' lang='grc'><strong>.</strong></span> <span class='ocrx_word' id='word_1_54' title='bbox 1415 607 1426 617; x_wconf 86' lang='lat'>.</span> <span class='ocrx_word' id='word_1_55' title='bbox 1443 572 1580 618; x_wconf 74' lang='grc' dir='ltr'><strong><em>Ἰωάν-</em></strong></span> 
     </span>
     <span class='ocr_line' id='line_1_9' title="bbox 38 623 1580 688; baseline 0.006 -21"><span class='ocrx_word' id='word_1_56' title='bbox 38 642 117 676; x_wconf 86' lang='grc' dir='ltr'>νην</span> <span class='ocrx_word' id='word_1_57' title='bbox 135 623 204 667; x_wconf 85' lang='grc' dir='ltr'>τὸν</span> <span class='ocrx_word' id='word_1_58' title='bbox 222 626 268 668; x_wconf 76' lang='grc' dir='ltr'>ἐκ</span> <span class='ocrx_word' id='word_1_59' title='bbox 288 630 361 679; x_wconf 77' lang='grc' dir='ltr'>τῆς</span> <span class='ocrx_word' id='word_1_60' title='bbox 382 624 630 682; x_wconf 79' lang='grc' dir='ltr'><strong>πόλ.”Απρω</strong></span> <span class='ocrx_word' id='word_1_61' title='bbox 656 628 836 682; x_wconf 58' lang='grc' dir='ltr'><strong>κατέστη]</strong></span> <span class='ocrx_word' id='word_1_62' title='bbox 869 630 1170 670; x_wconf 79' lang='lat' dir='ltr'>Cantacuzenus</span> <span class='ocrx_word' id='word_1_63' title='bbox 1190 632 1292 673; x_wconf 79' lang='lat' dir='ltr'>Hist.</span> <span class='ocrx_word' id='word_1_64' title='bbox 1319 634 1388 673; x_wconf 87' lang='lat' dir='ltr'>lib.</span> <span class='ocrx_word' id='word_1_65' title='bbox 1407 634 1457 672; x_wconf 86' lang='grc' dir='ltr'><strong>ΙΙ.</strong></span> <span class='ocrx_word' id='word_1_66' title='bbox 1489 648 1580 688; x_wconf 91' lang='lat' dir='ltr'>cap.</span> 
     </span>
     <span class='ocr_line' id='line_1_10' title="bbox 35 685 1583 743; baseline 0.004 -18"><span class='ocrx_word' id='word_1_67' title='bbox 35 685 129 725; x_wconf 88' lang='lat' dir='ltr'>XX.</span> <span class='ocrx_word' id='word_1_68' title='bbox 150 697 234 722; x_wconf 83' lang='lat' dir='ltr'>eam</span> <span class='ocrx_word' id='word_1_69' title='bbox 253 698 340 724; x_wconf 88' lang='lat' dir='ltr'>rem</span> <span class='ocrx_word' id='word_1_70' title='bbox 361 685 526 724; x_wconf 88' lang='lat' dir='ltr'>videtur</span> <span class='ocrx_word' id='word_1_71' title='bbox 548 687 733 726; x_wconf 89' lang='lat' dir='ltr'>conferre</span> <span class='ocrx_word' id='word_1_72' title='bbox 753 687 797 725; x_wconf 86' lang='lat' dir='ltr'>in</span> <span class='ocrx_word' id='word_1_73' title='bbox 819 700 967 725; x_wconf 86' lang='lat' dir='ltr'>annum</span> <span class='ocrx_word' id='word_1_74' title='bbox 989 687 1085 729; x_wconf 86' lang='lat' dir='ltr'>Chr.</span> <span class='ocrx_word' id='word_1_75' title='bbox 1107 689 1399 730; x_wconf 89' lang='lat' dir='ltr'>MCCCXXXI.</span> <span class='ocrx_word' id='word_1_76' title='bbox 1430 692 1583 743; x_wconf 82' lang='lat' dir='ltr'>Grego-</span> 
     </span>
     <span class='ocr_line' id='line_1_11' title="bbox 36 741 1581 800; baseline 0.005 -20"><span class='ocrx_word' id='word_1_77' title='bbox 36 755 102 780; x_wconf 76' lang='lat' dir='ltr'>ras</span> <span class='ocrx_word' id='word_1_78' title='bbox 124 741 226 780; x_wconf 80' lang='lat' dir='ltr'>Hist.</span> <span class='ocrx_word' id='word_1_79' title='bbox 246 742 315 783; x_wconf 90' lang='lat' dir='ltr'>lib.</span> <span class='ocrx_word' id='word_1_80' title='bbox 334 743 444 781; x_wconf 87' lang='lat' dir='ltr'>XVI.</span> <span class='ocrx_word' id='word_1_81' title='bbox 470 744 635 796; x_wconf 85' lang='lat' dir='ltr'>cap.IV.</span> <span class='ocrx_word' id='word_1_82' title='bbox 654 745 842 783; x_wconf 89' lang='lat' dir='ltr'>Ioannem</span> <span class='ocrx_word' id='word_1_83' title='bbox 864 745 919 783; x_wconf 88' lang='lat' dir='ltr'>ait</span> <span class='ocrx_word' id='word_1_84' title='bbox 939 745 1102 784; x_wconf 82' lang='lat' dir='ltr'>circiter</span> <span class='ocrx_word' id='word_1_85' title='bbox 1122 761 1247 785; x_wconf 89' lang='lat' dir='ltr'>annos</span> <span class='ocrx_word' id='word_1_86' title='bbox 1265 748 1375 788; x_wconf 90' lang='lat' dir='ltr'>XIV.</span> <span class='ocrx_word' id='word_1_87' title='bbox 1399 750 1581 800; x_wconf 79' lang='lat' dir='ltr'>patriai·-</span> 
     </span>
     <span class='ocr_line' id='line_1_12' title="bbox 37 798 1580 854; baseline 0.006 -18"><span class='ocrx_word' id='word_1_88' title='bbox 37 798 154 837; x_wconf 84' lang='lat' dir='ltr'>cham</span> <span class='ocrx_word' id='word_1_89' title='bbox 175 799 324 838; x_wconf 58' lang='lat' dir='ltr'>fuisse:</span> <span class='ocrx_word' id='word_1_90' title='bbox 367 800 467 838; x_wconf 90' lang='lat' dir='ltr'>Cum</span> <span class='ocrx_word' id='word_1_91' title='bbox 489 801 667 852; x_wconf 87' lang='lat' dir='ltr'>Gregora</span> <span class='ocrx_word' id='word_1_92' title='bbox 689 802 889 840; x_wconf 84' lang='lat' dir='ltr'>consentit</span> <span class='ocrx_word' id='word_1_93' title='bbox 908 801 1005 843; x_wconf 88' lang='lat' dir='ltr'>Cod.</span> <span class='ocrx_word' id='word_1_94' title='bbox 1026 804 1125 854; x_wconf 85' lang='lat' dir='ltr'>Reg.</span> <span class='ocrx_word' id='word_1_95' title='bbox 1145 803 1293 847; x_wconf 73' lang='lat'>30584.</span> <span class='ocrx_word' id='word_1_96' title='bbox 1319 806 1391 845; x_wconf 86' lang='lat' dir='ltr'>fol.</span> <span class='ocrx_word' id='word_1_97' title='bbox 1414 809 1484 849; x_wconf 87' lang='grc'>98.</span> <span class='ocrx_word' id='word_1_98' title='bbox 1507 807 1580 845; x_wconf 85' lang='lat' dir='ltr'>ubi</span> 
     </span>
     <span class='ocr_line' id='line_1_13' title="bbox 34 852 1575 915; baseline 0.006 -21"><span class='ocrx_word' id='word_1_99' title='bbox 34 856 203 907; x_wconf 80' lang='lat' dir='ltr'>legitur,</span> <span class='ocrx_word' id='word_1_100' title='bbox 241 852 431 909; x_wconf 71' lang='grc' dir='ltr'>Ἰωάννης</span> <span class='ocrx_word' id='word_1_101' title='bbox 459 857 622 908; x_wconf 81' lang='grc' dir='ltr'>ἔνδοξος</span> <span class='ocrx_word' id='word_1_102' title='bbox 653 859 722 900; x_wconf 84' lang='grc' dir='ltr'>καὶ</span> <span class='ocrx_word' id='word_1_103' title='bbox 755 857 885 909; x_wconf 77' lang='grc' dir='ltr'><strong>σοφός</strong></span> <span class='ocrx_word' id='word_1_104' title='bbox 910 860 1002 900; x_wconf 81' lang='grc' dir='ltr'><strong><em>λίαν</em></strong></span> <span class='ocrx_word' id='word_1_105' title='bbox 1029 858 1055 901; x_wconf 86' lang='lat' dir='ltr'>o‘</span> <span class='ocrx_word' id='word_1_106' title='bbox 1078 860 1262 909; x_wconf 75' lang='grc' dir='ltr'><strong>Καλέκας</strong></span> <span class='ocrx_word' id='word_1_107' title='bbox 1291 862 1357 915; x_wconf 76' lang='grc' dir='ltr'>ἔτη</span> <span class='ocrx_word' id='word_1_108' title='bbox 1390 858 1461 903; x_wconf 79' lang='grc' dir='ltr'><strong>ιδ’.</strong></span> <span class='ocrx_word' id='word_1_109' title='bbox 1523 865 1575 903; x_wconf 79' lang='lat' dir='ltr'>At</span> 
     </span>
     <span class='ocr_line' id='line_1_14' title="bbox 35 915 1574 973; baseline 0.005 -22"><span class='ocrx_word' id='word_1_110' title='bbox 35 920 195 953; x_wconf 82' lang='lat' dir='ltr'>constat</span> <span class='ocrx_word' id='word_1_111' title='bbox 239 928 290 953; x_wconf 78' lang='lat' dir='ltr'>ex</span> <span class='ocrx_word' id='word_1_112' title='bbox 324 915 552 954; x_wconf 82' lang='lat' dir='ltr'>testimonio</span> <span class='ocrx_word' id='word_1_113' title='bbox 591 930 672 954; x_wconf 86' lang='lat' dir='ltr'>non</span> <span class='ocrx_word' id='word_1_114' title='bbox 715 917 846 955; x_wconf 79' lang='lat' dir='ltr'>solum</span> <span class='ocrx_word' id='word_1_115' title='bbox 886 917 1109 967; x_wconf 80' lang='lat' dir='ltr'>Gregorae,</span> <span class='ocrx_word' id='word_1_116' title='bbox 1149 918 1220 956; x_wconf 88' lang='lat' dir='ltr'>sed</span> <span class='ocrx_word' id='word_1_117' title='bbox 1248 920 1376 971; x_wconf 87' lang='lat' dir='ltr'>ipsius</span> <span class='ocrx_word' id='word_1_118' title='bbox 1409 934 1574 973; x_wconf 86' lang='lat' dir='ltr'>quoque</span> 
     </span>
     <span class='ocr_line' id='line_1_15' title="bbox 35 972 1571 1026; baseline 0.005 -17"><span class='ocrx_word' id='word_1_119' title='bbox 35 972 327 1021; x_wconf 83' lang='lat' dir='ltr'>Cantacuzeni,</span> <span class='ocrx_word' id='word_1_120' title='bbox 366 972 598 1023; x_wconf 77' lang='lat' dir='ltr'>abrogatum</span> <span class='ocrx_word' id='word_1_121' title='bbox 634 987 718 1012; x_wconf 88' lang='lat' dir='ltr'>esse</span> <span class='ocrx_word' id='word_1_122' title='bbox 754 974 894 1012; x_wconf 83' lang='lat' dir='ltr'>Ioanni</span> <span class='ocrx_word' id='word_1_123' title='bbox 925 975 1088 1012; x_wconf 80' lang='lat' dir='ltr'>Calecae</span> <span class='ocrx_word' id='word_1_124' title='bbox 1115 975 1431 1026; x_wconf 79' lang='lat' dir='ltr'>patriarchatum</span> <span class='ocrx_word' id='word_1_125' title='bbox 1465 992 1571 1016; x_wconf 80' lang='lat' dir='ltr'>anno</span> 
     </span>
     <span class='ocr_line' id='line_1_16' title="bbox 34 1028 1572 1083; baseline 0.005 -17"><span class='ocrx_word' id='word_1_126' title='bbox 34 1028 129 1069; x_wconf 80' lang='lat' dir='ltr'>Chr.</span> <span class='ocrx_word' id='word_1_127' title='bbox 150 1029 446 1070; x_wconf 77' lang='lat' dir='ltr'>MCCCXLVII.</span> <span class='ocrx_word' id='word_1_128' title='bbox 476 1031 651 1069; x_wconf 72' lang='lat' dir='ltr'>ineunte.</span> <span class='ocrx_word' id='word_1_129' title='bbox 713 1031 888 1082; x_wconf 81' lang='lat' dir='ltr'>Oportet</span> <span class='ocrx_word' id='word_1_130' title='bbox 908 1031 1043 1083; x_wconf 86' lang='lat' dir='ltr'>itaque</span> <span class='ocrx_word' id='word_1_131' title='bbox 1063 1032 1252 1071; x_wconf 79' lang='lat' dir='ltr'>Ioannem</span> <span class='ocrx_word' id='word_1_132' title='bbox 1283 1041 1461 1072; x_wconf 81' lang='lat' dir='ltr'>creatum</span> <span class='ocrx_word' id='word_1_133' title='bbox 1486 1049 1572 1074; x_wconf 87' lang='lat' dir='ltr'>esse</span> 
     </span>
     <span class='ocr_line' id='line_1_17' title="bbox 33 1085 1574 1138; baseline 0.005 -15"><span class='ocrx_word' id='word_1_134' title='bbox 33 1085 303 1138; x_wconf 77' lang='lat' dir='ltr'>patriarcham</span> <span class='ocrx_word' id='word_1_135' title='bbox 325 1101 389 1127; x_wconf 86' lang='lat' dir='ltr'>an.</span> <span class='ocrx_word' id='word_1_136' title='bbox 412 1087 507 1128; x_wconf 81' lang='lat' dir='ltr'>Chr.</span> <span class='ocrx_word' id='word_1_137' title='bbox 532 1088 862 1127; x_wconf 77' lang='lat' dir='ltr'>MCCCXXXIII.</span> <span class='ocrx_word' id='word_1_138' title='bbox 886 1102 976 1127; x_wconf 88' lang='lat' dir='ltr'>cum</span> <span class='ocrx_word' id='word_1_139' title='bbox 997 1088 1046 1126; x_wconf 82' lang='lat' dir='ltr'>ab</span> <span class='ocrx_word' id='word_1_140' title='bbox 1074 1103 1140 1129; x_wconf 86' lang='lat' dir='ltr'>an.</span> <span class='ocrx_word' id='word_1_141' title='bbox 1163 1090 1495 1132; x_wconf 78' lang='lat' dir='ltr'>MCCCXXXIH.</span> <span class='ocrx_word' id='word_1_142' title='bbox 1522 1092 1574 1131; x_wconf 82' lang='lat' dir='ltr'>ad</span> 
     </span>
     <span class='ocr_line' id='line_1_18' title="bbox 34 1145 1443 1198; baseline 0.004 -17"><span class='ocrx_word' id='word_1_143' title='bbox 34 1157 183 1182; x_wconf 85' lang='lat' dir='ltr'>annum</span> <span class='ocrx_word' id='word_1_144' title='bbox 211 1145 507 1183; x_wconf 83' lang='lat' dir='ltr'>MCCCXLVII.</span> <span class='ocrx_word' id='word_1_145' title='bbox 531 1146 623 1184; x_wconf 86' lang='lat' dir='ltr'>anni</span> <span class='ocrx_word' id='word_1_146' title='bbox 646 1151 906 1184; x_wconf 86' lang='lat' dir='ltr'><strong>numerentur</strong></span> <span class='ocrx_word' id='word_1_147' title='bbox 929 1146 1250 1198; x_wconf 86' lang='lat' dir='ltr'>quatuordeeim.</span> <span class='ocrx_word' id='word_1_148' title='bbox 1288 1162 1443 1189; x_wconf 70' lang='lat' dir='ltr'>nouus.</span> 
     </span>
    </p>
   </div>
   <div class='ocr_carea' id='block_1_3' title="bbox 28 1210 1572 1426">
    <p class='ocr_par' dir='ltr' id='par_1_5' title="bbox 28 1210 1572 1426">
     <span class='ocr_line' id='line_1_19' title="bbox 152 1210 1567 1269; baseline 0 -13"><span class='ocrx_word' id='word_1_149' title='bbox 152 1214 245 1264; x_wconf 75' lang='grc' dir='ltr'>Ρας·</span> <span class='ocrx_word' id='word_1_150' title='bbox 265 1212 363 1263; x_wconf 84' lang='grc'><strong>497,</strong></span> <span class='ocrx_word' id='word_1_151' title='bbox 385 1217 450 1258; x_wconf 90' lang='grc'>19.</span> <span class='ocrx_word' id='word_1_152' title='bbox 482 1210 725 1268; x_wconf 75' lang='grc' dir='ltr'>Σφρᾰντζης</span> <span class='ocrx_word' id='word_1_153' title='bbox 747 1213 771 1255; x_wconf 86' lang='grc' dir='ltr'>ὁ</span> <span class='ocrx_word' id='word_1_154' title='bbox 790 1210 1080 1269; x_wconf 79' lang='grc' dir='ltr'><strong>Παλαιολὸγος]</strong></span> <span class='ocrx_word' id='word_1_155' title='bbox 1101 1215 1365 1254; x_wconf 81' lang='lat' dir='ltr'>Cantacuzen.</span> <span class='ocrx_word' id='word_1_156' title='bbox 1389 1231 1478 1269; x_wconf 82' lang='lat' dir='ltr'>cap.</span> <span class='ocrx_word' id='word_1_157' title='bbox 1498 1218 1567 1260; x_wconf 88' lang='lat'>25.</span> 
     </span>
     <span class='ocr_line' id='line_1_20' title="bbox 30 1268 1572 1326; baseline 0.003 -19"><span class='ocrx_word' id='word_1_158' title='bbox 30 1268 121 1307; x_wconf 89' lang='lat' dir='ltr'>Non</span> <span class='ocrx_word' id='word_1_159' title='bbox 138 1268 286 1308; x_wconf 86' lang='lat' dir='ltr'><strong>desunt</strong></span> <span class='ocrx_word' id='word_1_160' title='bbox 307 1270 377 1323; x_wconf 89' lang='lat' dir='ltr'>qui</span> <span class='ocrx_word' id='word_1_161' title='bbox 404 1270 484 1310; x_wconf 87' lang='lat' dir='ltr'>hoc</span> <span class='ocrx_word' id='word_1_162' title='bbox 502 1268 741 1324; x_wconf 75' lang='grc' dir='ltr'>Σφρᾶντζης</span> <span class='ocrx_word' id='word_1_163' title='bbox 766 1271 966 1310; x_wconf 85' lang='lat' dir='ltr'>vocabulo</span> <span class='ocrx_word' id='word_1_164' title='bbox 995 1273 1196 1311; x_wconf 86' lang='lat' dir='ltr'>Gallicum</span> <span class='ocrx_word' id='word_1_165' title='bbox 1216 1272 1410 1312; x_wconf 81' lang='lat' dir='ltr'>Francois</span> <span class='ocrx_word' id='word_1_166' title='bbox 1430 1276 1572 1326; x_wconf 81' lang='lat' dir='ltr'>expri-</span> 
     </span>
     <span class='ocr_line' id='line_1_21' title="bbox 29 1326 1566 1384; baseline 0.004 -20"><span class='ocrx_word' id='word_1_167' title='bbox 29 1326 275 1378; x_wconf 60' lang='lat' dir='ltr'>mifputant,</span> <span class='ocrx_word' id='word_1_168' title='bbox 305 1328 417 1380; x_wconf 88' lang='lat' dir='ltr'>quod</span> <span class='ocrx_word' id='word_1_169' title='bbox 440 1329 612 1382; x_wconf 83' lang='lat' dir='ltr'>Georgio</span> <span class='ocrx_word' id='word_1_170' title='bbox 630 1328 859 1382; x_wconf 80' lang='lat' dir='ltr'>Sphranzae</span> <span class='ocrx_word' id='word_1_171' title='bbox 877 1329 1077 1369; x_wconf 79' lang='lat' dir='ltr'>Historiae</span> <span class='ocrx_word' id='word_1_172' title='bbox 1105 1330 1295 1384; x_wconf 80' lang='lat' dir='ltr'>scriptori</span> <span class='ocrx_word' id='word_1_173' title='bbox 1317 1344 1394 1383; x_wconf 89' lang='lat' dir='ltr'>pro</span> <span class='ocrx_word' id='word_1_174' title='bbox 1415 1345 1566 1383; x_wconf 86' lang='lat' dir='ltr'>cogno-</span> 
     </span>
     <span class='ocr_line' id='line_1_22' title="bbox 28 1390 497 1426; baseline 0.006 -4"><span class='ocrx_word' id='word_1_175' title='bbox 28 1390 164 1423; x_wconf 83' lang='lat' dir='ltr'>mento</span> <span class='ocrx_word' id='word_1_176' title='bbox 191 1391 264 1423; x_wconf 86' lang='lat' dir='ltr'>est.</span> <span class='ocrx_word' id='word_1_177' title='bbox 319 1399 497 1426; x_wconf 58' lang='lat' dir='ltr'>nucsxc.</span> 
     </span>
    </p>
   </div>
   <div class='ocr_carea' id='block_1_4' title="bbox 23 1451 1581 2538">
    <p class='ocr_par' dir='ltr' id='par_1_6' title="bbox 27 1451 1566 1566">
     <span class='ocr_line' id='line_1_23' title="bbox 143 1451 1566 1509; baseline 0.003 -17"><span class='ocrx_word' id='word_1_178' title='bbox 143 1454 239 1507; x_wconf 78' lang='lat' dir='ltr'>Pag.</span> <span class='ocrx_word' id='word_1_179' title='bbox 267 1453 375 1503; x_wconf 82' lang='grc'><strong>499,</strong></span> <span class='ocrx_word' id='word_1_180' title='bbox 411 1457 476 1496; x_wconf 86' lang='grc'>19.</span> <span class='ocrx_word' id='word_1_181' title='bbox 533 1451 712 1507; x_wconf 78' lang='grc' dir='ltr'>Αἶσχρὸν</span> <span class='ocrx_word' id='word_1_182' title='bbox 748 1452 826 1508; x_wconf 65' lang='grc' dir='ltr'>γάρ</span> <span class='ocrx_word' id='word_1_183' title='bbox 864 1454 986 1507; x_wconf 79' lang='grc' dir='ltr'><strong>ἴσως]</strong></span> <span class='ocrx_word' id='word_1_184' title='bbox 1037 1454 1199 1496; x_wconf 84' lang='lat' dir='ltr'>Homer.</span> <span class='ocrx_word' id='word_1_185' title='bbox 1238 1455 1283 1494; x_wconf 86' lang='lat' dir='ltr'>Il.</span> <span class='ocrx_word' id='word_1_186' title='bbox 1314 1452 1352 1509; x_wconf 82' lang='grc' dir='ltr'>β’</span> <span class='ocrx_word' id='word_1_187' title='bbox 1355 1485 1365 1494; x_wconf 93' lang='grc'><strong>.</strong></span> <span class='ocrx_word' id='word_1_188' title='bbox 1398 1470 1439 1495; x_wconf 91' lang='lat' dir='ltr'>v.</span> <span class='ocrx_word' id='word_1_189' title='bbox 1468 1460 1566 1500; x_wconf 88' lang='lat'>298.</span> 
     </span>
     <span class='ocr_line' id='line_1_24' title="bbox 27 1507 1471 1566; baseline 0.003 -18"><span class='ocrx_word' id='word_1_190' title='bbox 27 1522 202 1550; x_wconf 65' lang='lat' dir='ltr'>nocuo.</span> <span class='ocrx_word' id='word_1_191' title='bbox 240 1508 421 1564; x_wconf 76' lang='grc' dir='ltr'><strong><em>Λίσχρόν</em></strong></span> <span class='ocrx_word' id='word_1_192' title='bbox 438 1507 515 1566; x_wconf 60' lang='lat' dir='ltr'>yde</span> <span class='ocrx_word' id='word_1_193' title='bbox 539 1511 636 1559; x_wconf 81' lang='grc' dir='ltr'><strong>ἴσως</strong></span> <span class='ocrx_word' id='word_1_194' title='bbox 652 1527 688 1552; x_wconf 88' lang='grc' dir='ltr'><strong>κ.</strong></span> <span class='ocrx_word' id='word_1_195' title='bbox 707 1526 741 1551; x_wconf 85' lang='grc' dir='ltr'>τ.</span> <span class='ocrx_word' id='word_1_196' title='bbox 762 1511 824 1563; x_wconf 83' lang='grc' dir='ltr'>λ.]</span> <span class='ocrx_word' id='word_1_197' title='bbox 852 1512 1016 1552; x_wconf 83' lang='lat' dir='ltr'>Homer.</span> <span class='ocrx_word' id='word_1_198' title='bbox 1035 1512 1080 1550; x_wconf 87' lang='grc' dir='ltr'>ΙΙ.</span> <span class='ocrx_word' id='word_1_199' title='bbox 1096 1513 1144 1551; x_wconf 88' lang='lat' dir='ltr'>II.</span> <span class='ocrx_word' id='word_1_200' title='bbox 1166 1515 1262 1555; x_wconf 81' lang='lat'>298.</span> <span class='ocrx_word' id='word_1_201' title='bbox 1320 1528 1471 1553; x_wconf 69' lang='lat' dir='ltr'>noivm.</span> 
     </span>
    </p>

    <p class='ocr_par' dir='ltr' id='par_1_7' title="bbox 23 1564 1581 2538">
     <span class='ocr_line' id='line_1_25' title="bbox 146 1564 1563 1624; baseline 0.002 -17"><span class='ocrx_word' id='word_1_202' title='bbox 146 1569 243 1621; x_wconf 71' lang='lat' dir='ltr'>Peg.</span> <span class='ocrx_word' id='word_1_203' title='bbox 273 1570 380 1618; x_wconf 81' lang='lat'>501,</span> <span class='ocrx_word' id='word_1_204' title='bbox 414 1571 479 1611; x_wconf 79' lang='lat'>12.</span> <span class='ocrx_word' id='word_1_205' title='bbox 544 1571 609 1624; x_wconf 79' lang='grc' dir='ltr'>Τῷ</span> <span class='ocrx_word' id='word_1_206' title='bbox 639 1564 680 1609; x_wconf 81' lang='grc' dir='ltr'>δ’</span> <span class='ocrx_word' id='word_1_207' title='bbox 701 1567 849 1620; x_wconf 74' lang='grc' dir='ltr'><strong>ἐφεξῆς</strong></span> <span class='ocrx_word' id='word_1_208' title='bbox 875 1568 973 1617; x_wconf 75' lang='grc' dir='ltr'><strong>ἔτει]</strong></span> <span class='ocrx_word' id='word_1_209' title='bbox 1002 1568 1080 1608; x_wconf 89' lang='lat' dir='ltr'>Hic</span> <span class='ocrx_word' id='word_1_210' title='bbox 1106 1575 1285 1620; x_wconf 81' lang='lat' dir='ltr'>tempora</span> <span class='ocrx_word' id='word_1_211' title='bbox 1313 1571 1563 1610; x_wconf 81' lang='lat' dir='ltr'>confundere</span> 
     </span>
     <span class='ocr_line' id='line_1_26' title="bbox 29 1624 1562 1679; baseline 0.002 -17"><span class='ocrx_word' id='word_1_212' title='bbox 29 1624 249 1676; x_wconf 87' lang='lat' dir='ltr'>Gregoram</span> <span class='ocrx_word' id='word_1_213' title='bbox 269 1625 458 1665; x_wconf 85' lang='lat' dir='ltr'>observat</span> <span class='ocrx_word' id='word_1_214' title='bbox 475 1626 678 1664; x_wconf 81' lang='lat' dir='ltr'>Pontanus</span> <span class='ocrx_word' id='word_1_215' title='bbox 698 1639 749 1664; x_wconf 84' lang='lat' dir='ltr'>ex</span> <span class='ocrx_word' id='word_1_216' title='bbox 772 1627 1049 1665; x_wconf 86' lang='lat' dir='ltr'>Cautacuzeno</span> <span class='ocrx_word' id='word_1_217' title='bbox 1068 1626 1137 1666; x_wconf 89' lang='lat' dir='ltr'>lib.</span> <span class='ocrx_word' id='word_1_218' title='bbox 1160 1627 1227 1665; x_wconf 91' lang='lat' dir='ltr'>IV.</span> <span class='ocrx_word' id='word_1_219' title='bbox 1250 1640 1339 1679; x_wconf 88' lang='lat' dir='ltr'>cap.</span> <span class='ocrx_word' id='word_1_220' title='bbox 1360 1631 1402 1670; x_wconf 88' lang='lat'>8.</span> <span class='ocrx_word' id='word_1_221' title='bbox 1451 1628 1562 1666; x_wconf 86' lang='lat' dir='ltr'>Missi</span> 
     </span>
     <span class='ocr_line' id='line_1_27' title="bbox 27 1681 1565 1736; baseline 0.001 -16"><span class='ocrx_word' id='word_1_222' title='bbox 27 1682 134 1720; x_wconf 86' lang='lat' dir='ltr'>enim</span> <span class='ocrx_word' id='word_1_223' title='bbox 153 1681 197 1720; x_wconf 90' lang='lat' dir='ltr'>hi</span> <span class='ocrx_word' id='word_1_224' title='bbox 216 1682 298 1722; x_wconf 88' lang='lat' dir='ltr'>duo</span> <span class='ocrx_word' id='word_1_225' title='bbox 318 1682 500 1736; x_wconf 81' lang='lat' dir='ltr'>episcopi</span> <span class='ocrx_word' id='word_1_226' title='bbox 525 1697 628 1721; x_wconf 82' lang='lat' dir='ltr'>anno</span> <span class='ocrx_word' id='word_1_227' title='bbox 651 1685 775 1725; x_wconf 87' lang='lat'>1349.</span> <span class='ocrx_word' id='word_1_228' title='bbox 799 1683 947 1722; x_wconf 85' lang='lat' dir='ltr'>Ioanne</span> <span class='ocrx_word' id='word_1_229' title='bbox 969 1684 1209 1734; x_wconf 80' lang='lat' dir='ltr'>Palaeologo</span> <span class='ocrx_word' id='word_1_230' title='bbox 1240 1690 1279 1722; x_wconf 92' lang='lat' dir='ltr'>et</span> <span class='ocrx_word' id='word_1_231' title='bbox 1300 1684 1437 1722; x_wconf 89' lang='lat' dir='ltr'>eodem</span> <span class='ocrx_word' id='word_1_232' title='bbox 1459 1686 1565 1722; x_wconf 81' lang='lat' dir='ltr'>Can-—</span> 
     </span>
     <span class='ocr_line' id='line_1_28' title="bbox 26 1740 1562 1793; baseline 0.001 -15"><span class='ocrx_word' id='word_1_233' title='bbox 26 1745 219 1779; x_wconf 83' lang='lat' dir='ltr'>tacuzeno</span> <span class='ocrx_word' id='word_1_234' title='bbox 242 1740 554 1793; x_wconf 82' lang='lat' dir='ltr'>imperantibus,</span> <span class='ocrx_word' id='word_1_235' title='bbox 584 1753 755 1793; x_wconf 89' lang='lat' dir='ltr'>quorum</span> <span class='ocrx_word' id='word_1_236' title='bbox 774 1740 876 1780; x_wconf 84' lang='lat' dir='ltr'>alter</span> <span class='ocrx_word' id='word_1_237' title='bbox 893 1740 1082 1779; x_wconf 81' lang='lat' dir='ltr'>Minorita</span> <span class='ocrx_word' id='word_1_238' title='bbox 1103 1740 1181 1779; x_wconf 85' lang='lat' dir='ltr'>fuit</span> <span class='ocrx_word' id='word_1_239' title='bbox 1204 1741 1426 1779; x_wconf 79' lang='lat' dir='ltr'>Guilelmus</span> <span class='ocrx_word' id='word_1_240' title='bbox 1447 1740 1562 1779; x_wconf 78' lang='lat' dir='ltr'>Chis-</span> 
     </span>
     <span class='ocr_line' id='line_1_29' title="bbox 26 1797 1562 1851; baseline 0.001 -17"><span class='ocrx_word' id='word_1_241' title='bbox 26 1797 219 1847; x_wconf 85' lang='lat' dir='ltr'>simensis,</span> <span class='ocrx_word' id='word_1_242' title='bbox 248 1799 350 1837; x_wconf 85' lang='lat' dir='ltr'>alter</span> <span class='ocrx_word' id='word_1_243' title='bbox 375 1811 427 1836; x_wconf 85' lang='lat' dir='ltr'>ex</span> <span class='ocrx_word' id='word_1_244' title='bbox 448 1798 588 1837; x_wconf 86' lang='lat' dir='ltr'>ordine</span> <span class='ocrx_word' id='word_1_245' title='bbox 613 1798 940 1837; x_wconf 88' lang='lat' dir='ltr'>Praedicatorum</span> <span class='ocrx_word' id='word_1_246' title='bbox 962 1798 1182 1850; x_wconf 85' lang='lat' dir='ltr'>Gaspertus</span> <span class='ocrx_word' id='word_1_247' title='bbox 1213 1799 1440 1837; x_wconf 84' lang='lat' dir='ltr'>Cenetensis</span> <span class='ocrx_word' id='word_1_248' title='bbox 1469 1799 1562 1851; x_wconf 89' lang='lat' dir='ltr'>epi-</span> 
     </span>
     <span class='ocr_line' id='line_1_30' title="bbox 26 1854 1558 1908; baseline 0.001 -16"><span class='ocrx_word' id='word_1_249' title='bbox 26 1855 152 1908; x_wconf 85' lang='lat' dir='ltr'>scopi.</span> <span class='ocrx_word' id='word_1_250' title='bbox 182 1856 240 1894; x_wconf 88' lang='lat' dir='ltr'>De</span> <span class='ocrx_word' id='word_1_251' title='bbox 258 1855 335 1894; x_wconf 88' lang='lat' dir='ltr'>hac</span> <span class='ocrx_word' id='word_1_252' title='bbox 360 1855 557 1906; x_wconf 79' lang='lat' dir='ltr'>legatione</span> <span class='ocrx_word' id='word_1_253' title='bbox 580 1856 743 1906; x_wconf 83' lang='lat' dir='ltr'>copiose</span> <span class='ocrx_word' id='word_1_254' title='bbox 769 1856 849 1907; x_wconf 86' lang='lat' dir='ltr'>egit</span> <span class='ocrx_word' id='word_1_255' title='bbox 866 1855 1114 1905; x_wconf 80' lang='lat' dir='ltr'>Waddingus</span> <span class='ocrx_word' id='word_1_256' title='bbox 1137 1854 1215 1894; x_wconf 89' lang='lat' dir='ltr'>hoc</span> <span class='ocrx_word' id='word_1_257' title='bbox 1238 1869 1355 1895; x_wconf 84' lang='lat' dir='ltr'>anuo.</span> <span class='ocrx_word' id='word_1_258' title='bbox 1383 1869 1558 1894; x_wconf 73' lang='lat' dir='ltr'>nuchc.</span> 
     </span>
     <span class='ocr_line' id='line_1_31' title="bbox 24 1909 1581 1966; baseline 0.001 -16"><span class='ocrx_word' id='word_1_259' title='bbox 24 1912 230 1951; x_wconf 88' lang='lat' dir='ltr'>Pontanus</span> <span class='ocrx_word' id='word_1_260' title='bbox 254 1913 307 1951; x_wconf 85' lang='lat' dir='ltr'>ad</span> <span class='ocrx_word' id='word_1_261' title='bbox 327 1912 596 1951; x_wconf 84' lang='lat' dir='ltr'>Cantacuzeni</span> <span class='ocrx_word' id='word_1_262' title='bbox 619 1912 690 1952; x_wconf 84' lang='lat' dir='ltr'>lib.</span> <span class='ocrx_word' id='word_1_263' title='bbox 711 1912 776 1950; x_wconf 92' lang='lat' dir='ltr'>IV.</span> <span class='ocrx_word' id='word_1_264' title='bbox 797 1926 885 1966; x_wconf 91' lang='lat' dir='ltr'>cap.</span> <span class='ocrx_word' id='word_1_265' title='bbox 903 1914 976 1952; x_wconf 90' lang='lat' dir='ltr'>IX.</span> <span class='ocrx_word' id='word_1_266' title='bbox 1009 1913 1228 1963; x_wconf 83' lang='lat' dir='ltr'>Gregoram</span> <span class='ocrx_word' id='word_1_267' title='bbox 1250 1919 1401 1951; x_wconf 87' lang='lat' dir='ltr'>temere</span> <span class='ocrx_word' id='word_1_268' title='bbox 1422 1920 1463 1952; x_wconf 89' lang='lat' dir='ltr'>et</span> <span class='ocrx_word' id='word_1_269' title='bbox 1490 1914 1558 1951; x_wconf 89' lang='lat' dir='ltr'>iu—</span> <span class='ocrx_word' id='word_1_270' title='bbox 1572 1909 1581 1918; x_wconf 75' lang='grc'><em>“</em></span> 
     </span>
     <span class='ocr_line' id='line_1_32' title="bbox 23 1968 1558 2026; baseline 0.001 -19"><span class='ocrx_word' id='word_1_271' title='bbox 23 1970 129 2008; x_wconf 91' lang='lat' dir='ltr'>iuria</span> <span class='ocrx_word' id='word_1_272' title='bbox 149 1970 429 2023; x_wconf 83' lang='lat' dir='ltr'>reprehendit,</span> <span class='ocrx_word' id='word_1_273' title='bbox 458 1977 505 2009; x_wconf 91' lang='lat' dir='ltr'>ut</span> <span class='ocrx_word' id='word_1_274' title='bbox 530 1980 706 2023; x_wconf 74' lang='lat' dir='ltr'>tempora</span> <span class='ocrx_word' id='word_1_275' title='bbox 722 1968 1038 2026; x_wconf 76' lang='lat' dir='ltr'>confundentem,</span> <span class='ocrx_word' id='word_1_276' title='bbox 1068 1975 1188 2021; x_wconf 79' lang='lat' dir='ltr'>atque</span> <span class='ocrx_word' id='word_1_277' title='bbox 1211 1983 1278 2008; x_wconf 91' lang='lat' dir='ltr'>eos</span> <span class='ocrx_word' id='word_1_278' title='bbox 1298 1970 1464 2021; x_wconf 84' lang='lat' dir='ltr'>legatos,</span> <span class='ocrx_word' id='word_1_279' title='bbox 1487 1972 1558 2022; x_wconf 87' lang='lat' dir='ltr'>qui</span> 
     </span>
     <span class='ocr_line' id='line_1_33' title="bbox 26 2025 1559 2080; baseline -0.001 -16"><span class='ocrx_word' id='word_1_280' title='bbox 26 2027 303 2067; x_wconf 85' lang='lat' dir='ltr'>Cantacuzeno</span> <span class='ocrx_word' id='word_1_281' title='bbox 320 2028 541 2080; x_wconf 85' lang='lat' dir='ltr'>imperante</span> <span class='ocrx_word' id='word_1_282' title='bbox 563 2027 803 2078; x_wconf 79' lang='lat' dir='ltr'>Byzantium</span> <span class='ocrx_word' id='word_1_283' title='bbox 822 2028 1047 2076; x_wconf 85' lang='lat' dir='ltr'>venissent,</span> <span class='ocrx_word' id='word_1_284' title='bbox 1076 2025 1148 2065; x_wconf 83' lang='lat' dir='ltr'>sub</span> <span class='ocrx_word' id='word_1_285' title='bbox 1170 2025 1412 2066; x_wconf 81' lang='lat' dir='ltr'>Andronico</span> <span class='ocrx_word' id='word_1_286' title='bbox 1431 2027 1559 2079; x_wconf 86' lang='lat' dir='ltr'>pluri-</span> 
     </span>
     <span class='ocr_line' id='line_1_34' title="bbox 23 2083 1559 2137; baseline 0.001 -15"><span class='ocrx_word' id='word_1_287' title='bbox 23 2083 102 2123; x_wconf 89' lang='lat' dir='ltr'>bus</span> <span class='ocrx_word' id='word_1_288' title='bbox 127 2091 220 2124; x_wconf 79' lang='lat' dir='ltr'>ante</span> <span class='ocrx_word' id='word_1_289' title='bbox 240 2085 354 2124; x_wconf 86' lang='lat' dir='ltr'>annis</span> <span class='ocrx_word' id='word_1_290' title='bbox 374 2085 516 2123; x_wconf 81' lang='lat' dir='ltr'>missos</span> <span class='ocrx_word' id='word_1_291' title='bbox 545 2084 827 2122; x_wconf 81' lang='lat' dir='ltr'>affirmantem:</span> <span class='ocrx_word' id='word_1_292' title='bbox 857 2084 1000 2136; x_wconf 80' lang='lat' dir='ltr'>dignus</span> <span class='ocrx_word' id='word_1_293' title='bbox 1027 2084 1114 2136; x_wconf 90' lang='lat' dir='ltr'>ipse</span> <span class='ocrx_word' id='word_1_294' title='bbox 1143 2084 1258 2134; x_wconf 86' lang='lat' dir='ltr'>gravi</span> <span class='ocrx_word' id='word_1_295' title='bbox 1281 2083 1559 2137; x_wconf 82' lang='lat' dir='ltr'>reprehensio-</span> 
     </span>
     <span class='ocr_line' id='line_1_35' title="bbox 24 2139 1557 2194; baseline 0.001 -15"><span class='ocrx_word' id='word_1_296' title='bbox 24 2155 88 2191; x_wconf 85' lang='lat' dir='ltr'>ne,</span> <span class='ocrx_word' id='word_1_297' title='bbox 119 2143 189 2194; x_wconf 89' lang='lat' dir='ltr'>qui</span> <span class='ocrx_word' id='word_1_298' title='bbox 212 2143 369 2194; x_wconf 84' lang='lat' dir='ltr'>ignoret</span> <span class='ocrx_word' id='word_1_299' title='bbox 399 2155 461 2180; x_wconf 90' lang='lat' dir='ltr'>an.</span> <span class='ocrx_word' id='word_1_300' title='bbox 479 2139 573 2180; x_wconf 85' lang='lat' dir='ltr'>Chr.</span> <span class='ocrx_word' id='word_1_301' title='bbox 591 2140 919 2181; x_wconf 84' lang='lat' dir='ltr'>MCCCXXXHI.</span> <span class='ocrx_word' id='word_1_302' title='bbox 950 2140 1183 2180; x_wconf 83' lang='lat' dir='ltr'>Andronico</span> <span class='ocrx_word' id='word_1_303' title='bbox 1214 2142 1457 2194; x_wconf 82' lang='lat' dir='ltr'>imperante,</span> <span class='ocrx_word' id='word_1_304' title='bbox 1488 2156 1557 2180; x_wconf 76' lang='lat' dir='ltr'>an-</span> 
     </span>
     <span class='ocr_line' id='line_1_36' title="bbox 23 2197 1557 2251; baseline -0.001 -14"><span class='ocrx_word' id='word_1_305' title='bbox 23 2199 170 2238; x_wconf 85' lang='lat' dir='ltr'>tistites</span> <span class='ocrx_word' id='word_1_306' title='bbox 193 2200 296 2239; x_wconf 88' lang='lat' dir='ltr'>duos</span> <span class='ocrx_word' id='word_1_307' title='bbox 320 2200 482 2237; x_wconf 87' lang='lat' dir='ltr'>Latinos</span> <span class='ocrx_word' id='word_1_308' title='bbox 508 2213 531 2236; x_wconf 89' lang='lat' dir='ltr'>a</span> <span class='ocrx_word' id='word_1_309' title='bbox 549 2199 656 2251; x_wconf 90' lang='lat' dir='ltr'>Papa</span> <span class='ocrx_word' id='word_1_310' title='bbox 676 2197 822 2237; x_wconf 86' lang='lat' dir='ltr'>Ioanne</span> <span class='ocrx_word' id='word_1_311' title='bbox 841 2199 971 2238; x_wconf 84' lang='lat' dir='ltr'>XXII.</span> <span class='ocrx_word' id='word_1_312' title='bbox 998 2199 1148 2251; x_wconf 86' lang='lat' dir='ltr'>legatos</span> <span class='ocrx_word' id='word_1_313' title='bbox 1168 2199 1405 2251; x_wconf 82' lang='lat' dir='ltr'>Byzantium</span> <span class='ocrx_word' id='word_1_314' title='bbox 1425 2199 1557 2237; x_wconf 84' lang='lat' dir='ltr'>venis·</span> 
     </span>
     <span class='ocr_line' id='line_1_37' title="bbox 25 2255 1555 2308; baseline -0.003 -12"><span class='ocrx_word' id='word_1_315' title='bbox 25 2270 90 2306; x_wconf 85' lang='lat' dir='ltr'>se,</span> <span class='ocrx_word' id='word_1_316' title='bbox 122 2257 173 2296; x_wconf 90' lang='lat' dir='ltr'>de</span> <span class='ocrx_word' id='word_1_317' title='bbox 198 2256 458 2296; x_wconf 86' lang='lat' dir='ltr'>ecclesiarum</span> <span class='ocrx_word' id='word_1_318' title='bbox 490 2255 708 2295; x_wconf 89' lang='lat' dir='ltr'>concordia</span> <span class='ocrx_word' id='word_1_319' title='bbox 730 2261 905 2296; x_wconf 84' lang='lat' dir='ltr'>acturos.</span> <span class='ocrx_word' id='word_1_320' title='bbox 965 2256 1055 2305; x_wconf 88' lang='lat' dir='ltr'>Qua</span> <span class='ocrx_word' id='word_1_321' title='bbox 1084 2255 1135 2294; x_wconf 88' lang='lat' dir='ltr'>de</span> <span class='ocrx_word' id='word_1_322' title='bbox 1162 2270 1207 2295; x_wconf 88' lang='lat' dir='ltr'>re</span> <span class='ocrx_word' id='word_1_323' title='bbox 1229 2263 1363 2295; x_wconf 79' lang='lat' dir='ltr'>exstat</span> <span class='ocrx_word' id='word_1_324' title='bbox 1384 2256 1555 2308; x_wconf 86' lang='lat' dir='ltr'>epistola</span> 
     </span>
     <span class='ocr_line' id='line_1_38' title="bbox 23 2311 1552 2354; baseline -0.001 -2"><span class='ocrx_word' id='word_1_325' title='bbox 23 2314 188 2353; x_wconf 79' lang='lat' dir='ltr'>Ioannis</span> <span class='ocrx_word' id='word_1_326' title='bbox 216 2315 345 2354; x_wconf 88' lang='lat' dir='ltr'>XXII.</span> <span class='ocrx_word' id='word_1_327' title='bbox 376 2314 470 2353; x_wconf 84' lang='lat' dir='ltr'>data</span> <span class='ocrx_word' id='word_1_328' title='bbox 496 2313 700 2352; x_wconf 83' lang='lat' dir='ltr'>Avenione</span> <span class='ocrx_word' id='word_1_329' title='bbox 734 2327 838 2352; x_wconf 89' lang='lat' dir='ltr'>anno</span> <span class='ocrx_word' id='word_1_330' title='bbox 868 2313 963 2354; x_wconf 88' lang='lat' dir='ltr'>Chr.</span> <span class='ocrx_word' id='word_1_331' title='bbox 987 2314 1314 2352; x_wconf 84' lang='lat' dir='ltr'>MCCCXXXIH.</span> <span class='ocrx_word' id='word_1_332' title='bbox 1344 2313 1444 2352; x_wconf 83' lang='lat' dir='ltr'>Non.</span> <span class='ocrx_word' id='word_1_333' title='bbox 1475 2311 1552 2351; x_wconf 77' lang='lat' dir='ltr'>lul.</span> 
     </span>
     <span class='ocr_line' id='line_1_39' title="bbox 25 2368 1554 2422; baseline -0.003 -12"><span class='ocrx_word' id='word_1_334' title='bbox 25 2372 147 2420; x_wconf 85' lang='lat' dir='ltr'>Quod</span> <span class='ocrx_word' id='word_1_335' title='bbox 174 2372 209 2410; x_wconf 89' lang='lat' dir='ltr'>si</span> <span class='ocrx_word' id='word_1_336' title='bbox 231 2373 530 2411; x_wconf 79' lang='lat' dir='ltr'>Cantacuzenus</span> <span class='ocrx_word' id='word_1_337' title='bbox 555 2370 605 2409; x_wconf 90' lang='lat' dir='ltr'>de</span> <span class='ocrx_word' id='word_1_338' title='bbox 630 2370 760 2409; x_wconf 86' lang='lat' dir='ltr'>missis</span> <span class='ocrx_word' id='word_1_339' title='bbox 792 2371 845 2409; x_wconf 90' lang='lat' dir='ltr'>ad</span> <span class='ocrx_word' id='word_1_340' title='bbox 871 2371 1145 2410; x_wconf 73' lang='lat' dir='ltr'>Andronicum</span> <span class='ocrx_word' id='word_1_341' title='bbox 1178 2371 1320 2422; x_wconf 82' lang='lat' dir='ltr'>legatis</span> <span class='ocrx_word' id='word_1_342' title='bbox 1346 2375 1472 2417; x_wconf 82' lang='lat' dir='ltr'>tacet,</span> <span class='ocrx_word' id='word_1_343' title='bbox 1503 2368 1554 2407; x_wconf 88' lang='lat' dir='ltr'>de</span> 
     </span>
     <span class='ocr_line' id='line_1_40' title="bbox 23 2426 1551 2480; baseline -0.003 -13"><span class='ocrx_word' id='word_1_344' title='bbox 23 2429 157 2468; x_wconf 83' lang='lat' dir='ltr'>missis</span> <span class='ocrx_word' id='word_1_345' title='bbox 175 2429 228 2468; x_wconf 88' lang='lat' dir='ltr'>ad</span> <span class='ocrx_word' id='word_1_346' title='bbox 258 2443 301 2469; x_wconf 92' lang='lat' dir='ltr'>se</span> <span class='ocrx_word' id='word_1_347' title='bbox 325 2430 451 2468; x_wconf 87' lang='lat' dir='ltr'>multa</span> <span class='ocrx_word' id='word_1_348' title='bbox 472 2434 620 2478; x_wconf 83' lang='lat' dir='ltr'>narrat,</span> <span class='ocrx_word' id='word_1_349' title='bbox 649 2442 731 2466; x_wconf 90' lang='lat' dir='ltr'>non</span> <span class='ocrx_word' id='word_1_350' title='bbox 754 2441 798 2467; x_wconf 86' lang='lat' dir='ltr'>ea</span> <span class='ocrx_word' id='word_1_351' title='bbox 819 2434 880 2468; x_wconf 91' lang='lat' dir='ltr'>est</span> <span class='ocrx_word' id='word_1_352' title='bbox 902 2429 1100 2480; x_wconf 85' lang='lat' dir='ltr'>Gregorae</span> <span class='ocrx_word' id='word_1_353' title='bbox 1119 2428 1190 2467; x_wconf 86' lang='lat' dir='ltr'>sed</span> <span class='ocrx_word' id='word_1_354' title='bbox 1210 2429 1335 2480; x_wconf 87' lang='lat' dir='ltr'>ipsius</span> <span class='ocrx_word' id='word_1_355' title='bbox 1356 2426 1551 2464; x_wconf 82' lang='lat' dir='ltr'>cantacu-</span> 
     </span>
     <span class='ocr_line' id='line_1_41' title="bbox 23 2485 1548 2538; baseline -0.002 -13"><span class='ocrx_word' id='word_1_356' title='bbox 23 2486 114 2525; x_wconf 86' lang='lat' dir='ltr'>zeni</span> <span class='ocrx_word' id='word_1_357' title='bbox 134 2486 380 2538; x_wconf 80' lang='lat' dir='ltr'>negligentia.</span> <span class='ocrx_word' id='word_1_358' title='bbox 422 2485 649 2537; x_wconf 82' lang='lat' dir='ltr'>Ducangius</span> <span class='ocrx_word' id='word_1_359' title='bbox 677 2485 719 2524; x_wconf 91' lang='lat' dir='ltr'>in</span> <span class='ocrx_word' id='word_1_360' title='bbox 747 2485 852 2524; x_wconf 88' lang='lat' dir='ltr'>notis</span> <span class='ocrx_word' id='word_1_361' title='bbox 872 2485 1098 2525; x_wconf 88' lang='lat' dir='ltr'>Pontanum</span> <span class='ocrx_word' id='word_1_362' title='bbox 1114 2493 1277 2525; x_wconf 88' lang='lat' dir='ltr'>secutus</span> <span class='ocrx_word' id='word_1_363' title='bbox 1297 2491 1365 2523; x_wconf 88' lang='lat' dir='ltr'>est.</span> <span class='ocrx_word' id='word_1_364' title='bbox 1395 2496 1548 2522; x_wconf 74' lang='lat' dir='ltr'>noivm.</span> 
     </span>
    </p>
   </div>
   <div class='ocr_carea' id='block_1_5' title="bbox 23 2550 1551 2667">
    <p class='ocr_par' dir='ltr' id='par_1_8' title="bbox 23 2550 1551 2667">
     <span class='ocr_line' id='line_1_42' title="bbox 138 2550 1551 2605; baseline -0.004 -12"><span class='ocrx_word' id='word_1_365' title='bbox 138 2553 306 2596; x_wconf 78' lang='lat' dir='ltr'>Ibidem.</span> <span class='ocrx_word' id='word_1_366' title='bbox 362 2551 599 2596; x_wconf 78' lang='grc' dir='ltr'><strong>Ἐπίσκοποι</strong></span> <span class='ocrx_word' id='word_1_367' title='bbox 619 2550 720 2605; x_wconf 76' lang='grc' dir='ltr'><strong>δύο]</strong></span> <span class='ocrx_word' id='word_1_368' title='bbox 751 2552 988 2599; x_wconf 75' lang='lat' dir='ltr'>Francis-eus</span> <span class='ocrx_word' id='word_1_369' title='bbox 1013 2553 1062 2594; x_wconf 78' lang='lat' dir='ltr'>de</span> <span class='ocrx_word' id='word_1_370' title='bbox 1086 2553 1312 2601; x_wconf 80' lang='lat' dir='ltr'>Camerino,</span> <span class='ocrx_word' id='word_1_371' title='bbox 1344 2551 1551 2602; x_wconf 80' lang='lat' dir='ltr'>Vospren-</span> 
     </span>
     <span class='ocr_line' id='line_1_43' title="bbox 23 2606 1550 2667; baseline -0.004 -16"><span class='ocrx_word' id='word_1_372' title='bbox 23 2612 100 2664; x_wconf 86' lang='lat' dir='ltr'>sis,</span> <span class='ocrx_word' id='word_1_373' title='bbox 130 2626 201 2652; x_wconf 85' lang='lat' dir='ltr'>seu</span> <span class='ocrx_word' id='word_1_374' title='bbox 218 2612 390 2666; x_wconf 88' lang='lat' dir='ltr'>Bospori</span> <span class='ocrx_word' id='word_1_375' title='bbox 408 2612 446 2667; x_wconf 87' lang='lat'>*)</span> <span class='ocrx_word' id='word_1_376' title='bbox 468 2612 818 2665; x_wconf 85' lang='lat' dir='ltr'>archiepiscopus,</span> <span class='ocrx_word' id='word_1_377' title='bbox 849 2617 890 2650; x_wconf 88' lang='lat' dir='ltr'>et</span> <span class='ocrx_word' id='word_1_378' title='bbox 908 2609 1113 2652; x_wconf 68' lang='lat' dir='ltr'>Binan-dus</span> <span class='ocrx_word' id='word_1_379' title='bbox 1135 2610 1349 2663; x_wconf 85' lang='lat' dir='ltr'>episcopus</span> <span class='ocrx_word' id='word_1_380' title='bbox 1374 2606 1550 2646; x_wconf 83' lang='lat' dir='ltr'>Cherso-</span> 
     </span>
    </p>
   </div>
   <div class='ocr_carea' id='block_1_6' title="bbox 22 2715 1550 2862">
    <p class='ocr_par' dir='ltr' id='par_1_9' title="bbox 22 2715 1550 2862">
     <span class='ocr_line' id='line_1_44' title="bbox 67 2715 1550 2774; baseline -0.005 -16"><span class='ocrx_word' id='word_1_381' title='bbox 67 2723 107 2768; x_wconf 78' lang='grc'>*)</span> <span class='ocrx_word' id='word_1_382' title='bbox 132 2723 260 2759; x_wconf 72' lang='lat' dir='ltr'>Exstat</span> <span class='ocrx_word' id='word_1_383' title='bbox 280 2722 316 2758; x_wconf 84' lang='lat' dir='ltr'>in</span> <span class='ocrx_word' id='word_1_384' title='bbox 339 2724 428 2760; x_wconf 80' lang='lat' dir='ltr'>cod.</span> <span class='ocrx_word' id='word_1_385' title='bbox 454 2725 544 2769; x_wconf 82' lang='lat' dir='ltr'>Reg.</span> <span class='ocrx_word' id='word_1_386' title='bbox 566 2725 668 2760; x_wconf 79' lang='lat'>2950.</span> <span class='ocrx_word' id='word_1_387' title='bbox 691 2733 775 2768; x_wconf 82' lang='lat' dir='ltr'>pag.</span> <span class='ocrx_word' id='word_1_388' title='bbox 800 2721 877 2759; x_wconf 76' lang='lat'>147.</span> <span class='ocrx_word' id='word_1_389' title='bbox 910 2723 1003 2759; x_wconf 84' lang='lat' dir='ltr'>inter</span> <span class='ocrx_word' id='word_1_390' title='bbox 1035 2721 1199 2773; x_wconf 65' lang='lat' dir='ltr'>opuscula</span> <span class='ocrx_word' id='word_1_391' title='bbox 1222 2717 1393 2769; x_wconf 60' lang='lat' dir='ltr'>Barlapmi</span> <span class='ocrx_word' id='word_1_392' title='bbox 1429 2715 1550 2774; x_wconf 56' lang='lat' dir='ltr'>a’ndng-</span> 
     </span>
     <span class='ocr_line' id='line_1_45' title="bbox 22 2766 1549 2862; baseline -0.036 -2"><span class='ocrx_word' id='word_1_393' title='bbox 22 2781 125 2862; x_wconf 33' lang='lat'>3353</span> <span class='ocrx_word' id='word_1_394' title='bbox 147 2767 309 2853; x_wconf 51' lang='grc' dir='ltr'>ἷὲῗγςιέἁ</span> <span class='ocrx_word' id='word_1_395' title='bbox 329 2769 606 2817; x_wconf 63' lang='grc' dir='ltr'>ἐπ’ἴὲῑρὴματα,</span> <span class='ocrx_word' id='word_1_396' title='bbox 630 2766 656 2805; x_wconf 69' lang='grc' dir='ltr'><em>ἃ</em></span> <span class='ocrx_word' id='word_1_397' title='bbox 677 2769 775 2815; x_wconf 72' lang='grc' dir='ltr'>πρὸς</span> <span class='ocrx_word' id='word_1_398' title='bbox 791 2767 911 2806; x_wconf 57' lang='grc' dir='ltr'>αὐτὸν</span> <span class='ocrx_word' id='word_1_399' title='bbox 934 2768 1035 2807; x_wconf 74' lang='grc' dir='ltr'><strong><em>εἶπεν</em></strong></span> <span class='ocrx_word' id='word_1_400' title='bbox 1059 2767 1093 2805; x_wconf 68' lang='grc' dir='ltr'><em>ὅ</em></span> <span class='ocrx_word' id='word_1_401' title='bbox 1106 2769 1388 2843; x_wconf 55' lang='grc' dir='ltr'>άρχιεπίσκοῗῦς</span> <span class='ocrx_word' id='word_1_402' title='bbox 1403 2767 1549 2800; x_wconf 71' lang='grc' dir='ltr'><strong>Βοσπο-</strong></span> 
     </span>
    </p>
   </div>
  </div>
 </body>
</html>
