1794 3172
237 152 338 199 718
641 155 959 202 NICEPHORI
989 144 1314 199 GREGORAE

20 275 56 307 A.
74 273 118 306 Μ.
138 268 300 312 6852152'
345 267 472 323 ἀκοῆς
496 265 550 310 τὰ
579 267 662 309 ε’κεΐ
683 269 838 321 μαθεῖν
859 263 1011 320 συνέβη
1028 261 1218 320 χρηστά·
1256 262 1361 308 ὥστε
1384 265 1452 308 καὶ
1476 266 1558 307 τῶν
1579 262 1639 307 ἀεὶ
1660 266 1729 327 καὶ

65 322 133 355 ΒΜ·
148 324 194 357 1²
239 338 356 395 μέχρι
379 342 454 380 νῦν
480 338 674 392 διηνεκῶς
707 332 962 391 οἰκησάντων
992 334 1094 377 αὐτὸ
1120 332 1403 392 περιβοήτους
1426 334 1502 390 μὲν
1521 335 1729 390 καθίστη-

196 412 328 461 Βσιν,
368 406 458 449 ὅσοι
483 403 674 462 καθαρόν
713 421 758 447 τε
791 405 860 447 καὶ
895 401 1181 459 ἀκαπήλευτον
1199 436 1213 457 ,
1263 405 1331 446 καὶ
1367 404 1541 457 ζιζανιόυ
1573 404 1729 456 παντὸς

241 477 382 533 ἀμιγὲς
402 477 467 518 καὶ
487 473 710 531 ἐλεύθερον
722 506 736 526 ,
774 475 832 523 εἷς
852 473 968 524 τέλος
988 472 1036 516 τὸ
1062 477 1137 528 τῆς
1155 472 1304 528 ἀρετῆς
1324 473 1553 517 διετέλεσαν
1573 490 1727 530 συντη-

243 551 411 604 ροῦντες
441 542 656 601 γεώργιον·
693 543 961 600 ε’ξοστρακίζει
993 542 1037 585 δ’
1071 537 1124 585 αὗ
1152 544 1308 586 ἐκεῖθεν
1337 545 1404 586 καὶ
1436 542 1553 593 ὅλαις
1581 545 1754 601 χερσὶν5

240 612 439 666 ἐξελαύνει
464 616 531 656 καὶ
559 612 792 656 ἀπωθεῖται
815 613 891 668 τὴν
916 617 998 656 τῶν
1022 609 1256 669 ὑποκριτῶν
1276 614 1342 656 καὶ
1364 611 1556 669 βεβήλων
1585 615 1727 656 συνοί-

240 701 370 734 κησιν.
424 680 511 741 (Ε.)
548 681 722 727 Καὶ-τὰ
751 682 827 737 μὲν
861 679 1110 739 ἀρχαιότερα
1146 683 1424 739 διηγουμένων
1443 683 1553 725 ἐστὶν
1576 680 1727 741 ἑτέρων

239 751 402 796 ἀκούειν
436 752 665 809 αὖταρκῶς.
704 751 781 808 ἐγὼ
809 753 853 794 δὲ
879 751 932 794 τιὶ
964 753 1107 795 νεωστὶ
1136 750 1410 808 διηγήσομαι,
1448 752 1502 796 τὰ
1530 754 1622 810 περὶ
1652 753 1726 797 τὸν

201 819 395 880 ΟΚρῆτά
414 839 520 880 φημι
544 821 698 878 Ἰωσὴφ
734 822 802 863 καὶ
822 821 901 864 ,τὸν
919 821 1143 878 Λαρισσέα
1167 820 1395 879 Γεώργιον,
1432 823 1500 865 καὶ
1522 820 1612 865 ὅσοι
1634 825 1726 881 περὶ

237 892 314 948 τὴν
342 897 465 950 σφῶν
484 921 486 924 -
497 891 651 948 μιαρὰν
683 888 936 946 ἕβάκχευσαν
967 889 1195 949 τράπεζαν,
1235 890 1315 935 ὅσα
1351 891 1403 948 δὴ
1434 893 1508 942 καὶ,
1530 894 1722 950 φοιτηταὶ
1736 903 1783 940 10

237 961 341 1018 πρὸς
372 959 630 1004 διδασκάλων
660 960 712 1004 τὰ
735 961 906 1018 μυσαρὰ
927 959 1319 1018 μυσταγωγούμενοι
1350 959 1563 1019 δόγματα·
1599 961 1657 1005 ἔτι
1680 980 1725 1006 τε

238 1031 291 1075 τὰ
315 1033 405 1089 περὶ
433 1031 598 1075 Μωσεά
630 1030 702 1074 τὸν
735 1029 951 1090 ζωγράφον
977 1032 1046 1075 καὶ
1072 1031 1226 1075 Ἰσαὰκ.
1244 1033 1312 1074 καὶ
1339 1033 1484 1087 Δαβὶδ
1511 1032 1579 1074 καὶ
1600 1031 1726 1088 Ἰὼβ,

238 1102 306 1144 καὶ
335 1099 423 1144 ὅσοι
447 1099 651 1156 βεβήλους
681 1099 837 1155 ἔχοντες
868 1099 1043 1156 πάμπαν
1072 1103 1138 1144 καὶ
1162 1099 1348 1158 γλώττας
1377 1103 1445 1144 καὶ
1464 1099 1631 1158 γνώμας
1654 1104 1725 1145 καὶ

232 1177 375 1228 χεῖρας
406 1169 578 1225 ὀνόμασι
608 1171 833 1225 βελτίστων
862 1170 1052 1228 ἀνδρῶν,
1091 1172 1160 1214 καὶ
1182 1169 1441 1229 περιβοήτων
1460 1171 1535 1227 τὴν
1556 1171 1721 1228 ἀρετὴν,

196 1240 508 1298 Βπεριστέλλειν
533 1237 858 1296 ε’πονηρεῦσαντο
880 1240 958 1297 τὴν
977 1238 1205 1297 ἕνδόμυχον
1221 1239 1420 1285 ἀπόνοιαν
1440 1242 1508 1284 καὶ
1530 1240 1721 1297 ἀσέβειαν
1738 1251 1781 1288 15

237 1313 315 1365 τῆς
327 1314 497 1365 ψυχῆς,
534 1311 831 1368 παραπλησίως
851 1318 938 1361 τοῖς
960 1308 1131 1369 τάφοις,
1156 1310 1268 1354 οἳτὰ
1289 1311 1407 1355 ἔνδον
1428 1316 1593 1368 μακρᾶς
1617 1310 1724 1355 ἀπό-

240 1380 375 1431 ζοντες
407 1381 612 1430 δυσωδίας
647 1377 798 1439 τιτάνῳ
828 1382 896 1423 καὶ
931 1385 1077 1440 χρυσῷ
1107 1380 1161 1424 τὰ
1186 1380 1269 1432 ἔξω
1303 1385 1570 1437 κοσμοῦνται.
1615 1379 1724 1425 ὓπο-

240 1446 409 1492 δύονται
429 1448 506 1506 γὰρ
537 1451 604 1492 καὶ
634 1449 754 1492 αὐτοὶ
787 1452 855 1492 καὶ
880 1455 1021 1506 σχῆμα
1048 1452 1116 1494 καὶ
1140 1449 1272 1506 ὄνομα
1291 1451 1519 1506 βελτίστων
1539 1451 1719 1508 ἀνδρῶν,

237 1519 305 1562 καὶ
325 1518 400 1573 τὴν
423 1518 571 1575 ἀρετὴν
590 1516 822 1574 ἐπισήμων,
863 1518 1056 1576 καθάπερ
1077 1521 1116 1564 οἳ
1137 1522 1179 1564 ἐν
1200 1528 1288 1580 τοζς
1309 1518 1517 1577 δράμασιν
1531 1520 1723 1579 Ὀρε’σται

237 1589 305 1630 καὶ
329 1586 525 1631 Πυλάδαι
546 1590 612 1631 καὶ
636 1591 786 1645 Θησεῖς
802 1591 870 1632 καὶ
890 1590 1091 1644 Πέλοπες,
1125 1591 1197 1634 ἰ’να
1218 1590 1292 1634 τὸν
1310 1590 1373 1634 ἰὸν
1389 1590 1497 1634 κατὰ
1518 1594 1602 1634 τῶν
1626 1591 1719 1635 ἇκε-
1731 1599 1780 1635 20

237 1658 459 1714 ραιοτὲρων
480 1662 553 1714 τῆς
575 1662 694 1716 σφῶν
717 1658 855 1703 αὐτῶν
882 1661 1118 1715 ἐξεμοῦντες
1138 1661 1283 1711 κακίας
1304 1658 1585 1705 λανθάνωσιν.
1624 1659 1719 1720 (ς’.)

195 1724 361 1770 ΕΕῗναί
376 1744 419 1784 γε
440 1727 523 1783 μὴν
543 1727 596 1771 τὰ
612 1729 779 1772 ’ἐκείνων
796 1729 967 1786 μυσαρὰ
989 1732 1056 1773 καὶ
1076 1728 1302 1788 ἀκάθαρτα
1324 1728 1528 1787 δόγματα,
1551 1727 1678 1789 φησὶν
1699 1729 1720 1775 ὅ

239 1797 296 1847 εἷς
324 1796 371 1840 τό
394 1801 477 1841 τῶν
503 1798 743 1850 Βυζαντίων
774 1798 883 1858 ἱερὸν
910 1801 1126 1856 κομισθεὶς
1158 1801 1372 1859 συνέδριον
1406 1799 1611 1859 ἔγγραφος
1645 1805 1722 1858 τῆς

238 1951 275 1984 et
290 1950 467 1987 auditione
487 1956 705 1999 aeceperunt-
720 1954 795 1990 eius
821 1953 888 1990 loci
910 1954 1167 1991 excellentiam:
1192 1956 1290 1992 cuius
1310 1968 1353 1991 ea
1376 1959 1430 1991 est
1449 1959 1595 1999 natura,
1619 1960 1659 1991 ut
1677 1968 1720 1991 ex

238 1996 303 2039 iis,
326 1997 387 2043 qui
405 1998 449 2032 ad
468 1999 664 2035 hodiernum
685 2000 774 2037 diem
791 2001 841 2036 ibi
861 2003 1072 2044 habitarunt,
1095 2003 1382 2039 celebratissimos
1404 2004 1482 2048 illos
1497 2003 1633 2045 reddat,
1659 2004 1721 2049 qui

239 2043 406 2079 sinceram
429 2050 466 2080 et
489 2046 738 2093 incorruptam,
772 2048 912 2094 loliique
940 2061 1083 2095 prorsus
1101 2061 1220 2096 puram
1238 2055 1274 2084 et
1291 2051 1490 2093 immunem,
1514 2061 1655 2085 servare
1676 2050 1721 2084 ad

240 2095 424 2125 extremum
446 2097 598 2137 segetem
623 2094 763 2129 virtutis
789 2096 1038 2141 perstiterunt:
1070 2108 1189 2133 rursus
1212 2109 1293 2132 vero
1317 2097 1456 2132 exulare
1481 2097 1563 2131 inde
1587 2097 1720 2140 iubeat,

238 2136 393 2182 totisque
417 2138 534 2182 exigat
556 2139 686 2174 viribus
720 2147 908 2188 arceatque
943 2142 1086 2189 hospitii
1104 2144 1278 2179 consortio
1300 2143 1500 2189 hypocritas
1526 2147 1630 2189 atque
1654 2144 1719 2179 im-

239 2182 327 2228 pios,
373 2184 456 2229 (V.)
481 2185 531 2219 Et
550 2198 591 2220 ea
614 2187 771 2231 quidem,
802 2200 891 2234 quae
914 2189 1107 2235 antiquiora
1130 2196 1221 2233 sunt,
1245 2191 1383 2225 abunde
1407 2191 1451 2224 ab
1477 2190 1554 2225 aliis
1577 2195 1719 2225 narrata

239 2228 361 2276 audire
377 2235 440 2265 est.
487 2231 566 2276 Ego
586 2244 668 2267 vero
695 2246 736 2269 ea
760 2239 891 2270 tantum
911 2238 1176 2272 commemorabo
1188 2262 1198 2279 ,
1221 2249 1309 2282 quae
1326 2238 1522 2272 recentiora
1537 2243 1636 2278 sunt3
1661 2237 1720 2272 illa

238 2286 363 2330 nempe
386 2276 431 2311 de
451 2277 598 2323 Iosepho
623 2279 803 2324 Cretensi,
835 2282 1085 2329 Larissaeoque
1110 2284 1287 2329 Georgio,
1311 2284 1531 2329 caeterisque
1552 2284 1718 2327 omnibus,

240 2333 300 2376 qul
320 2322 503 2377 eorundem
518 2324 734 2361 foedissimae
756 2339 894 2364 mensae
921 2331 1148 2366 accumbendo
1167 2331 1328 2366 bacchati
1343 2331 1502 2372 fuerant,
1526 2334 1646 2376 utpote
1665 2331 1719 2364 di-

239 2369 364 2413 acxpuh
383 2370 615 2405 abominandis
631 2371 800 2408 institutis
818 2375 1057 2421 mysteriisque
1075 2376 1205 2413 initiati
1222 2374 1555 2423 apraeceptoribus:
1578 2382 1647 2412 tum
1661 2378 1721 2413 illa

237 2419 423 2460 praeterea
441 2416 485 2451 de
500 2417 634 2463 pictore
652 2418 768 2462 Mose,
791 2421 835 2455 de
855 2422 994 2464 Isaaoe,
1017 2423 1163 2466 Davide,
1187 2424 1282 2466 Iobo‚
1306 2430 1342 2458 et
1361 2424 1557 2470 quicunque
1578 2423 1636 2457 alii
1655 2423 1720 2458 lin-

239 2472 329 2514 gua,
352 2462 543 2506 sententia,
578 2468 614 2498 et
639 2475 738 2500 manu
761 2468 897 2513 profani
923 2480 998 2504 cum
1020 2476 1156 2512 essent,
1181 2471 1383 2517 optimorum
1407 2475 1443 2504 et
1463 2469 1605 2504 virtutis
1627 2471 1719 2505 fama

237 2507 421 2543 lllustrium
437 2509 599 2546 >virorum
623 2511 813 2546 nominibus
837 2514 997 2549 latentem
1020 2516 1056 2549 in
1077 2517 1186 2552 animo
1211 2517 1415 2552 dementiam
1435 2520 1538 2562 atque
1558 2516 1719 2562 impieta-

237 2557 307 2607 tem
331 2555 417 2590 male
437 2561 474 2590 et
500 2557 738 2592 fraudulenter
761 2559 942 2602 velabant3
975 2563 1211 2607 sepulcrorum
1235 2564 1366 2605 instar,
1390 2574 1480 2608 quae
1507 2563 1718 2598 teterrimum

237 2605 331 2654 gntus
349 2601 485 2637 odorem
506 2603 673 2648 spirantia
695 2616 805 2650 gypso
825 2617 977 2651 auroque
994 2610 1212 2644 extrinsecus
1229 2617 1404 2645 ornantur.
1456 2610 1605 2644 Induunt
1626 2610 1718 2645 enim

236 2657 462 2702 lgm-quoque
479 2649 630 2695 speciem
645 2652 681 2684 et
695 2661 815 2686 nomen
832 2653 1121 2692 sanctissimorum
1139 2656 1320 2698 homiuum,
1342 2661 1377 2690 et
1389 2654 1527 2691 virtutis
1547 2656 1648 2691 laude
1666 2656 1719 2692 in-

237 2703 403 2738 sngmum‚
427 2699 468 2730 ut
489 2695 540 2730 illi
563 2696 677 2730 scenis
699 2697 824 2742 agitati
845 2699 995 2736 Orestae
1016 2707 1051 2735 et
1067 2703 1245 2748 Pyladae,
1269 2707 1306 2738 et
1322 2702 1474 2744 Thesei,
1500 2706 1536 2737 et
1556 2703 1718 2748 Pelopes,

237 2749 306 2783 quo
325 2740 549 2786 malignitatis
569 2754 654 2777 suae
672 2742 766 2777 virus
786 2745 919 2779 occulte
940 2749 1123 2783 evomendo
1142 2749 1338 2795 purioribus
1361 2749 1555 2795 quibusque
1572 2750 1718 2797 adsper-

236 2789 339 2841 gant..
378 2787 479 2834 (VI.)
500 2789 638 2824 Illorum
656 2800 740 2824 sane
758 2790 984 2827 abominanda
998 2805 1040 2828 ac
1055 2794 1189 2840 impura
1205 2800 1354 2831 testatur
1372 2807 1450 2829 esse
1467 2797 1628 2841 dogmata
1644 2794 1719 2830 To-

236 2842 308 2866 mus
329 2833 388 2869 1110
412 2834 457 2870 de
482 2846 597 2872 eorum
621 2835 800 2883 impietate
825 2837 995 2886 scriptus,
1019 2846 1055 2875 et
1075 2843 1121 2878 ad
1143 2854 1276 2880 sacram
1305 2842 1473 2890 synodum
1489 2842 1718 2890 Byzantinam
