1794 3172
291 102 612 171 HISTORIAE
637 121 1011 167 BYZANTINAE
1037 120 1160 166 xm.
1189 128 1231 169 3.
1396 114 1517 163 643-

10 232 179 281 πᾶντων
205 235 396 292 ,ἐπειρᾶτο
429 229 688 293 φαρμάκων,
735 234 805 276 καὶ
835 230 1003 277 πάντων
1034 229 1162 288 ἐζήτει
1194 230 1244 276 τὸ
1277 227 1499 289 κράτιστον
1521 238 1562 272 Δ.
1578 234 1722 274 (3.1342

10 307 79 349 καὶ
100 303 332 360 ταχύτατον
350 306 408 355 εἷς
425 304 504 360 τὴν
515 301 695 361 χρειώδη
715 308 790 346 τοῦ
809 304 906 358 βίου
919 300 1176 358 ἀπαλλαγήν.
1200 301 1223 346 ὃ
1235 287 1721 367 τοίνυνίκεῒ-Ῑωῗζέὥζέὼ

9 392 81 426 νος
109 373 264 430 ἐτόλμα
291 374 400 418 καθ’
439 372 614 426 ἑαυτοῦ,
662 372 788 416 τοῦτ’
829 371 962 430 ἔδρων
989 373 1173 422 ἐπιεικῶς
1203 372 1249 416 οἷ
1273 370 1537 424 Βυζάντιοὶῦ

9 444 120 488 κατὰ
148 449 222 487 τοῦ
251 444 480 499 βασιλέως,
516 441 622 499 μήτε
652 442 831 499 μηδενὸς
858 446 944 485 τῶν
963 443 1225 498 δηλητηρίων
1243 439 1496 499 φαρμάκων,

0 512 115 570 ἷμήτε
132 516 338 570 μηδεμιᾶς
366 512 598 572 φειδόμενοι
622 517 707 556 τῶν
735 513 966 565 ἐπιβουλῶν
977 545 992 565 ,
1034 509 1184 555 ὁπόσαι
1201 529 1246 555 τε
1265 519 1353 562 τοῖς
1368 509 1500 555 πάλαι

9 582 203 642 εὕρηνται
223 586 370 634 δεινοῖς
395 583 472 640 τὴν
499 584 647 625 κακίαν
681 583 751 625 καὶ
781 579 932 626 ὁπόσαι
952 587 1042 632 τοῖς
1067 586 1142 625 νῦν
1163 581 1235 624 διὰ
1253 580 1331 638 τὴν
1352 579 1499 625 τοιαύ-

7 671 85 709 την
104 651 382 708 ε’πινενόηνται
394 653 552 710 χρείαν.
592 651 683 712 (Ε.)
722 649 951 707 Θαυμάσαι
970 651 1015 694 δ’
1039 650 1091 695 ἄν
1108 668 1185 705 τις,
1206 650 1320 702 ὅπως
1337 650 1495 695 ἅπαντ’

9 721 191 778 αὐτόθεν
217 721 407 779 ἧλέγχετό
436 739 480 778 τε
499 723 570 766 καὶ
597 721 792 779 ἄπρακτα
813 717 889 778 ἦν,
936 725 1013 765 τοῦ
1032 726 1138 765 θεοῦ
1160 721 1233 765 τὸν
1257 720 1391 780 ἄνδρα
1410 728 1535 780 φυ-Ι)

7 791 234 842 λάττοντος
250 792 400 849 ἀπαθῆ
417 794 488 836 καὶ
504 790 670 835 πάντων
688 790 894 848 ἀνώτερον
909 805 920 815 ·
957 790 1034 836 οὐκ
1051 789 1135 834 οἶδ’
1156 789 1356 848 ὁπότερον
1364 825 1379 845 ,
1418 791 1499 836 εἴτε

11 863 88 918 τὴν
117 862 262 906 ἄδικον
286 864 536 919 καταδίκην,
582 860 635 917 ἣν
673 861 714 904 οἷ
744 859 967 915 Βυζάντιοι
994 858 1197 912 καθάπαξ
1232 862 1497 919 ἐψηφίσαντο
1522 878 1532 883 ·

6 931 106 976 κατ’
139 932 294 986 αὐτοῦ,
332 934 401 976 καὶ
431 926 489 976 ὧν
517 932 738 988 ἐζημίωται
768 933 997 975 πολυειδῶν
1026 933 1096 974 καὶ
1116 933 1311 975 ποικίλων
1325 929 1498 990 χρημά-

5 1019 113 1056 των,
150 1000 191 1046 ἃ,
209 1006 371 1060 προσῆν
399 999 503 1060 ὖπὲρ
542 1001 729 1059 ἀριθμὸν
759 1003 935 1055 τουτωῒ,
967 999 1250 1060 μακρόθυμον
1278 999 1497 1058 ὑπομονὴν

6 1071 257 1129 ἀποχρῶσαν
271 1069 501 1128 ἡγουμένου
522 1071 629 1130 πρὸς
655 1069 844 1126 βάσανον
872 1068 1059 1129 γνώμης,
1096 1073 1189 1130 περὶ
1211 1070 1263 1127 ἣν
1283 1071 1331 1114 τὸ
1351 1070 1496 1129 κριτή-

7 1159 95 1200 ριον
115 1139 228 1185 ἅπαν
248 1146 325 1198 τῆς
341 1143 465 1193 θείας
485 1139 778 1185 ταλαντεύεται
800 1143 916 1197 δίκης
930 1155 941 1166 ·
977 1141 1064 1185 εἴθ’
1097 1140 1160 1185 ὅτι
1178 1139 1362 1197 μάλιστα
1380 1139 1532 1185 πάν-Ἐ
1575 1164 1578 1167 *

8 1229 93 1256 των
116 1211 245 1263 αὐτὸς
275 1210 542 1270 ὑβριζόμενος
576 1210 671 1255 οὔτε
697 1211 783 1268 μὴν
802 1209 1051 1269 ἇνθύβριζεν
1070 1212 1114 1262 ἒς
1130 1211 1179 1255 τὸ
1200 1211 1356 1270 παρὸν,
1395 1211 1492 1256 οὔτ’

6 1284 63 1333 εἷς
81 1281 130 1326 τὸ
146 1282 299 1338 μέλλον
314 1281 467 1339 ἠπείλει
476 1316 492 1337 ,
528 1280 652 1326 κότον
670 1281 772 1332 ἴσως
792 1281 895 1338 ἔχων
912 1281 1025 1340 ὄφρα
1042 1282 1213 1340 τελέσσῃ
1229 1296 1240 1306 ·
1275 1281 1375 1326 ἄλλ’
1397 1279 1494 1338 ἔκη’-

6 1353 100 1396 δετο
122 1350 307 1407 μάλιστα
336 1357 413 1409 τῆς
451 1357 536 1397 τῶν
562 1350 816 1410 ὑβριζόντων
850 1353 920 1395 καὶ
954 1349 1245 1408 πολεμούντων
1284 1354 1494 1410 σωτηρίας

6 1420 173 1466 ἅπαντα
194 1420 365 1480 τρόπον,
388 1420 558 1467 καθόσα
579 1424 695 1480 φιλία
714 1423 883 1465 δίδωσιν
901 1420 1147 1480 ἀκραιφνής.
1193 1420 1284 1482 (ς’.)
1319 1424 1408 1466 Καὶ
1427 1422 1495 1465 ἵν’.

5 1492 50 1535 ἐκ
74 1496 239 1536 πολλῶν
256 1492 406 1550 με’τρια
423 1497 685 1550 παραθῶμεν
705 1493 928 1535 ἐνταυθοῖ·
963 1490 1174 1548 τοσαύτη-ν
1199 1490 1278 1548 εἶχε
1305 1491 1383 1547 τὴν
1403 1495 1528 1536 τῶνΕ

7 1566 145 1605 κακῶν
169 1562 402 1619 ἀμνηστίαν
414 1596 431 1617 ,
469 1561 577 1606 ὥστ’
612 1563 655 1606 ἓν
686 1560 903 1612 τοσούτοις
933 1561 1253 1618 συνειλημμένος
1274 1559 1492 1615 κινδύνοις,

5 1632 75 1675 καὶ
92 1629 180 1676 οἷον
199 1634 321 1675 εἰπεῖν
341 1633 385 1675 ἐν
412 1631 518 1694 ᾅδου
538 1631 846 1687 βεβυθισμένος
867 1632 1043 1689 γαστρὶ,
1076 1636 1319 1687 μεμνῆσθαι
1346 1635 1408 1690 τῷ
1435 1631 1495 1674 ἱε-

6 1707 73 1758 ρεῖ·
93 1699 381 1759 παρεκελεύετο
409 1706 576 1760 πρῶτον
600 1702 678 1757 μὲν
698 1700 847 1757 Ἄννης
864 1704 941 1757 τῆς
958 1703 1176 1756 βασιλίδος
1195 1702 1238 1744 ἐν
1254 1707 1346 1752 ταῖς
1365 1701 1497 1758 ἱεραῖς

4 1769 255 1832 ὑμνῳδίαις,
294 1769 486 1831 δεύτερον
518 1772 565 1815 δὲ
597 1775 674 1815 τοῦ
706 1769 864 1827 ταύτης
896 1770 1038 1826 υἱέως,
1086 1772 1158 1815 καὶ
1183 1771 1326 1830 τρίτον
1360 1770 1494 1814 αὐτοῦ
1527 1786 1530 1788 ’

97 1871 174 1927 18.⁶
189 1870 299 1916 φιλία
320 1863 475 1907 δίδωσιν
498 1866 710 1918 οἷκραιφνής
728 1881 794 1909 em.
818 1869 920 1905 Boiv.
957 1880 1021 1917 pro
1052 1869 1161 1918 φιλίᾳ
1182 1869 1338 1907 δίδωσιν
1361 1866 1494 1917 ἄκραι-

94 1929 206 1964 Ψνης·
558 1936 565 1943 “

2 2001 122 2041 verat,
145 2001 184 2033 et
199 1998 344 2034 omnium
360 1998 634 2034 efficacissimum
650 1998 1035 2045 praesentissimumque
1057 2001 1264 2044 paraverat,
1287 2009 1357 2044 quo
1372 2001 1491 2044 posset

1 2045 130 2087 vitam,
151 2045 212 2080 ubi
230 2057 371 2081 necesse
390 2052 502 2088 esset,
525 2047 739 2092 abrumpere.
788 2046 891 2088 Quod
916 2046 975 2080 ille
1005 2045 1112 2090 igitur
1135 2045 1174 2079 in
1192 2045 1360 2092 seipsum
1382 2056 1491 2079 ausus

2 2091 136 2134 fuerat,
158 2091 197 2126 id
220 2092 408 2139 Byzantini
430 2093 550 2128 sedulo
573 2099 610 2129 et
629 2099 770 2128 strenue
792 2093 830 2127 in
854 2094 1096 2139 imperatorem
1114 2091 1362 2134 moliebantur,
1386 2090 1492 2126 nullis

2 2149 68 2172 nec
86 2138 229 2174 venenis
253 2151 318 2174 nec
335 2139 470 2174 insidiis
489 2144 692 2186 parcentes,
715 2151 940 2186 quascunque
964 2139 1042 2174 sive
1061 2138 1195 2184 antiqui
1216 2139 1383 2173 scelerum
1402 2136 1491 2173 arti-

1 2185 88 2221 fices
106 2185 341 2229 invenissent,
365 2186 442 2221 sive
459 2192 597 2222 nostrae
619 2187 746 2222 aetatis
767 2187 920 2221 homines
936 2185 972 2220 in
993 2185 1158 2221 eiusmodi
1175 2197 1272 2220 usum
1290 2185 1492 2231 excogitas-

2 2237 92 2267 sent.
138 2233 223 2278 (V.)
245 2233 287 2268 Id
306 2245 391 2268 vero
408 2233 554 2269 miretur
579 2234 727 2280 aliquis,
756 2245 823 2279 quo
847 2238 951 2280 pacto
971 2233 1083 2268 omnia
1109 2232 1224 2267 statim
1249 2231 1492 2278 deprehende-

1 2284 121 2314 rentur
154 2283 192 2314 et
213 2279 317 2314 irrita
342 2280 488 2323 fierent,
519 2281 596 2315 Deo
621 2281 788 2316 homiuem
817 2280 972 2315 illaesum
996 2284 1033 2314 et
1068 2280 1125 2314 his
1153 2280 1309 2314 omnibus
1334 2278 1493 2313 altiorem

1 2329 176 2362 servante.
221 2326 347 2365 Utrum
372 2331 524 2362 statuam
550 2327 689 2362 naecio:
719 2339 764 2362 an
790 2327 951 2362 iniustam
973 2326 1199 2368 sententiam,
1223 2334 1394 2372 qua'eum
1413 2325 1493 2370 By-

2 2372 110 2407 zantii
128 2372 463 2416 condemnaverant,
486 2380 523 2409 et
542 2374 741 2420 multiplicis
766 2385 809 2409 ac
834 2373 955 2409 variae
975 2373 1199 2419 infinitaeque
1220 2373 1387 2418 pecuniae
1407 2371 1494 2406 mui-

2 2419 213 2462 cntionem,
234 2431 362 2455 summa
381 2432 456 2456 cum
475 2420 644 2467 patientia
667 2422 712 2457 ab
732 2433 774 2455 eo
794 2426 996 2466 exceptam,
1020 2420 1197 2455 censuerit
1211 2420 1307 2455 Deus
1328 2419 1494 2454 sufficere

1 2465 48 2499 ad
67 2466 312 2512 explorandam
334 2467 480 2503 hominis
509 2474 675 2510 mentem,
698 2468 794 2503 circa
813 2479 914 2514 quam
934 2472 1045 2502 totum
1066 2466 1206 2502 divinae
1228 2466 1386 2501 iustitiae
1410 2475 1493 2500 ver·-

0 2515 100 2546 satur
125 2524 288 2556 examen3
310 2524 355 2548 an
373 2515 466 2560 quod
489 2514 550 2549 ilie
572 2514 729 2549 maximis
749 2513 965 2549 contumeliis
994 2514 1144 2548 affectus
1174 2525 1239 2548 nec
1264 2513 1495 2548 ulcisceretur

0 2558 140 2601 atatim,
162 2571 229 2595 nec
244 2560 280 2594 in
294 2565 475 2606 posterum
496 2561 683 2596 minaretur
706 2561 871 2596 ultionem
898 2560 1069 2606 (dolorem
1086 2561 1238 2595 fortasse
1257 2560 1493 2603 tacitumser-

0 2615 109 2648 vaus,
132 2605 242 2641 donec
262 2607 451 2652 expleret),
472 2608 537 2643 sed
558 2620 673 2642 eorum
700 2608 806 2643 saluti
823 2609 859 2643 in
878 2608 1018 2653 primis,
1042 2607 1103 2653 qui
1128 2607 1240 2653 ipsum
1259 2605 1388 2641 iniuria
1414 2605 1493 2640 affi-

1 2650 139 2688 ciebant
161 2664 204 2688 ac
231 2653 330 2693 bello⁴
353 2655 671 2701 persequebantur,
694 2655 787 2690 omni
805 2654 904 2690 modo
924 2654 1148 2701 provideret,
1170 2657 1334 2700 quantum
1354 2653 1492 2687 sincera

1 2697 156 2734 amicit-la
181 2704 362 2744 praestare
383 2701 575 2746 potuisset.
622 2701 723 2746 (VI.)
747 2702 799 2737 Et
824 2707 864 2736 ut
887 2700 933 2735 de
956 2700 1073 2736 multis
1098 2712 1212 2756 pauca
1236 2699 1404 2746 quaedam
1433 2697 1493 2732 hic

0 2744 241 2798 subponimus,
262 2746 350 2782 adeo
366 2747 568 2783 iniuriarum
596 2752 673 2783 erat
696 2748 890 2790 immemor,
912 2751 954 2782 ut
969 2747 1132 2794 periculis
1159 2751 1216 2782 tot
1234 2747 1493 2786 circumsessus,

0 2794 39 2825 et
60 2802 99 2826 ιιι
118 2791 230 2837 ipsis,
261 2798 302 2828 ut
320 2793 373 2829 ita
392 2793 504 2830 dicum
518 2820 529 2837 ,
554 2793 642 2830 Orci
664 2794 857 2830 visceribus
882 2794 1080 2836 demersus,
1112 2793 1326 2830 sacerdotem
1350 2790 1492 2827 iusserit

1 2836 198 2874 muninime
226 2839 338 2878 saetis
364 2839 401 2877 iu
425 2841 586 2878 cantibus
607 2841 754 2889 primum
781 2841 920 2889 quidem
945 2843 1067 2878 Annae
1087 2839 1339 2888 imperatricis,
1361 2836 1489 2876 deinde
