1794 3172
56 302 96 337 Α.
111 301 157 336 Μ.
173 299 266 337 6859

282 167 417 218 1094
693 137 1014 221 ΝΙΟΕΡΗΟΒῙ
1039 173 1366 221 GREGORAE

279 284 474 333 συνιόντα
500 281 636 343 δήπου
661 285 731 329 καὶ
759 289 1036 331 κοινωνοῦντα
1068 282 1285 343 ἀλλήλοις,
1314 285 1467 344 γίνεται
1487 281 1534 331 ςἐν
1560 287 1630 331 καὶ
1650 285 1759 330 ὓπο-

125 349 194 386 1nd.
210 348 273 429 4E
284 357 394 414 μένει
423 356 500 413 τὴν
524 359 601 399 τοῦ
631 353 723 405 ἑνὸς
751 357 1008 414 παρουσιάν,
1042 354 1123 400 οὐκ
1153 354 1255 400 ὄντα
1275 353 1374 415 ὅπερ
1397 356 1454 401 ἕν.
1499 355 1654 412 μετέχει
1674 355 1760 414 ἄρα

239 718 272 754 F

122 996 165 1031 P.
188 997 258 1033 687

241 1413 272 1450 13

128 1621 172 1657 V.
190 1618 260 1659 554

285 432 360 472 τοῦ
382 424 473 476 ἑνὸς
491 421 624 483 ταύτῃ
635 458 649 479 ,
686 418 714 483 ᾗ
735 423 881 482 πάσχει
902 426 949 470 τὸ
970 423 1017 470 (ἐν
1041 425 1247 484 γενέσθαι.
1298 428 1335 469 εἲ
1351 426 1427 482 μὲν
1446 425 1526 485 γὰρ
1546 425 1627 484 ἤδη
1649 426 1759 470 ἐστὶν

275 494 346 551 (ἓν,
379 495 427 539 οὗ
448 496 601 553 γίνεται
624 494 678 539 ἕν.
723 495 772 539 τὸ
803 495 884 553 γὰρ
915 494 961 540 ὃν
990 495 1039 540 οὗ
1073 497 1225 553 γίνεται
1246 494 1269 539 ὃ
1293 495 1375 552 ἤδη
1398 496 1520 540 ἐστίν.
1568 498 1603 539 εἴ
1625 497 1670 539 δὲ
1695 495 1760 553 γί-

276 584 403 619 νεται,
432 569 492 625 τῷ
509 564 569 622 μὴ
589 561 635 608 (ἓν
656 562 758 609 εἶναι
779 563 1004 625 πρότερον,
1038 565 1116 618 ἕξει
1137 565 1184 610 τὸ
1203 563 1248 609 (ἓν
1260 599 1275 620 ,
1306 565 1565 624 ἐγγενομένου
1583 565 1694 617 τινὸς
1714 566 1790 609 ἒν5

278 636 419 686 αὐτοῖς
443 633 546 685 ἑνός.

380 702 436 761 β’.
467 704 572 762 Ἐγὼ
604 704 679 760 μὲν
711 697 785 746 οὖν
821 707 956 748 ταῦτα
995 703 1120 748 εἰπὼν
1153 702 1270 764 ᾤμην
1308 700 1432 761 λόγου
1464 701 1758 761 ἀπηλλάχθαι·

275 776 384 832 μηδὲ
409 774 487 832 γὰρ
519 776 687 818 δεῖσθαι
715 771 912 818 πλειόνων
940 773 999 818 Ξ-’τι
1027 775 1095 818 καὶ
1115 773 1381 833 σαφεστέρων
1399 780 1642 833 μαρτυριῶν
1650 808 1663 828 ,
1702 775 1759 824 εἷς

276 843 540 904 παράστασιν
559 848 634 901 τῆς
665 842 819 894 ἒνιαίας
842 845 995 901 ἐκείνης
1014 846 1081 887 καὶ
1100 846 1327 900 μοναδικῆς
1345 845 1414 886 καὶ
1433 846 1555 895 θείας
1576 842 1760 900 ἁπλότη-

278 932 377 969 τος,
406 915 474 958 καὶ
501 912 579 957 ὅσα
600 915 801 957 δεικνῦσιν
824 914 942 972 ἕτερα
962 915 1053 972 περὶ
1073 918 1176 958 θεοῦ
1194 917 1279 958 τῶν
1297 911 1425 957 πάλαι
1453 918 1598 973 σοφῶν
1621 914 1661 957 οἳ
1685 910 1759 957 λό-
1771 917 1794 954 1¹

279 1002 365 1043 γοι,
403 981 673 1042 ὗπεράγαθον
695 982 822 1026 α’ὖτὸν
845 988 1092 1038 καλοῦντες,
1123 985 1192 1027 καὶ
1217 981 1345 1027 τόπον
1363 981 1468 1043 ὑπὲρ
1493 982 1645 1039 τόπον,
1690 984 1760 1027 καὶ

277 1053 421 1111 νόησιν
438 1052 542 1110 ὑπὲρ
565 1051 723 1109 νόησιν,
747 1054 814 1095 καὶ
835 1055 991 1110 κίνησιν
1009 1052 1112 1111 ὑπὲρ
1134 1054 1306 1110 κίνησιν,
1329 1060 1417 1104 τοῖς
1439 1052 1567 1111 ἁγίοις
1590 1052 1756 1110 ὁμοίως,

278 1123 351 1168 ἅτε
369 1122 449 1182 ὑφ’
474 1121 533 1166 ἑνὶ
554 1124 622 1166 καὶ
642 1127 702 1182 τῷ
723 1121 836 1182 αὐτῷ
857 1122 1020 1175 τούτοις
1039 1121 1180 1167 κανόνι
1198 1121 1447 1179 τυπούμενοι
1472 1128 1548 1180 τῆς
1575 1126 1760 1180 τεχνικῆς

278 1194 467 1244 παιδείας
485 1194 553 1236 καὶ
573 1190 798 1249 ἐπιστήμης
807 1225 821 1246 ,
860 1198 975 1251 κοινῇ
993 1200 1080 1244 τοῖς
1103 1198 1205 1237 πᾶσι
1227 1193 1332 1251 πρὸς
1354 1197 1429 1237 τοῦ
1449 1198 1554 1237 θεοῦ
1571 1198 1759 1250 βραβευ-

278 1264 448 1320 θείσης,
474 1259 635 1306 ’ὁπόσοι
662 1262 860 1322 διαλέκτῳ
889 1263 1105 1321 κέχρηνται
1132 1267 1185 1321 τῇ
1214 1264 1333 1322 αὐτῇ.
1410 1262 1502 1322 (Β.)
1544 1263 1596 1306 Οἱ
1618 1263 1661 1305 δ’
1685 1262 1760 1306 οὗκ
1772 1268 1794 1303 1,

279 1329 512 1392 ἀφίσταντό
531 1350 629 1388 μου,
662 1332 738 1389 τὴν
760 1334 1005 1391 συμφωνίαν
1025 1332 1102 1377 κάκ
1121 1337 1205 1376 τῶν
1226 1333 1346 1392 ἱερῶν
1366 1333 1634 1383 ἀπαιτοῦντες
1655 1331 1761 1388 ὅψε-

281 1419 346 1447 σιν
367 1402 514 1453 αὗταΐς
539 1398 845 1458 ἀναλαμβάνειν
870 1403 1056 1458 βιβλίων.
1104 1402 1152 1446 οὗ
1177 1403 1256 1460 γὰρ
1280 1403 1469 1460 ἐνέτυχον
1497 1402 1662 1459 οὐδαμῆ
1693 1417 1761 1445 πω

280 1471 386 1517 οὗθ’
416 1472 568 1530 ἱεραῖς,
609 1471 704 1515 οῦτε
725 1474 808 1515 τισὶ
829 1476 912 1516 τῶν
934 1470 1129 1531 θύραθεν
1155 1474 1248 1532 περὶ
1276 1471 1383 1517 ὅτων
1417 1470 1571 1529 δήποτε
1599 1473 1760 1528 βίβλων

281 1539 636 1601 φιλοπονώτερον,
670 1541 730 1585 ἵν’
761 1542 823 1599 εἴη
851 1545 920 1586 καὶ
945 1540 1067 1599 ἡμῖν,
1109 1542 1214 1601 πρὸς
1244 1541 1405 1594 εἲδότας
1425 1560 1470 1601 γε
1500 1542 1761 1597 ποιουμένοις

283 1612 356 1656 τὸν
377 1609 512 1670 λόγον,
547 1611 602 1655 τὰ
617 1616 701 1656 τῶν
722 1609 859 1656 πόνων
880 1610 1134 1671 κουφότερα·
1162 1612 1261 1656 ἀλλ’
1286 1612 1314 1656 ἃ
1336 1612 1441 1672 πρὸς
1459 1616 1535 1657 τοῦ
1557 1608 1794 1655 &amomi-a

279 1686 356 1727 λου
382 1685 578 1738 Παλαμᾶ
605 1681 822 1738 συνέβαινέ
841 1699 983 1742 σφισιν
1011 1681 1151 1742 ἄκροις
1180 1680 1453 1728 ἀκούειννώσὶ
1465 1716 1480 1738 ,
1517 1681 1644 1727 ταῦτ’
1669 1680 1760 1725 ἐδέ-

370 1779 406 1817 4.
431 1778 466 1816 εἰ
483 1777 524 1817 δὲ
545 1779 700 1826 γίνεται,
725 1779 764 1818 ἐκ
784 1783 856 1818 τοῦ
872 1780 1034 1829 μηδενός
1048 1781 1208 1829 γίνεται,
1225 1779 1340 1819 τοῦτό
1357 1779 1475 1827 ἐστιν,
1494 1779 1534 1818 ἐκ
1551 1782 1620 1826 τῆς
1634 1777 1761 1826 στερή-

372 1839 463 1870 σεως
479 1826 663 1875 πρότερον
675 1826 718 1866 τὸ
737 1827 792 1872 ἓν,
811 1827 1051 1876 ἐγγενομένου
1071 1830 1116 1865 al.
1210 1831 1268 1868 20.
1293 1827 1379 1866 ἀλλ’
1399 1825 1424 1865 ἃ
1443 1829 1555 1875 Capp.
1573 1840 1638 1875 pro
1656 1826 1761 1864 ἄλλά.

281 1907 436 1951 veniunt,
458 1919 522 1944 nec
540 1920 608 1944 non
618 1909 760 1945 unitatis
777 1909 1005 1957 praesentiam
1022 1910 1233 1957 suscipiunt;
1256 1909 1339 1944 licet
1355 1921 1423 1945 non
1439 1908 1508 1944 sint
1524 1909 1617 1944 istud
1635 1908 1760 1955 ipsum,

283 1956 377 2001 quod
404 1966 509 1990 unum
533 1961 598 1991 est.
644 1957 757 2002 Igitur
782 1961 925 1992 eatenus
948 1956 1114 1992 unitatem
1135 1956 1365 2004 participant,
1397 1960 1567 2002 quatenus
1583 1967 1646 2002 per
1664 1957 1760 1991 acci-

282 2001 454 2036 dentalem
480 2004 516 2036 et
545 2003 767 2039 adventitiam
796 2003 863 2038 sibi
888 2003 1088 2050 qualitatem
1116 2015 1220 2038 unum
1246 2004 1346 2039 fiunt.
1402 2004 1493 2039 Nam
1520 2003 1550 2037 si
1569 2003 1639 2038 iam
1657 2006 1761 2038 antea

283 2059 387 2082 unum
404 2052 540 2091 essent,
565 2061 668 2085 unum
684 2062 752 2085 non
770 2050 908 2085 fierent.
955 2050 1057 2092 Quod
1077 2050 1164 2085 enim
1183 2053 1257 2094 est,
1280 2062 1348 2085 non
1369 2050 1411 2085 fit
1426 2049 1521 2085 istud
1537 2050 1647 2097 ipsum
1668 2048 1760 2095 quod

281 2094 350 2129 iam
370 2098 433 2129 est.
480 2095 544 2130 Sin
558 2107 660 2131 unum
680 2097 784 2139 fiant,
809 2109 849 2131 eo
867 2096 959 2142 quod
976 2109 1078 2132 unum
1098 2096 1195 2144 prius
1214 2109 1283 2132 non
1308 2101 1444 2143 essent,
1467 2096 1634 2133 unitatem
1650 2096 1760 2131 habe-

281 2141 389 2183 bunt,
412 2145 582 2187 quatenus
600 2154 703 2178 unum
723 2143 805 2190 quid
820 2143 906 2189 ipsis
923 2155 1043 2179 recens
1063 2144 1178 2179 inerit.

376 2189 412 2224 2.
435 2188 533 2223 Haec
558 2201 624 2237 ego
648 2201 723 2225 cum
746 2189 929 2232 dixissem,
954 2191 1118 2237 loquendi
1148 2190 1264 2226 officio
1294 2189 1429 2226 abunde
1463 2190 1678 2236 perfunctum
1703 2199 1759 2223 me

284 2243 362 2269 esse
385 2235 562 2280 putabam.
607 2236 734 2282 Neque
760 2236 848 2271 enim
875 2237 1110 2273 existimabam
1136 2237 1291 2284 pluribus
1312 2241 1349 2272 et
1375 2236 1646 2272 evidentioribus
1672 2246 1760 2281 opus

285 2292 364 2316 esse
386 2281 613 2325 testimoniis,
636 2287 675 2318 ut
690 2283 793 2319 unica
809 2283 869 2318 illa
888 2284 1074 2330 singularis
1092 2289 1129 2320 et
1149 2284 1268 2320 divina
1286 2283 1488 2331 simplicitas
1503 2283 1759 2326 ostenderetur,

284 2331 327 2362 ut
354 2329 390 2362 et
412 2327 482 2363 alia
505 2339 729 2384 quaecunque
749 2330 792 2365 de
816 2330 892 2366 Deo
911 2331 1187 2367 demonstrantur
1206 2342 1252 2367 ex
1274 2335 1431 2366 veterum
1448 2329 1586 2376 placitis
1606 2329 1762 2376 philoso-

285 2374 449 2455 fhorum,
474 2386 534 2420 qur
561 2375 674 2421 ipsum
693 2388 799 2424 super
823 2389 953 2413 omnem
979 2378 1167 2414 bonitatem
1186 2379 1331 2419 bonum,
1358 2377 1469 2412 locum
1499 2388 1606 2423 super
1629 2386 1760 2410 omnem

300 2432 419 2464 ocum,
438 2420 649 2457 intellectum
669 2435 775 2469 super
800 2435 928 2459 omnem
951 2424 1181 2468 intellectum,
1204 2424 1386 2459 motionem
1410 2435 1517 2469 super
1538 2434 1668 2458 omnem
1686 2433 1761 2457 mo-

285 2468 415 2503 tionem
441 2468 629 2514 appellant.
677 2470 757 2512 Qua
781 2470 817 2506 in
840 2483 880 2506 re
904 2471 969 2507 SS.
990 2472 1155 2507 Patribus
1175 2470 1410 2513 consentiunt,
1434 2473 1557 2518 utpote
1583 2481 1659 2504 cum
1682 2479 1761 2503 ser-

284 2526 402 2549 mones
421 2514 472 2550 illi
490 2526 572 2550 suos
596 2516 842 2553 confermarint
868 2518 913 2552 ad
931 2529 1032 2553 unam
1057 2518 1268 2564 eandemque
1284 2517 1439 2562 regulam
1451 2542 1462 2559 ,
1486 2515 1677 2552 artificialis
1695 2515 1761 2550 do-

287 2561 419 2596 ctrinae
441 2565 478 2597 et
503 2562 688 2605 scientiae,
713 2575 814 2610 quam
838 2565 934 2600 Deus
959 2565 1179 2600 communiter
1207 2564 1386 2606 omnibus,
1419 2563 1615 2610 quicunque
1639 2562 1761 2607 lingua

287 2609 408 2643 eadem
424 2612 571 2644 utuntur
585 2608 718 2648 tribuit.
764 2611 850 2656 (ΙΙ.)
872 2612 928 2646 Illi
945 2617 1061 2647 autem
1082 2623 1104 2647 a
1132 2623 1185 2646 me
1198 2623 1266 2646 non
1292 2611 1524 2653 recedebant;
1547 2609 1610 2645 sed
1638 2613 1760 2654 postu-

285 2653 425 2698 labant,
455 2659 495 2691 ut
523 2655 610 2702 ipsis
643 2656 686 2691 ob
719 2658 836 2693 oculos
867 2669 1026 2704 ponerem
1056 2657 1252 2693 testimonia
1275 2670 1295 2693 e
1319 2659 1387 2693 SS.
1409 2658 1553 2693 Patrum
1575 2656 1672 2691 libri·
1696 2655 1761 2689 de·-

287 2705 468 2748 prompta,
524 2714 590 2738 uae
622 2703 902 2750 philosophorum
925 2705 1063 2751 placitis
1086 2716 1234 2741 consona
1255 2716 1333 2739 esse
1354 2704 1566 2740 viderentur.
1619 2701 1761 2737 Etenim

288 2758 404 2793 neque
426 2749 492 2785 SS.
540 2753 650 2785 atrum
667 2761 779 2797 neque
802 2751 979 2797 gentilium
1003 2752 1279 2799 philosophorum
1302 2751 1410 2786 libros
1435 2751 1662 2798 (quacunque
1680 2752 1761 2782 tan-

290 2793 366 2829 dem
389 2794 434 2830 de
457 2807 496 2831 re
518 2797 704 2844 conscripti
726 2798 866 2843 forent)
897 2799 1073 2845 hucusque
1106 2798 1307 2844 diligentius
1336 2809 1488 2844 unquam
1511 2797 1689 2842 legerant,
1720 2796 1761 2828 ut

289 2840 410 2884 nobis,
441 2854 517 2879 cum
548 2854 660 2879 rerum
691 2849 986 2880 controversatum
1010 2845 1156 2892 peritis,
1186 2855 1375 2880 sermonem
1396 2843 1627 2884 habentibus,
1651 2841 1762 2877 levior

289 2886 390 2924 labor
411 2895 523 2927 esset:
546 2890 610 2927 sed
632 2901 723 2939 quae
745 2903 768 2928 a
790 2891 956 2938 magistro
980 2905 1044 2929 suo
1057 2892 1199 2930 Palama
1220 2891 1381 2928 extremis
1404 2890 1546 2927 auribus
1567 2888 1762 2931 audierant,
