1794 3172
286 125 388 175 614
687 135 1003 181 NICEPHORI
1021 133 1347 184 GREGORAE

64 255 104 290 A.
122 254 167 287 Μ.
187 252 279 289 6850
291 240 416 295 δενός,
489 241 583 305 (ς’.)
610 242 741 301 ’Ὕλην
763 245 900 290 τοίνυν
914 242 1100 303 εὖρόντες
1111 280 1125 301 ,
1161 242 1214 303 ἢν
1232 244 1362 291 πάλαι
1393 253 1624 300 ποθοῦντες
1646 246 1763 308 ἐτύγ-

111 302 179 336 Ind’
198 303 242 336 1⁰
254 331 439 380 Οχανον,
487 315 718 372 φακέλλους
739 313 995 374 γραμμάτων
1014 316 1243 372 διέπεμπον·
1267 317 1307 360 οἳ
1329 317 1547 372 Βυζάντιοι
1569 318 1764 378 πρόεδροι

292 383 399 428 κατὰ
441 388 579 428 πᾶσαν
615 385 815 441 ε’παρχιάν
848 386 917 428 καὶ
954 382 1074 427 πόλιν
1091 418 1105 439 ,
1168 384 1364 442 ἀνάθεμα
1399 389 1468 431 καὶ
1504 389 1764 446 ἀφορισμούς

285 452 523 511 περιέχοντα
551 451 740 508 πάντων,
778 453 868 498 ὅσοι
894 455 1006 512 φίλοι
1032 455 1230 499 θέλουσιν
1248 454 1351 500 εἶναι
1370 461 1446 501 τοῦ
1465 460 1764 515 Καντακουξη-

285 527 385 568 νοῦ·
423 525 491 566 καὶ
519 521 607 578 ἅμα
636 527 718 567 πᾶν
746 522 859 578 τό,τε
888 523 1110 580 δημοτικὸν
1139 526 1378 584 ε’ρεθίζοντα
1401 527 1507 570 κατὰ
1529 531 1612 571 τῶν
1633 532 1794 574 πλον-5

286 594 387 637 σίων
423 594 490 635 καὶ
527 592 600 636 τὸν
642 590 856 647 βάναυσον
892 592 1014 649 ’ὄχλον
1043 593 1150 642 κατὰ
1179 599 1263 639 τῶν
1283 594 1398 654 δόξῃ,
1417 597 1486 640 καὶ
1511 597 1611 655 γε’νει
1632 597 1766 655 πρού-

283 660 467 718 χόντων”
499 661 570 704 ’ίνα
599 666 682 706 τῶν
715 661 846 713 οὕτως
876 661 1051 718 ἐχόντων
1079 664 1124 707 ἐκ
1152 665 1282 720 μέσου
1301 665 1551 722 γενομένων,
1590 666 1766 724 εὐχερῶς

247 731 410 775 Βαῦτοὶ
428 735 504 787 τῆς
523 731 654 787 ἀρχῆς
675 732 881 790 ἐγκρατεῖς
898 737 1133 777 καταστῶσι
1144 767 1158 787 ,
1194 736 1325 791 μηδὲν
1347 733 1522 780 ὁθενοῦν
1540 736 1765 780 ἀντίπαλον

284 799 558 860 ὑφορώμενοι.
597 803 664 844 καὶ
681 802 822 857 μέντοι
841 803 908 845 καὶ
927 802 1086 859 γε’γονεν
1109 804 1300 848 ἐντεῦθεν
1320 806 1490 862 μεγίστη
1512 808 1580 849 καὶ
1601 810 1765 850 πολυει-

285 871 363 927 δὴς
385 870 532 929 φθορὰ
549 876 737 927 πανταχῆ
758 876 840 915 τῶν
861 869 1100 928 Ῥωμαϊκῶν
1118 874 1160 916 ἔν
1180 878 1331 932 βραχεῖ
1354 874 1631 933 πραγμάτων,
1672 877 1792 921 οἵανΙ

284 940 420 990 οὐδεὶς
449 940 492 984 ἓν
519 944 669 998 βραχεῖ
693 945 959 999 παραστῆσαι
991 940 1164 986 δύναται
1186 943 1320 1002 λόγος.
1395 944 1491 1005 (Ζ.)
1524 943 1573 989 Ὁ
1592 945 1668 1000 μὲν
1692 941 1766 989 οὖν

283 1010 628 1066 Καντακουζηνὸς
657 1010 775 1054 οὐδὲν
805 1012 1088 1063 ἐπιδείξασθαι
1114 1010 1280 1072 θάρσος
1305 1013 1497 1068 ἐβούλετο
1509 1048 1524 1068 ,
1562 1014 1650 1059 οὐδ’
1674 1016 1766 1058 ἕπε-

281 1081 407 1138 χείρει
427 1079 530 1138 πρὸς
547 1080 666 1123 οὐδὲν
685 1084 769 1124 τῶν
788 1078 981 1125 ἁπάντων
1000 1084 1185 1140 σπουδῆς
1205 1083 1332 1138 ἄξιον,
1359 1082 1426 1128 οἶα
1446 1089 1613 1143 φιλοῦσι
1636 1092 1766 1128 ποιεῖν

288 1151 328 1193 οἷ
342 1147 544 1200 τοιούτοις
571 1151 842 1208 ἐγχειροῦντες
875 1153 943 1194 καὶ
961 1152 1066 1209 πρὸς
1087 1158 1259 1197 τοιαῦτα
1278 1152 1432 1211 πελάγη
1453 1154 1759 1205 συνελαθέντες·

247 1219 381 1263 Εάλλ’
408 1218 542 1276 ἔμενεν
567 1218 720 1276 ἥσυχος
738 1220 844 1275 μετὰ
875 1225 951 1278 τῆς
972 1220 1170 1279 ἑπομένης
1195 1223 1308 1284 αὐτῷ
1341 1229 1552 1282 στρατιᾶς.
1591 1222 1668 1279 εἶχε
1687 1224 1794 1282 γὰρῙ

287 1287 480 1344 ὁπλίτας,
518 1294 601 1333 τῶν
626 1291 700 1345 μὲν
732 1291 824 1334 λίαν
853 1289 1034 1346 ἀρίστων
1067 1294 1136 1335 καὶ
1169 1291 1288 1352 ῥώμῃ
1322 1291 1516 1349 σώματος
1538 1296 1606 1337 καὶ
1626 1298 1768 1350 ψυχῆς

285 1358 438 1419 ἀνδρία
469 1360 538 1402 καὶ
570 1360 689 1420 πείρᾳ
721 1359 1024 1419 διαφερόντων,
1064 1361 1158 1421 ἄχρι
1180 1365 1247 1406 καὶ
1280 1364 1324 1414 ἐς
1345 1365 1568 1420 δισχιλίους
1596 1364 1765 1414 inm-'ag-

246 1466 252 1471 .
285 1429 335 1473 οἳ
363 1431 431 1473 καὶ
462 1428 509 1473 τὸ
539 1429 615 1473 σὺν
645 1429 757 1488 αὐτῷ
789 1434 934 1474 θανεῖν
969 1435 1110 1491 πολλῷ
1143 1430 1383 1491 τιμιώτερον
1407 1429 1515 1490 ἦσαν
1534 1432 1765 1491 ἡγούμενοι,

286 1497 314 1555 ἢ
336 1499 444 1556 πλὴν
467 1497 597 1542 αὐτοῦ
618 1501 687 1557 ζῇν
705 1499 799 1557 ἄχρι
813 1505 914 1554 μιᾶς
930 1518 1043 1552 τινος
1063 1506 1138 1558 τῆς
1151 1501 1319 1561 ἡμέρας.
1359 1503 1399 1546 οἱ
1415 1505 1491 1559 μὲν
1511 1499 1582 1547 οὖν
1599 1501 1770 1559 λογάδες

247 1573 465 1612 Ε’τοιοῦτοι
484 1569 553 1612 καὶ
571 1573 762 1613 τοσοῦτοι
781 1569 853 1613 τὸν
873 1570 1055 1629 ἀριθμὸν
1075 1567 1183 1627 ἦσαν
1202 1573 1331 1632 αὐτῷ·
1368 1573 1407 1616 οἳ
1428 1574 1474 1617 δὲ
1490 1574 1588 1628 μετ’
1613 1573 1794 1624 αὐτοὺς-ε

284 1636 527 1694 ταττόμενοι
563 1640 626 1690 δὶς
655 1644 860 1684 τοσοῦτοι.
933 1640 1035 1702 (H.)
1068 1641 1239 1693 Ἐκεῖνος
1263 1643 1340 1698 μὲν
1358 1637 1431 1686 οὖν
1463 1641 1769 1701 διεπρεσβεύετο

288 1709 393 1767 πρὸς
409 1708 507 1759 τοὺς
526 1710 779 1763 Βυζαντίους
795 1710 849 1754 τοὶ
866 1711 970 1769 πρὸς
988 1709 1151 1770 εἷρήνην
1168 1711 1311 1768 συχνὰ,
1351 1714 1419 1755 καὶ
1437 1717 1520 1756 τῶν
1543 1717 1771 1769 βασιλικῶν

286 1782 363 1822 τοῦ
395 1776 569 1835 συζύγου
595 1779 671 1835 τὴν
700 1781 898 1834 βασιλίδα
931 1781 1201 1837 ἀνεμίμνησκε
1233 1784 1450 1838 διαθηκῶν
1471 1784 1540 1826 καὶ
1575 1784 1766 1836 ἐντολῶν,

286 1846 341 1899 ἃς
356 1848 505 1899 ἐκεῖνος
521 1847 580 1891 ἔτι
600 1850 678 1902 ζῶν
699 1849 804 1909 αὐτῇ
827 1851 1043 1904 διετίθετο,
1081 1852 1177 1909 περί
1196 1868 1239 1895 τε
1259 1849 1412 1908 κήδους
1430 1856 1506 1895 τοῦ
1527 1852 1621 1896 νέου
1642 1857 1770 1908 βασι-

288 2003 460 2041 casionem
481 2003 599 2052 itaque
618 2005 732 2050 nacti,
766 2017 869 2062 quam
892 2006 1100 2054 expetebant
1125 2005 1279 2054 pridem,
1301 2008 1477 2054 praesules
1502 2008 1688 2056 Byzantini
1709 2021 1773 2056 per

290 2063 406 2088 omnes
425 2055 461 2086 et
481 2053 676 2097 provincias
700 2058 736 2088 et
755 2053 914 2089 civitates
938 2054 1122 2089 fasciculos
1145 2055 1328 2090 mittebant
1351 2056 1563 2099 litterarum,
1587 2058 1771 2092 anathema

289 2103 328 2134 et
353 2098 540 2134 interdieta
566 2099 809 2135 continentium
833 2101 998 2136 adversus
1026 2113 1107 2143 eos,
1142 2101 1203 2147 qui
1232 2102 1330 2137 amici
1366 2108 1482 2146 essent
1513 2104 1772 2146 Cantacuzeno,

290 2145 460 2190 simulque
485 2149 521 2180 et
545 2146 678 2192 plebem
708 2158 838 2182 omnem
860 2147 895 2182 in
923 2147 1050 2182 divites
1071 2147 1299 2192 irritantium,
1325 2151 1361 2184 et
1387 2151 1630 2185 mercenariam
1656 2151 1773 2186 multi-

292 2191 445 2226 tudinem
461 2191 499 2226 in
519 2203 578 2227 eos
597 2193 657 2238 qui
677 2193 846 2239 dignitate
862 2199 899 2229 et
918 2206 1046 2240 genere
1069 2194 1280 2229 eminebant=
1309 2200 1349 2231 ut
1368 2197 1514 2231 sublatis
1533 2198 1577 2232 de
1594 2197 1705 2231 medio
1729 2197 1773 2232 iis

292 2238 355 2284 qui
376 2238 463 2273 tales
484 2243 605 2281 erant,
627 2240 730 2275 facile
749 2240 819 2286 ipsi
844 2252 956 2276 rerum
982 2241 1187 2277 dominatum
1209 2242 1429 2285 invaderent,
1454 2244 1541 2278 nihil
1558 2255 1772 2290 quacumque

292 2295 339 2319 ex
357 2288 457 2331 parte
476 2285 681 2321 contrarium
697 2290 957 2334 suspectumque
975 2288 1139 2323 habituri.
1186 2288 1233 2324 Et
1252 2294 1347 2324 certe
1362 2290 1506 2325 maxima
1526 2290 1607 2325 inde
1627 2302 1668 2325 ac
1685 2290 1774 2325 mul-

292 2331 405 2377 tiplex
425 2331 607 2367 universae
632 2333 683 2368 rei
705 2334 879 2373 Romanae
905 2334 1018 2369 clades
1041 2335 1142 2371 brevi
1167 2339 1288 2371 exorta
1309 2341 1384 2379 est,
1408 2337 1541 2383 qualem
1568 2337 1686 2382 paucis
1711 2348 1775 2371 ex-

289 2377 437 2424 primere
463 2378 555 2414 nulla
581 2380 694 2425 possit
719 2380 843 2417 oratio.
890 2381 1010 2427 (vn.)
1034 2381 1295 2418 Cantacuzenus
1320 2394 1404 2418 vero
1427 2383 1520 2418 nulla
1544 2395 1581 2418 re
1608 2384 1773 2419 audacem

290 2436 331 2461 se
348 2424 550 2468 ostendere,
573 2426 656 2461 nihil
679 2427 825 2473 aggredi
841 2428 1002 2471 volebat,
1026 2429 1119 2474 quod
1139 2440 1266 2475 operae
1293 2430 1441 2476 pretium
1463 2435 1576 2474 esset,
1601 2434 1640 2464 ut
1661 2430 1774 2465 solent

289 2470 318 2506 ii
337 2471 396 2517 qui
413 2471 497 2508 talia
516 2472 713 2519 inceptant,
749 2478 786 2509 et
812 2474 848 2509 in
871 2487 929 2510 eos
956 2486 1069 2510 rerum
1097 2482 1214 2511 aestus
1239 2476 1405 2523 compulsi
1428 2480 1528 2519 sunt3
1553 2476 1616 2511 sed
1635 2476 1772 2522 quietus

289 2529 369 2554 cum
388 2530 449 2553 suo
470 2520 625 2554 exercitu
650 2521 819 2556 manebat.
865 2521 1028 2557 Habebat
1046 2523 1134 2557 enim
1164 2526 1387 2565 armatorum,
1415 2534 1530 2558 eorum
1551 2523 1689 2569 inquam
1712 2522 1774 2569 qui

289 2563 394 2610 longe
415 2565 594 2601 fortissimi
613 2572 728 2602 essent
751 2571 787 2602 et
807 2568 932 2603 robore
962 2573 1032 2604 tam
1053 2569 1156 2604 animi
1183 2581 1285 2615 quam
1308 2570 1463 2616 corporis
1487 2570 1774 2616 experientiaque

289 2614 530 2658 praestarent,
553 2613 599 2648 ad
618 2614 688 2648 duo
711 2614 861 2660 equitum
885 2614 1010 2658 millia3
1042 2616 1166 2662 quibus
1192 2616 1298 2651 multo
1320 2616 1565 2662 praestabilius
1588 2616 1774 2651 videbatur

295 2658 383 2692 mori
404 2669 478 2694 cum
495 2670 557 2701 eo,
582 2671 684 2705 quam
704 2660 780 2696 sine
798 2673 838 2696 eo
855 2661 910 2697 vel
927 2673 1029 2697 unam
1057 2665 1188 2697 tantum
1208 2662 1298 2697 diem
1323 2662 1455 2698 vivere.
1504 2663 1576 2698 Tot
1596 2664 1714 2709 itaquo
1733 2674 1775 2698 ac

295 2703 384 2740 tales
411 2709 511 2740 erant
536 2705 619 2741 lecti
639 2708 774 2744 milites.
822 2707 896 2751 Qui
924 2713 1037 2743 autem
1063 2709 1246 2744 secundum
1271 2709 1315 2743 ab
1335 2709 1406 2744 illis
1428 2709 1539 2744 locum
1567 2710 1778 2751 obtinerent,

295 2749 350 2785 bis
376 2751 521 2787 totidem
544 2758 653 2790 erant.
699 2754 834 2801 (VIII.)
863 2755 936 2790 Iste
964 2755 1073 2802 igitur
1099 2755 1300 2802 frequentes
1328 2756 1373 2791 de
1399 2766 1486 2802 pace
1512 2756 1703 2802 legationes
1732 2756 1777 2791 ad

295 2795 508 2843 Byzantinos
536 2800 715 2844 mittebat,
746 2806 783 2837 et
808 2802 1000 2848 Augustam
1027 2802 1352 2843 commonefaciebat
1381 2814 1559 2848 supremae
1585 2803 1775 2839 voluntatis

296 2847 334 2880 et
357 2845 589 2883 mandatorum
609 2847 827 2896 imperatoris
854 2848 1010 2896 coniugis
1033 2848 1107 2893 sui,
1131 2860 1218 2897 quae
1234 2849 1278 2886 ab
1301 2849 1359 2886 illo
1375 2849 1488 2886 adhuc
1511 2849 1652 2886 vivente
1673 2861 1776 2886 acce·
