1794 3172
265 130 400 179 1040
668 136 988 182 MCEPHORI
1014 101 1341 183 Gssmom

42 250 138 284 A.M.
159 246 373 306 6859γὲλια
408 247 476 291 καὶ
508 250 590 292 τῶν
626 249 769 304 σοφῶν
798 250 875 303 τῆς
905 247 1120 304 ἐκκλησίας
1156 251 1440 304 μυσταγωγῶν
1472 249 1516 292 αἱ
1546 250 1745 293 διδασκα-

100 299 166 332 [nd.
179 305 202 333 4
220 319 346 380 Ελίαι
366 319 433 360 καὶ
451 317 502 360 τὰ
521 316 609 374 ἱερὰ
631 314 821 373 δόγματα
838 315 1058 375 γέγραπται
1077 318 1176 371 μὲν,
1211 317 1286 360 οὐκ
1304 318 1515 362 ἐκδέδοται
1538 319 1609 362 δέ·
1648 320 1743 362 οὐδ’

261 387 471 430 ἐκδίδοται
495 387 593 441 μὲν,
633 383 882 442 σεσιώπηται
906 386 975 429 δέ·
1019 386 1126 430 ἀλλὰ
1151 388 1219 429 καὶ
1240 386 1309 430 διὰ
1333 385 1472 443 πάσης
1504 392 1580 444 τῆς
1608 390 1747 432 οἴκου-

259 457 384 512 μένης
414 455 473 498 ἀεὶ
495 452 766 510 κηρύττεται,
803 456 872 498 καὶ
890 460 975 499 τῶν
1001 453 1269 514 γεγραφότων
1298 455 1517 501 θανόντων
1548 455 1747 501 ἀθάνατα

257 526 366 581 με’νει
395 524 448 568 τὰ
472 522 699 581 γράμματα
708 557 723 578 ,
762 522 917 581 στήλης
955 523 1122 582 ἁπάσης
1155 527 1224 569 καὶ
1261 524 1518 584 ἀνδριάντων
1547 525 1774 570 ἅπάντωνό

257 598 404 652 μακρῷ
422 592 708 651 μονιμώτερα,
734 593 795 650 μὴ
816 592 947 649 μόνον
966 596 1102 648 ζῶσαν
1123 597 1191 638 καὶ
1214 594 1395 650 ἕμπνουν
1417 595 1508 640 τινὰ
1527 603 1616 648 τοῖς
1631 614 1748 654 χρω-

258 664 396 718 μένοις
418 661 678 720 παρεχόμενα
702 663 779 719 τὴν
809 663 1031 721 ὠφέλειαν,
1071 665 1177 707 ἀλλὰ
1194 667 1262 707 καὶ
1282 664 1358 721 τὴν
1379 670 1463 709 τῶν
1480 665 1747 725 γεγραφότων

222 734 502 791 Ἑπροαίρεσίν
525 750 569 775 τε
592 734 659 776 καὶ
684 733 944 789 οἰκονομικὴν
971 732 1133 778 σύνεσιν
1155 736 1348 791 διηνεκῶς
1370 737 1613 789 εἷκονίζοντα
1627 770 1640 790 ,
1679 738 1748 779 καὶ

257 803 306 846 τὸ
327 801 545 846 ἀθάνατον
568 801 803 859 ἒζιιπρακτόν
823 819 941 861 σφισι
962 802 1174 848 διδόντων.
1223 804 1376 862 πέφυκε
1401 805 1481 863 γὰρ
1503 806 1564 848 ἀεὶ
1584 810 1748 861 χειροῦ-

258 877 364 916 σθαι
399 872 506 928 μετὰ
544 871 760 931 ῥᾳστώνης
792 872 846 916 τὰ
881 873 1067 929 αι’σθητὰ
1097 874 1174 930 τὴν
1199 878 1284 917 τῶν
1316 876 1604 932 αἰσθητηρίων
1630 876 1745 919 ἄντί-
1760 883 1794 917 1(

258 946 387 997 ληψιν
398 975 412 996 ,
447 940 516 984 διὰ
538 942 586 984 τὸ
607 943 792 998 συγγενὲς
819 944 887 985 καὶ
917 944 1064 986 οῗκεΐον
1076 976 1089 996 ,
1120 945 1187 986 καὶ
1212 951 1355 1001 πεῖραν
1379 943 1468 999 ἅμα
1486 947 1555 987 καὶ
1573 962 1747 1002 γνωστι-

264 1013 341 1067 κὴν
379 1012 591 1068 ἐμπειρίαν
621 1010 877 1067 συνάγεσθαι
909 1012 956 1055 τὸ
990 1015 1149 1070 καίριον
1183 1012 1358 1068 ἔχουσαν
1395 1015 1440 1057 ἐκ
1469 1018 1545 1070 τῆς
1584 1013 1748 1070 ὁμιλίας

260 1080 430 1138 ἀμφοῖν.
468 1084 565 1130 νοῦς
585 1082 661 1135 μὲν
689 1081 768 1138 γὰρ
791 1081 987 1137 δικαστὴς
1006 1087 1090 1125 τῶν
1109 1084 1151 1125 ἓν
1170 1081 1312 1142 κόσμῳ
1341 1082 1596 1141 πραγμάτων
1611 1082 1749 1140 ὖπάρ-

255 1167 343 1206 χων
379 1154 453 1193 νῦν
490 1151 566 1205 μὲν
603 1152 659 1200 εἷς
686 1150 840 1208 αἰθέρα
871 1155 945 1193 νῦν
975 1151 1018 1193 δ’
1056 1154 1111 1202 εἷς
1140 1156 1216 1208 γῆν
1249 1153 1422 1209 ἐνεργεῖ,
1472 1155 1540 1196 καὶ
1568 1154 1637 1197 διὰ
1662 1158 1748 1197 τῶν

106 1218 135 1253 P
140 1243 148 1253 ·
168 1215 238 1255 554
265 1221 552 1276 αἲσθητηρίων
587 1219 664 1273 τὰς
699 1224 782 1263 τῶν
814 1218 1068 1277 πραγμάτων
1100 1219 1364 1277 ἀναγινώσκει
1392 1221 1639 1279 ποιότητας·
1676 1225 1745 1266 καὶ
1760 1231 1794 1266 15

258 1293 333 1334 νῦν
351 1290 425 1344 μὲν
450 1289 519 1332 διὰ
546 1293 621 1345 τῆς
648 1287 759 1347 ἁφῆς
784 1290 918 1350 ἐρωτᾷ
939 1292 1006 1332 καὶ
1026 1288 1233 1344 μανθάνει
1257 1289 1462 1345 σωμάτων
1483 1291 1748 1350 τραχύτητας

259 1360 326 1402 καὶ
347 1356 584 1414 λειότητας,
623 1361 692 1401 καὶ
717 1358 796 1402 ὅσα
817 1363 877 1418 τῷ
904 1357 1081 1417 τοιούτῳ
1104 1361 1280 1418 πέφυκεν
1311 1358 1562 1405 ὑποκεῖσθαι
1589 1364 1747 1419 οιῗσθη--ν

259 1430 414 1486 τηρίῳ·
453 1429 522 1470 καὶ
550 1423 603 1470 αὗ
626 1428 694 1471 διὰ
714 1433 790 1484 τῆς
821 1426 1066 1486 ὀσφρήσεως
1087 1428 1167 1472 ὅσα
1196 1428 1328 1486 εὐώδη
1360 1433 1429 1473 καὶ
1454 1430 1539 1487 μή·
1577 1434 1644 1475 καὶ
1674 1437 1748 1475 νῦν

258 1499 334 1553 μὲν
353 1497 422 1540 διὰ
443 1501 518 1553 τῆς
539 1497 666 1553 ἀκοῆς
687 1503 770 1541 τῶν
793 1498 1046 1555 ἐναρμονίων
1076 1504 1228 1556 φωνῶν
1259 1499 1334 1555 τὴν
1367 1500 1587 1556 ἀντίληψιν
1618 1502 1720 1557 ἴσχει
1735 1516 1744 1527 ·

258 1571 332 1610 νῦν
362 1568 407 1610 δὲ
435 1573 526 1617 ταῖς
548 1565 764 1625 διαφόροις
787 1568 855 1610 διὰ
873 1572 957 1611 τῶν
979 1567 1116 1622 ὄψεων
1137 1573 1297 1625 βαφαῖς
1316 1567 1547 1624 ὄμιλεΐτῶν
1570 1570 1747 1629 χρωμά-
1758 1580 1794 1614 ἒ(

224 1641 370 1680 Βτων·
408 1638 475 1679 καὶ
503 1635 607 1693 πρός
637 1654 679 1693 γε
712 1636 769 1680 ἔτι
804 1641 879 1680 νῦν
899 1638 974 1691 μὲν
1004 1637 1074 1680 διὰ
1096 1636 1306 1694 γλώττης,
1341 1643 1415 1682 νῦν
1441 1641 1487 1682 δὲ
1515 1640 1584 1682 διὰ
1613 1658 1747 1698 γραμ-

260 1703 430 1761 μάτων,
461 1705 686 1763 ἐφάπτεται
711 1711 795 1750 τῶν
818 1706 1093 1764 ἀνθρωπίνων
1116 1707 1238 1762 ἠθῶν
1265 1710 1333 1751 καὶ
1361 1708 1438 1759 τὰς
1458 1707 1617 1752 τούτων
1642 1711 1746 1753 ἀνα-

258 1773 443 1833 γινώσκει
472 1774 708 1833 ποιότητας.
744 1774 902 1820 τούτων
923 1778 1060 1821 τοίνυν
1081 1779 1196 1821 δυοῖν
1219 1777 1349 1823 ὄντων
1370 1776 1742 1839 ἧγεμονικωτέρων,

350 1875 387 1910 2.
411 1872 457 1910 οὗ
478 1873 678 1921 γέγραπται
700 1876 788 1911 coni.
811 1875 913 1912 Boiv.

262 1953 375 1990 tuisse
398 1966 511 1989 coram
537 1956 704 1990 exhiberi.
754 1955 893 2002 Quippe
914 1955 1083 2001 (aiebam)
1108 1968 1172 1991 nec
1190 1956 1307 1992 divina
1319 1957 1513 2004 Evangelia
1532 1958 1577 1993 ab
1597 1959 1746 2005 Aposto-

261 2000 327 2043 lis,
352 2013 416 2036 nec
435 2002 627 2047 sapientum
645 2003 812 2039 ecclesiae
837 2003 1026 2037 antistitum
1056 2005 1338 2050 praeceptiones,
1364 2017 1428 2039 nec
1458 2017 1558 2040 sacra
1585 2005 1747 2051 dogmata

265 2047 315 2082 sic
335 2047 468 2092 scripta
485 2055 576 2090 sunt,
602 2056 640 2083 ut
657 2050 692 2083 in
710 2049 818 2084 lucem
840 2050 933 2084 edita
948 2050 1038 2083 haud
1055 2051 1208 2093 fuerint3
1234 2063 1296 2085 nec
1316 2051 1366 2085 sic
1384 2052 1521 2096 quidem
1539 2052 1635 2086 edita
1654 2057 1745 2095 sunt,

263 2097 305 2128 ut
330 2094 440 2128 tacita
467 2094 651 2138 latuerint3
676 2096 738 2129 sed
767 2100 804 2138 et
829 2099 902 2130 toto
923 2097 1027 2139 orbe,
1052 2108 1256 2144 quacunque
1282 2099 1481 2133 habitabilis
1504 2105 1577 2140 est,
1604 2099 1746 2144 praedi-

264 2145 387 2174 cantur
403 2141 477 2174 sine
496 2141 576 2182 fine,
599 2147 655 2184 et,
679 2141 822 2176 mortuis
839 2141 883 2176 iis
903 2143 962 2188 qui
983 2143 1216 2189 scripserunt,
1240 2151 1442 2190 permanent
1458 2145 1590 2191 scripta
1610 2146 1746 2179 immor-

263 2186 370 2230 talia,
396 2187 519 2232 quovis
540 2188 664 2234 cippo,
690 2187 903 2233 quibuslibet
928 2189 1117 2224 simulacris
1145 2191 1371 2236 perenniora:
1408 2203 1516 2237 eaque
1541 2204 1608 2225 non
1637 2192 1745 2226 solum

262 2232 328 2274 iis,
349 2233 408 2279 qui
436 2237 602 2276 utuntur,
626 2235 740 2269 vivum
763 2239 800 2269 et
818 2235 927 2270 veluti
954 2236 1139 2281 spirantem
1158 2238 1310 2272 fructum
1333 2237 1505 2279 afferunt3
1531 2239 1594 2272 sed
1612 2242 1648 2271 et
1667 2238 1747 2271 illo-

262 2290 358 2320 rum,
385 2291 406 2314 a
425 2280 549 2325 quibus
571 2281 704 2327 scripta
722 2286 823 2323 sunt,
847 2282 1054 2317 voluntatem
1074 2283 1328 2329 officiosamque
1346 2284 1600 2329 providentiam
1620 2296 1746 2330 perpe-

262 2328 324 2360 tuo
341 2330 605 2372 repraesentant
618 2352 628 2368 ,
653 2332 689 2361 et
709 2339 824 2363 veram
842 2327 929 2373 ipsis
947 2329 1236 2364 immortalitatem
1263 2331 1429 2364 tribuunt.
1475 2331 1613 2376 Nempe
1633 2343 1674 2365 ea
1691 2335 1746 2366 est

261 2376 386 2406 natura
402 2384 516 2408 rerum
535 2373 729 2415 sensilium,
748 2378 786 2407 ut
805 2375 886 2419 quia
904 2376 1061 2411 sensibus
1082 2383 1251 2422 cognatae
1271 2381 1307 2410 et
1326 2375 1424 2422 quasi
1442 2377 1633 2411 familiares
1653 2382 1745 2419 sunt,

260 2418 394 2453 idcirco
416 2419 463 2453 ad
483 2419 538 2454 sui
557 2420 809 2465 perceptionem
833 2421 935 2456 facile
962 2435 1022 2457 eos
1042 2434 1176 2468 semper
1197 2423 1295 2468 quasi
1318 2422 1530 2468 mancipatos
1557 2423 1745 2466 adducant,

261 2468 369 2510 atque
395 2465 482 2500 adeo
510 2477 552 2500 ex
575 2466 732 2512 utrisque
752 2467 945 2503 coniunctis
966 2481 1050 2504 usus
1075 2475 1111 2504 et
1131 2474 1324 2515 opportune
1346 2469 1474 2514 agendi
1498 2482 1608 2516 sagax
1637 2482 1744 2516 expe-

260 2511 388 2547 rientia
416 2511 610 2558 colligatur.
664 2513 793 2547 Eorum
823 2514 930 2557 enim,
955 2527 1043 2562 quae
1072 2515 1109 2550 in
1140 2515 1264 2550 mundo
1295 2521 1394 2557 sunt,
1418 2516 1523 2550 iudex
1553 2516 1745 2551 constituta.

260 2568 356 2592 mens
379 2558 449 2593 vim
482 2570 576 2593 suam
596 2570 686 2593 nunc
714 2559 748 2593 in
776 2561 906 2596 caelum
934 2573 1023 2596 nunc
1045 2562 1082 2596 in
1101 2567 1228 2597 terram
1254 2566 1415 2604 exercet,
1438 2567 1475 2596 et
1498 2574 1613 2597 rerum
1630 2562 1746 2608 quali-

259 2608 353 2638 tates
374 2616 438 2650 ope
456 2617 614 2640 sensuum
631 2605 827 2651 cognoscit3
852 2619 892 2642 ac
910 2608 1009 2643 modo
1031 2620 1095 2654 per
1114 2613 1244 2643 tactum
1262 2607 1472 2654 asperitates
1489 2609 1745 2654 laevitatesque

262 2662 464 2696 corporum,
488 2656 525 2686 et
543 2663 766 2698 quaecunque
785 2653 818 2687 ei
836 2655 951 2688 sensui
978 2666 998 2689 a
1020 2661 1144 2690 natura
1167 2654 1415 2697 snbiiciuntur,
1440 2655 1596 2701 explorat
1623 2661 1660 2690 et
1688 2656 1744 2689 in-

260 2697 409 2742 telligit3
433 2699 533 2733 modo
561 2710 624 2744 per
647 2698 847 2742 odoratum,
870 2712 959 2745 quae
984 2701 1221 2736 suaveolentia
1240 2701 1308 2735 sint
1328 2706 1364 2735 et
1390 2706 1531 2744 contra3
1555 2701 1654 2736 modo
1678 2713 1743 2747 per

262 2743 418 2778 auditum
443 2756 547 2779 voces
564 2744 755 2780 modulatas
783 2746 952 2792 percipit;
990 2748 1089 2782 modo
1115 2759 1178 2794 per
1205 2747 1321 2782 oculos
1345 2747 1451 2782 variis
1476 2747 1626 2783 colorum
1654 2747 1743 2782 fucis

260 2788 428 2832 interest3
452 2795 559 2837 atque
579 2791 698 2826 eadem
726 2797 906 2837 praeterea
930 2794 1099 2829 hominum
1120 2805 1231 2829 mores
1258 2805 1348 2828 nunc
1371 2794 1513 2839 linguae
1540 2806 1629 2828 nunc
1654 2793 1742 2829 scri-

261 2839 386 2882 pturae
407 2847 474 2884 ope
496 2837 715 2886 assequitur,
739 2843 776 2874 et
794 2839 913 2887 quales
937 2840 962 2875 ii
983 2840 1054 2877 sint
1073 2840 1188 2877 discit.
1235 2840 1274 2875 In
1304 2840 1348 2875 iis
1374 2839 1533 2877 sensibus
1557 2841 1625 2876 duo
1645 2841 1741 2887 prin-
