1794 3172
272 133 407 188 1176
785 143 1270 196 ANNOTATIONES.

268 249 435 305 politani
457 249 664 290 historiam
699 250 787 292 fuse
808 254 1089 308 persequitur,
1120 255 1188 296 cui
1210 255 1379 311 Βὲκκος,
1419 265 1467 299 ut
1496 266 1537 300 et
1566 261 1740 303 Phranzi
1766 271 1794 305 ei

271 309 359 348 aliis
383 308 544 347 dicitur.
574 322 750 349 Duc-Atto.
809 310 911 350 Aliis
930 311 1082 362 Βέκκος
1094 328 1109 363 5
1141 314 1384 367 quibusdam
1404 319 1521 358 etiam
1540 319 1692 362 Βέκων.

572 377 656 419 Καὶ
678 375 958 434 Λατινόφρων
975 375 1165 434 Ἰωάννης
1183 381 1209 425 0‘
1227 383 1379 427 Βέκων.

272 447 369 486 Cod.
390 447 485 499 Reg.
507 447 632 491 3058.
688 447 789 487 Vide
810 455 849 488 et
866 449 1087 489 clausulam
1108 451 1205 492 cod.
1225 455 1323 507 Reg.
1343 458 1471 500 2006.
1500 454 1640 496 Latine
1659 458 1794 511 Becus

270 507 445 555 Beccus,
476 504 629 556 Vecus,
661 511 701 544 et
720 506 874 546 Veccus
896 507 1126 559 promiscue
1147 510 1316 554 dicitur.⁴
1369 526 1524 552 noxvm.

387 566 483 616 Pag.
515 566 611 613 129,
645 565 713 606 15.
767 560 1007 618 Νικηφόρος
1027 564 1052 607 ὅ
1069 564 1331 622 Βλεμμύδης]
1363 571 1419 609 De
1435 571 1607 624 prolatis
1628 586 1650 610 a
1671 573 1794 612 Vecct

270 622 310 660 S.
332 621 563 674 Scripturae
594 620 643 660 de
669 622 708 659 S.
737 621 908 674 Spiritus
932 624 1190 675 processione
1215 627 1340 680 locis,
1373 629 1442 681 qui
1470 629 1700 669 Latinorum
1729 631 1794 669 do-

271 685 402 732 gmata
428 678 655 728 firmarent,
686 679 828 719 scribit
850 680 1010 731 quidem
1030 681 1320 735 Pachymeres:
1363 687 1435 725 sed
1465 685 1514 724 de
1551 688 1794 727 collectionis

272 743 438 777 auctore
456 735 524 775 hic
548 736 658 786 silet,
688 737 924 790 Blemmyde
945 738 1124 789 scilicet,
1157 741 1289 780 valido
1309 744 1417 796 apud
1443 743 1616 782 Graecos
1639 745 1794 785 Latinae

271 794 464 834 ecclesiae
498 794 715 833 sententiae
747 794 940 834 adversus
985 797 1159 836 Graecos
1199 807 1514 852 propugnatore.
1575 802 1674 841 Nam
1712 816 1794 841 eurr

269 853 420 892 Ioanne
447 853 559 890 Duca
589 866 723 891 rerum
744 852 922 905 potiente
947 852 1051 893 inter
1069 855 1244 895 Graecos
1267 858 1316 896 de
1337 858 1594 911 processione
1629 859 1794 911 Spiritus

271 910 400 950 sancti
431 910 704 949 controversia
735 911 1024 961 discuteretur,
1054 912 1140 964 ipse
1168 915 1303 954 multis
1333 930 1383 955 ex
1406 929 1517 955 sacra
1535 917 1745 969 Scriptura
1766 925 1794 956 et

272 968 421 1007 sanctis
452 967 638 1007 Patribus
672 968 853 1007 collectis
885 969 1121 1008 testimoniis
1166 971 1397 1013 Latinorum
1431 975 1668 1013 sententiam
1702 988 1794 1012 con-

271 1025 469 1076 firmavit,
508 1031 729 1078 posteaque
755 1027 807 1064 ad
837 1026 1120 1079 imperatorem
1148 1028 1407 1070 Theodorum
1439 1031 1644 1070 Lascarim
1683 1038 1723 1071 et
1752 1031 1794 1069 ad

272 1084 463 1124 Iacobum
486 1083 694 1134 Bulgariae
720 1084 892 1123 electum
914 1084 1262 1139 archiepiscopum
1289 1088 1529 1138 transmisit,
1561 1095 1606 1126 ut
1632 1102 1683 1127 ex
1713 1088 1794 1141 ipso

271 1141 420 1181 Ioanne
452 1140 584 1180 Vecco
615 1140 733 1180 docet
761 1141 931 1180 Allatius
960 1142 1030 1182 lib.
1057 1143 1108 1184 II.
1144 1144 1194 1183 de
1225 1145 1440 1198 utriusque
1471 1145 1664 1186 ecclesiae
1700 1160 1794 1184 con-

274 1212 394 1239 sensu
414 1212 503 1251 cap.
532 1197 638 1237 XIV.
664 1212 703 1239 n.
735 1198 804 1237 IV.
835 1213 1004 1251 quorum
1037 1200 1196 1252 quidem
1218 1203 1414 1242 librorum
1445 1203 1625 1242 meminit
1648 1202 1794 1256 Pachy.

273 1271 401 1296 meres
418 1257 487 1297 lib.
508 1256 571 1294 VI.
596 1269 684 1309 cap.
706 1256 871 1308 XXIII.,
900 1258 968 1310 qui
998 1257 1196 1297 habentur
1227 1260 1325 1298 editi
1351 1267 1446 1312 post
1471 1267 1569 1300 tom.
1599 1261 1629 1299 I.
1660 1261 1794 1302 Annal.

273 1315 385 1356 Eccl.
398 1314 564 1353 Odorici
576 1313 773 1366 Raynaldi
791 1328 879 1354 cum
893 1316 1077 1355 versione
1095 1316 1237 1356 Latina
1253 1318 1433 1366 eiusdem
1445 1318 1594 1357 Allatii.
1622 1331 1794 1360 Dumna

392 1385 487 1436 Pag-
520 1385 614 1433 129,
647 1386 711 1427 16.
767 1381 836 1432 Ὡς
871 1387 992 1440 σχολῇ
1024 1382 1208 1433 δεδωκώς
1240 1382 1407 1439 ἑαυτὸν]
1461 1385 1587 1435 Quasi
1617 1387 1693 1426 sibi
1724 1387 1794 1440 ipsi

275 1440 474 1489 scribens,
511 1454 584 1479 nec
612 1440 718 1479 libro
742 1441 985 1493 publicando
1012 1442 1256 1484 incumbens.
1314 1443 1431 1493 Mox,
1470 1441 1606 1500 λάθρα
1637 1443 1711 1498 μὲν
1734 1441 1794 1486 διὰ

274 1495 351 1551 τήν
368 1501 451 1538 ταῖν
467 1500 627 1539 πολλῶν
645 1495 880 1550 ὖπόληψιν,
913 1513 1014 1551 quae
1034 1500 1155 1540 verba
1170 1532 1181 1550 ,
1211 1501 1343 1553 inquit
1366 1501 1560 1552 Allatius,
1589 1515 1794 1555 perperam

274 1555 400 1594 vertit
431 1555 653 1608 interpreS,
696 1555 890 1612 i'ifamia‘
925 1565 1052 1607 metu,
1083 1572 1173 1596 cum
1199 1567 1354 1598 vertere
1387 1558 1608 1610 debuisset,
1643 1569 1794 1614 propter

275 1611 487 1652 multorum
506 1611 712 1663 invidiam,
742 1626 811 1652 seu
830 1613 965 1666 potius
982 1625 1141 1668 propter
1158 1613 1363 1654 vitandam
1385 1617 1657 1670 suspicionem,
1690 1616 1794 1669 quod

273 1671 507 1709 Latinorum
532 1670 685 1710 scilicet
711 1671 893 1723 partibus
925 1672 1124 1711 addictior
1152 1673 1371 1712 videretur.
1427 1674 1567 1727 Neque
1598 1680 1727 1713 tamen
1757 1673 1794 1714 id

276 1729 378 1768 clam
395 1727 603 1781 scripsisse
616 1728 808 1768 dicendus
833 1734 906 1775 est,
940 1730 1049 1782 quod
1061 1730 1438 1784 imperatorisiussu
1450 1737 1597 1783 egerat.
1627 1745 1794 1771 nocane.

393 1801 488 1851 Pag.
520 1801 616 1848 129,
648 1801 713 1841 18.
771 1794 852 1838 Διά
868 1795 943 1852 τήν
964 1795 1465 1851 τῶνπολλῶνῦπόληψιν]
1496 1799 1794 1839 Verteratwol-

275 1855 374 1903 ssus,
421 1854 617 1910 infamiae
646 1864 759 1896 metu.
818 1856 897 1895 Leo
929 1855 1101 1895 Allatius
1134 1855 1374 1896 vertendum
1406 1856 1597 1909 putabat,
1643 1866 1794 1910 propter

275 1911 488 1952 multorum
504 1910 719 1961 invidiam,
750 1926 821 1952 seu
842 1913 977 1965 potius
998 1924 1156 1968 propter
1173 1911 1378 1952 vitandam
1398 1915 1674 1968 suspicionem.
1715 1915 1794 1966 Ego

275 1983 374 2010 vero
390 1970 532 2021 malui,
566 1979 724 2024 propter
742 1971 961 2024 opinionem
980 1971 1020 2009 in
1044 1986 1122 2026 qua
1136 1969 1312 2025 plerique
1330 1980 1454 2012 erant.
1511 1985 1663 2012 1301le-

394 2042 492 2092 Pag.
529 2042 622 2089 130,
652 2042 692 2082 6.
757 2036 836 2080 Τᾶν
859 2036 1144 2092 πατριαρχικόν
1182 2035 1442 2092 ἀναβεβηκώς
1470 2035 1651 2094 θρόνον]
1701 2039 1794 2079 Cum

277 2095 470 2149 Iosephus
491 2096 584 2135 sede
606 2109 676 2134 sua
696 2095 835 2148 pulsus
858 2096 902 2135 in
923 2096 1172 2150 Peribleptae
1192 2096 1476 2136 monasterium
1497 2110 1584 2136 sese
1610 2097 1794 2136 contulis-

278 2162 340 2193 set
350 2155 417 2193 XI.
437 2153 609 2191 Ianuarii
635 2154 833 2193 secundae
854 2154 1101 2203 Indictionis,
1134 2168 1236 2193 anno
1257 2154 1396 2193 Mundi
1412 2154 1526 2193 iuxta
1548 2154 1722 2193 Graecos
1733 2153 1794 2196 VI.

278 2211 622 2250 MDCCLXXXII.
656 2210 823 2264 (Christi
849 2211 1151 2266 MCCLXXIV.)
1181 2218 1228 2250 ut
1254 2218 1315 2250 est
1343 2211 1451 2264 apud
1471 2211 1706 2264 Pachymer.
1729 2211 1794 2251 lib.

278 2269 328 2308 V.
351 2283 438 2322 cap.
466 2268 592 2309 XVII.
622 2268 750 2308 XXII.
771 2267 947 2322 hincque
967 2270 1008 2309 in
1028 2270 1229 2323 Anaplum
1249 2268 1371 2317 (forte
1393 2268 1435 2309 in
1453 2267 1692 2320 Archangeli
1716 2282 1794 2307 mo-

278 2327 518 2371 nasterium,
551 2325 599 2364 de
621 2339 700 2378 quo
717 2328 855 2377 supra)
887 2328 1132 2376 amandatus,
1164 2327 1317 2366 Veccus
1336 2325 1566 2379 patriarcha
1590 2326 1794 2365 renuncia-

278 2391 346 2423 tus
357 2390 416 2423 est
430 2382 576 2422 XXVI.
597 2383 715 2432 Maii,
747 2391 785 2421 et
805 2384 853 2422 11.
876 2385 978 2423 Iunii
999 2385 1064 2425 die
1085 2386 1337 2423 Pentecostes
1357 2384 1629 2435 inauguratus.
1687 2384 1794 2422 Idem

278 2441 514 2495 Pachymer.
544 2453 632 2492 cap.
653 2440 800 2479 XXIV.
831 2442 1016 2482 XXVIII.
1055 2456 1227 2482 DUCANG.
1295 2441 1467 2480 Secessit
1499 2439 1717 2494 Iosephus,
1754 2444 1794 2479 ut

281 2513 401 2552 supra
422 2499 574 2538 dictum
597 2503 678 2548 est,
709 2499 753 2540 A.
776 2499 818 2540 C.
841 2500 1123 2540 MCCLXXIV.
1142 2498 1316 2537 Ianuarii
1335 2498 1398 2538 die
1421 2498 1492 2538 XI.
1544 2499 1702 2537 Veccus
1720 2509 1794 2536 non

281 2558 415 2596 statim
434 2557 470 2596 ei
488 2555 736 2605 subrogatus,
794 2557 982 2597 Possinus
1008 2570 1059 2596 ex
1089 2555 1345 2608 Pachymeris
1372 2555 1506 2595 verbis
1530 2556 1597 2595 lib.
1617 2555 1684 2594 IV.
1710 2568 1794 2608 cap.

280 2615 406 2654 XVII.
429 2620 467 2654 et
494 2613 564 2652 lib.
586 2613 632 2651 V.
662 2626 751 2665 cap.
767 2615 912 2656 XXIV.
941 2630 962 2654 a
994 2617 1119 2667 prima
1143 2613 1364 2653 secessione
1389 2612 1548 2665 losephi
1577 2612 1627 2651 ad
1658 2612 1794 2651 initum

282 2686 305 2710 a
325 2672 458 2711 Vecco
481 2669 796 2724 patriarchatum
828 2686 980 2712 menses
998 2672 1150 2711 solidos
1163 2670 1363 2709 sexdecim
1394 2670 1668 2710 intercessisse
1687 2667 1794 2708 colli-

281 2731 362 2780 git,
392 2736 511 2781 atque
521 2729 577 2767 ita
589 2728 710 2767 Vecci
727 2728 967 2769 creationem
981 2730 1136 2768 confert
1157 2729 1198 2767 in
1212 2742 1358 2766 annum
1376 2727 1522 2766 Christi
1534 2723 1794 2766 MCCLXXV'.

280 2786 437 2826 Possini
457 2786 636 2825 calculus
655 2785 838 2825 firmatur
856 2787 1092 2826 auctoritate
1111 2785 1404 2826 Chronicorum
1426 2785 1794 2836 manuscriptorum,

282 2844 325 2882 in
355 2844 499 2897 quibus
526 2844 680 2885 Veccus
713 2843 826 2883 annis
857 2844 1112 2886 octossedem
1147 2843 1320 2884 tenuisse
1348 2842 1511 2883 dicitur.
1568 2841 1670 2883 Vide
1702 2837 1794 2880 eod.
