1754 3164
174 138 305 186 1326
732 143 895 184 1NoEx
923 143 1126 197 RERUM,

218 247 279 284 alii
310 247 586 284 Cantacuzenum
616 249 807 294 sequuntur
836 247 918 289 667,

171 341 416 377 Anacharsidis
439 340 695 387 apophthegma
717 341 798 383 613,
814 341 874 378 22.

173 390 374 434 Anagnosta
391 389 573 433 (Ioannes)
599 389 701 429 1299,
722 388 779 423 37.

172 431 487 518 Ἆιᾶκαλυπτήρια
505 434 618 471 θύειν
630 437 734 477 1269,
749 435 806 471 23.
816 431 919 479 1294,

173 529 348 565 Anastasii
366 527 586 574 quaestiones
605 528 708 570 1300,
726 528 762 563 2.

172 575 465 611 Anathematizati
505 575 550 609 ab
583 574 756 622 episcopis
790 573 922 610 Canta-

220 622 400 658 cuzeniani
422 623 504 663 832,
530 622 566 657 5.

174 667 457 705 Anathematismi
492 668 528 702 in
559 667 734 702 Palamam
772 678 926 714 pronun-

220 716 301 750 tiati
337 729 358 752 a
397 715 526 750 Ioanne
553 714 755 761 patriarcha
797 715 926 751 debent

220 764 338 798 valere
359 763 440 804 923,
463 763 499 798 5.

175 809 402 855 Anaxagoras
422 810 504 848 336.
530 810 586 846 16.

175 856 364 891 Anchialus
383 856 465 898 487,
487 856 545 892 21.

177 904 216 938 S.
242 903 407 938 Andreas.
453 902 543 937 Vide
568 901 832 937 Monasterz'um.

177 949 392 985 Andronicus
414 950 495 996 imp.
521 949 570 993 (is
595 949 654 995 qui
672 947 797 983 Senior
812 947 926 982 dictus

223 996 298 1041 est)
321 1001 494 1042 receptam
518 1007 561 1030 ex
580 995 715 1031 Latinis
726 995 857 1029 Urbem
872 993 927 1028 bi-

223 1042 334 1078 mulus
364 1043 560 1088 ingreditur
594 1044 651 1085 87,
691 1043 744 1078 13.
787 1052 928 1075 uxorem

225 1089 323 1124 ducit
345 1090 475 1124 Annam
496 1089 730 1134 (Hungaram)
759 1087 845 1130 167,
869 1089 927 1123 22.

224 1136 359 1182 imperii
392 1136 587 1180 insignibus
618 1140 778 1170 ornatur:
820 1134 928 1168 iusiu-

225 1183 370 1218 randum
399 1187 556 1228 praestat
592 1186 627 1216 et
657 1181 802 1227 accipit:
852 1181 928 1215 eius

225 1240 348 1264 nomen
368 1229 491 1263 edictis
527 1228 758 1273 subscriptum
791 1227 869 1267 109,
893 1229 928 1262 7.

227 1276 365 1311 Tralles
395 1276 567 1310 instaurat
600 1275 688 1316 142,
721 1273 776 1309 14.
820 1273 928 1319 patris

226 1322 377 1357 cadaver
396 1323 471 1358 sine
482 1323 610 1356 honore
619 1320 852 1367 sepeliendum
867 1332 930 1354 cu-

227 1373 283 1403 rat
308 1370 386 1413 153,
411 1371 447 1404 2.
470 1369 564 1414 patri
587 1368 758 1403 succedit:
792 1366 931 1411 imperii

228 1415 331 1450 initia
358 1415 560 1450 turbulenta
591 1415 671 1456 158,
705 1417 736 1451 1.
771 1414 931 1458 aequitas

231 1463 310 1504 162,
345 1464 399 1498 17.
432 1462 561 1496 viduus
591 1472 731 1495 uxorem
764 1460 854 1506 petit
886 1460 931 1494 ab

229 1508 458 1554 Hispanorum
483 1520 587 1554 rege:
627 1508 730 1542 Irene
763 1506 795 1541 ei
819 1507 933 1549 datur,

229 1553 334 1600 idque
371 1554 564 1590 inconsulto
604 1555 701 1599 Papa
747 1554 826 1596 167,
873 1551 931 1589 24.

229 1601 370 1647 paterni
407 1602 548 1636 sceleris
586 1601 774 1635 vindictam
811 1600 931 1634 timet:

229 1648 414 1684 Lascarem
436 1660 573 1683 coecum
590 1647 729 1682 invisit:
752 1647 789 1681 in
804 1648 934 1682 Orien-

230 1700 298 1728 tem
323 1695 396 1729 abit
421 1695 499 1737 173,
524 1696 558 1731 5.
593 1694 733 1740 quinam
756 1694 789 1728 ei
813 1699 934 1728 aucto-

230 1752 288 1776 res
310 1741 459 1783 fuerint,
479 1753 523 1775 ne
546 1745 715 1787 sumptum
739 1741 872 1775 faceret
898 1740 935 1774 in

231 1788 375 1823 classem
401 1787 546 1829 174‚10.
571 1787 833 1822 Constantinum
848 1787 934 1820 Por-

231 1835 497 1880 phyrogenitum
506 1835 647 1874 fratrem
660 1840 854 1880 suspectum
872 1834 934 1868 ha-

234 1882 316 1921 bet3
358 1893 521 1927 quasnam
551 1882 595 1915 ob
629 1892 751 1915 causas
787 1881 866 1922 187,
899 1881 934 1915 3.

233 1926 270 1961 in
291 1927 406 1961 Asiam
428 1927 574 1962 transit:
599 1927 935 1974 Porphyrogenitum

233 1974 270 2008 iu
293 1985 465 2008 carcerem
484 1974 640 2017 coniicit;
664 1974 746 2008 item
763 1974 835 2008 eius
851 1973 934 2008 ami-

235 2032 294 2054 cos
320 2022 399 2062 190,
434 2021 487 2056 15.
523 2020 686 2055 Romanis
709 2021 855 2062 diffisus,
890 2020 936 2054 ad

235 2066 363 2100 auxilia
379 2071 522 2102 externa
540 2079 577 2102 se
591 2067 782 2108 convertit3
808 2071 936 2112 quanto

236 2112 290 2147 rei
310 2114 482 2148 Romanae
505 2114 626 2148 damno
649 2115 739 2155 205,
762 2115 796 2150 3.
831 2113 939 2148 Atha-

236 2159 368 2193 nasium
388 2159 423 2193 in
449 2160 563 2194 sedem
587 2159 849 2207 patriarchalem
881 2171 939 2194 re-

236 2207 444 2240 stituendum
476 2212 595 2241 censet
626 2208 707 2249 215,
739 2207 774 2241 9.
805 2206 938 2252 plurimi

236 2252 482 2297 refragantur:
523 2253 658 2298 quidam
699 2254 940 2299 obtemperant

236 2299 318 2340 216,
348 2301 382 2335 2.
416 2298 507 2333 illum
540 2301 784 2345 Chrysostomo
819 2301 939 2345 aequi-

238 2349 340 2391 parat
362 2347 443 2387 216,
471 2347 524 2380 18.
550 2358 675 2380 uxores
700 2346 785 2380 duas
803 2347 939 2392 habuit,

238 2392 366 2425 liberos
403 2404 462 2427 sex
502 2391 591 2434 234,
623 2394 656 2428 7.
681 2393 797 2428 uxoris
820 2394 938 2428 Irenes

237 2438 398 2485 petitioni
417 2439 615 2482 refragatur
636 2438 727 2482 234,
762 2442 817 2476 16.
852 2441 940 2475 lenis

241 2491 277 2519 et
308 2485 382 2520 miti
404 2485 542 2532 ingenio
564 2486 644 2528 237,
669 2487 702 2522 3.
735 2486 941 2533 christopo-

239 2530 365 2565 litanas
383 2531 559 2577 angustias
575 2531 700 2566 munit:
723 2534 850 2568 milites
859 2546 942 2568 con-

241 2578 346 2612 scribi
372 2585 482 2621 curat‚
518 2578 695 2612 Catalanis
718 2580 941 2626 opponendos

240 2625 321 2666 246,
352 2626 384 2660 7.
418 2625 645 2670 mercenarios
676 2625 801 2661 milites
840 2639 941 2672 pere-

241 2682 305 2716 gre
328 2671 442 2706 accire
463 2671 604 2706 statuit:
642 2683 663 2706 a
687 2672 790 2707 Crale
812 2685 941 2718 genero

242 2717 402 2752 auxilium
423 2719 515 2762 petit
536 2718 628 2760 263,
666 2720 721 2754 10.
749 2720 877 2765 accipit
899 2721 942 2755 ab

242 2776 283 2797 eo
307 2767 342 2797 et
372 2776 393 2797 a
422 2764 557 2799 Latinis
590 2766 671 2810 263,
706 2768 760 2800 10.
796 2768 876 2808 268,
909 2768 943 2803 3.

244 2809 440 2845 triremibus
481 2812 659 2847 obstructo
704 2812 943 2859 Hellesponto,

1012 249 1115 282 cavet
1145 258 1189 282 ne
1220 245 1348 281 auxilia
1371 246 1530 283 barbaris
1566 258 1609 282 ex
1634 246 1720 281 Asia

1011 294 1256 329 submittantur
1295 293 1381 328 ibid.
1428 294 1559 329 mavult
1598 299 1722 328 vetera

1013 340 1174 376 aedificia
1198 341 1395 375 instaurare
1418 353 1517 386 quam
1541 352 1630 375 nova
1658 351 1721 373 ex-

1013 392 1165 422 struere:
1191 387 1265 422 eius
1289 387 1456 422 modestia
1475 387 1615 422 laudata
1638 388 1720 428 273,

1014 434 1072 471 24.
1096 434 1224 479 templa
1254 435 1298 468 ab
1330 446 1370 468 eo
1394 434 1573 480 restituta:
1614 445 1723 478 opera.

1015 481 1086 515 alia
1116 480 1254 526 publica
1286 480 1368 524 274,
1402 482 1458 516 22.
1492 481 1723 515 Andronicum

1015 533 1173 573 nepotem
1197 527 1343 562 caeteris
1367 527 1523 562 omnibus
1547 527 1721 573 praefert:

1016 575 1110 620 apud
1144 586 1182 608 se
1216 575 1343 608 educat
1371 575 1452 616 283,
1487 576 1541 611 13.
1576 574 1620 608 de
1645 573 1723 608 Ma-

1016 621 1124 656 nuelis
1148 620 1253 655 occisi
1276 625 1386 655 morte
1410 626 1540 655 moeret
1555 620 1724 666 gravissi-

1017 679 1072 702 me
1097 668 1177 709 286,
1202 669 1234 703 8.
1261 671 1419 713 nepotem
1431 667 1562 702 iudicio
1585 667 1721 712 publico

1017 726 1113 750 reum
1135 726 1238 759 agere
1260 714 1440 748 constituit
1461 715 1544 756 302,
1569 715 1625 749 23.
1648 713 1723 748 eius

1018 773 1097 796 cum
1121 760 1311 795 Metochita
1336 761 1380 795 de
1404 772 1446 795 ea
1463 773 1501 795 re
1521 760 1724 795 deliberatio

1019 810 1103 851 303,
1128 807 1163 843 4.
1187 806 1375 841 Pontifices
1399 811 1584 842 convocat:
1617 819 1725 853 nepo-

1019 859 1089 890 tem
1107 853 1271 889 arcessit:
1297 853 1451 899 paternis
1473 855 1587 890 verbis
1607 854 1726 888 obiur-

1019 906 1100 947 gat:
1124 900 1360 935 iusiurandum
1377 900 1438 936 dat
1455 905 1490 936 et
1505 900 1726 947 accipit3l2,

1021 951 1077 985 16.
1101 947 1314 992 indignantis
1347 947 1572 982 exclamatio:
1605 947 1727 982 anxie-

1020 999 1096 1030 tas:
1126 994 1329 1029 deliberatio
1353 994 1397 1029 de
1420 998 1548 1040 nepote
1571 1005 1729 1040 compre-

1020 1041 1202 1077 hendendo
1225 1042 1307 1084 315,
1339 1043 1373 1077 2.
1407 1040 1543 1087 legatos
1577 1040 1621 1075 ad
1653 1052 1727 1074 eum

1021 1088 1127 1124 mittit
1150 1089 1231 1130 320,
1257 1090 1291 1124 7.
1324 1099 1397 1122 cum
1431 1089 1508 1135 ipso
1541 1087 1728 1133 paciscitur

1021 1136 1104 1176 321,
1131 1136 1162 1169 1.
1194 1135 1284 1169 Aula
1318 1134 1443 1169 studiis
1475 1136 1638 1169 bonarum
1671 1145 1728 1168 ar-

1020 1182 1103 1216 tium
1127 1181 1230 1216 floret
1246 1182 1337 1223 327,
1364 1184 1396 1218 1.
1433 1181 1652 1227 imperatoris
1670 1193 1728 1215 sa-

1046 1227 1171 1269 ientia3
1196 1228 1394 1273 eloquentia
1417 1230 1498 1270 328,
1517 1231 1550 1265 9.
1577 1229 1728 1262 benevo-

1020 1240 1127 1309 i’entia
1151 1286 1239 1320 erga
1256 1276 1449 1320 Gregoram
1465 1276 1546 1316 339,
1565 1277 1621 1311 22.
1645 1286 1730 1308 con-

1021 1322 1111 1356 sulto
1144 1321 1314 1356 Psalterio
1347 1333 1465 1367 pacem
1488 1325 1625 1367 spectat
1647 1323 1729 1363 358,

1021 1370 1056 1406 9.
1081 1367 1286 1413 colloquitur
1310 1379 1385 1403 cum
1411 1375 1563 1413 nepote:
1607 1380 1731 1402 recon-

1022 1415 1160 1449 ciliatur
1182 1416 1271 1456 359,
1295 1415 1328 1450 4.
1355 1415 1530 1450 consilium
1550 1416 1731 1460 Gregorae

1024 1462 1068 1496 de
1102 1460 1157 1495 die
1189 1461 1353 1495 Paschali
1377 1461 1616 1496 constituendo
1649 1474 1731 1507 pro-

1023 1508 1107 1543 bat:
1149 1519 1219 1542 rem
1244 1507 1390 1552 aggredi
1424 1508 1544 1543 metuit
1566 1510 1648 1550 372,
1677 1511 1729 1544 19.

1026 1567 1113 1600 equo
1137 1554 1298 1589 deiicitur
1321 1556 1404 1595 373,
1440 1557 1493 1593 17.
1527 1554 1571 1589 de
1594 1555 1731 1601 nepotis

1026 1601 1178 1636 consiliis
1201 1612 1267 1647 per
1289 1601 1506 1647 transfugam
1531 1601 1657 1636 certior
1677 1602 1732 1636 fa-

1026 1653 1103 1683 ctus
1126 1649 1209 1691 393,
1233 1650 1267 1684 2.
1291 1647 1388 1682 urbis
1411 1648 1507 1683 aditu
1532 1648 1564 1683 ei
1584 1648 1732 1683 interdi—

1025 1696 1093 1730 cit:
1128 1694 1236 1729 multa
1258 1694 1400 1729 crimina
1425 1694 1546 1730 obiicit
1567 1696 1648 1736 393,
1672 1697 1732 1730 21.

1026 1741 1155 1776 litteris
1178 1742 1225 1776 ad
1248 1741 1383 1776 Cralem
1409 1745 1446 1776 et
1461 1741 1505 1776 ad
1524 1741 1732 1777 Demetrium

1026 1789 1214 1835 Despotam
1250 1787 1414 1833 scriptis,
1451 1788 1570 1834 copias
1594 1789 1672 1834 cogi
1697 1793 1734 1823 ct

1028 1836 1133 1870 urbes
1163 1834 1346 1880 praesidiis
1369 1835 1498 1869 firmari
1531 1835 1647 1870 iubet:
1688 1836 1732 1870 ab

1026 1881 1104 1928 ipso
1129 1882 1201 1916 filio
1219 1881 1407 1915 Theodoro
1426 1882 1626 1917 Marchione
1651 1894 1734 1928 pro-

1026 1929 1121 1963 ditur
1143 1927 1226 1970 394,
1252 1928 1308 1963 17.
1340 1939 1478 1962 suorum
1503 1928 1652 1974 perfidia
1684 1929 1734 1962 ir-

1027 1976 1166 2016 ritatus,
1191 1973 1334 2008 animum
1359 1974 1579 2021 patriarchae
1603 1975 1734 2010 Esaiae

1028 2022 1208 2067 explorare
1218 2020 1364 2063 statuit3
1387 2020 1467 2055 item
1486 2021 1628 2056 aliorum
1647 2034 1734 2067 pon-

1029 2067 1158 2103 tificum
1181 2066 1262 2109 304,
1297 2070 1352 2103 10.
1383 2065 1464 2112 402,
1492 2071 1547 2104 10.
1577 2069 1734 2103 oratione

1030 2127 1145 2150 coram
1176 2114 1222 2149 iis
1245 2115 1386 2157 habita,
1427 2114 1595 2149 rationem
1629 2116 1735 2150 affert

1032 2173 1093 2196 cur
1115 2161 1294 2207 imperium
1325 2173 1394 2195 non
1426 2161 1585 2203 abdicet3
1625 2173 1736 2207 nepo-

1029 2212 1098 2243 tem
1108 2212 1227 2250 notat3
1245 2207 1365 2254 poenis
1380 2207 1621 2242 ecclesiasticis
1634 2219 1735 2243 coer-

1029 2254 1172 2290 cendum
1189 2258 1307 2288 censet
1322 2253 1402 2296 403,
1422 2256 1476 2292 12.
1499 2255 1626 2289 acerbe
1651 2266 1735 2289 con-

1029 2302 1187 2348 queritur
1212 2302 1255 2335 de
1278 2300 1499 2346 patriarcha,
1532 2301 1592 2346 qui
1616 2302 1736 2348 nepoti

1030 2350 1151 2383 faveat
1172 2347 1253 2390 405,
1269 2349 1323 2383 13.
1346 2347 1428 2382 belli
1451 2350 1642 2392 pertaesus,
1667 2348 1736 2382 ini-

1030 2400 1069 2430 ta
1091 2406 1167 2429 cum
1192 2395 1344 2440 Bulgaro
1367 2393 1556 2436 societate,
1590 2395 1736 2430 animum

1032 2442 1138 2487 erigit
1160 2441 1243 2482 411,
1271 2444 1326 2476 10.
1359 2441 1453 2475 victo
1479 2439 1522 2474 ad
1546 2442 1737 2488 Mauropo-

1031 2493 1157 2523 tamum
1181 2487 1335 2522 exercitu
1360 2485 1469 2532 (415,
1494 2488 1546 2531 8.)
1571 2500 1592 2522 a
1608 2492 1737 2534 nepote

1034 2534 1174 2570 exorari
1197 2545 1265 2568 non
1290 2538 1407 2579 potest
1423 2534 1504 2576 418,
1516 2535 1549 2571 5.
1561 2534 1614 2568 bis
1634 2546 1738 2579 prae-

1032 2581 1199 2622 monitus,
1241 2580 1426 2615 cavendum
1458 2585 1574 2615 censet
1597 2581 1678 2623 420,
1703 2583 1736 2616 8.

1033 2628 1136 2663 valde
1160 2627 1304 2668 anxius3
1340 2627 1476 2672 nepotis
1501 2628 1654 2662 adventu
1678 2639 1738 2661 co-

1034 2674 1152 2720 gnito,
1191 2674 1236 2708 ad
1259 2673 1438 2718 imaginem
1455 2673 1631 2720 Deiparae
1654 2686 1738 2708 con-

1035 2720 1127 2765 fugit
1148 2717 1229 2762 422,
1253 2720 1307 2755 12.
1337 2720 1460 2766 nepoti
1480 2720 1652 2766 supplicat
1673 2719 1737 2754 ini-

1035 2766 1249 2802 serabiliter:
1285 2766 1328 2801 ab
1362 2779 1403 2801 eo
1435 2766 1582 2811 benigne
1606 2771 1739 2800 tracta-

1035 2818 1093 2849 tur
1113 2813 1196 2856 423,
1227 2813 1283 2849 15.
1317 2813 1392 2849 sola
1421 2813 1560 2860 imperii
1591 2812 1738 2858 insignia
