1794 3172
348 112 666 173 ms‘roumss
690 122 1065 170 BYZANTlN-AE
1092 120 1194 169 xx.
1207 128 1248 171 τ.
1366 131 1372 170 1
1451 114 1555 167 995

75 234 240 297 φθόνον
269 237 313 289 ἐς
336 237 386 282 τὸ
416 234 552 293 πάντη
585 231 881 292 ἀκμαιότερον,
916 237 987 279 καὶ
1015 239 1098 280 τῶν
1125 251 1171 279 τε
1197 233 1355 278 οῗκείων
1385 233 1551 286 ἐκείνοις
1570 239 1609 276 A.
1627 241 1665 274 C.
1685 238 1775 279 1351

74 308 302 365 ἠπείλησαν
330 304 527 364 δήμευσιν
555 307 624 350 καὶ
653 302 858 362 ἀγώγιμον
876 307 933 356 εἷς
956 304 1117 363 εἱρκτὴν
1143 303 1403 360 τούπιτίμιον
1431 288 1778 369 εἶναι,[“ἒέἕξέ“”

75 378 118 422 εἶ’
141 394 203 429 τις
233 375 354 434 ἁλοίη
383 376 430 422 τὸ
458 374 648 433 δεύτερον
665 374 724 418 ἔτι
744 374 957 432 συνέδριον
987 377 1076 430 ἐμοὶ
1097 371 1341 433 συμπαρών.
1387 374 1453 419 διὸ
1482 376 1552 419 καὶ

76 445 168 491 ὅσοι
195 447 272 498 τὰς
290 437 439 503 ψυχὰς
470 445 760 500 ἀσθενέστεροι
790 444 894 501 πρὸς
917 443 1132 496 τοιούτους
1157 440 1265 501 ἦσαν
1294 443 1457 503 ἀγῶνας
1485 446 1554 489 καὶ
1584 452 1717 490 Ρ.626’

45 518 236 574 5πείρας,
261 517 396 576 ἠρέμα
416 520 492 572 τῆς
506 515 607 571 ἐμῆς
626 511 845 571 ἐγγύτητος
864 513 1175 572 ἀπηλλάττοντο
1188 528 1199 539 ·
1229 515 1269 559 οἱ
1289 514 1326 558 δ’
1351 514 1410 558 ἔτι
1427 515 1558 573 παρέ-

75 604 200 642 μενον
220 591 272 644 τῇ
293 586 476 646 προτέρᾳ
497 588 614 643 σιγῇ,
655 581 711 634 ὥς
732 581 891 644 ἑκάστῳ
914 582 1189 644 προαιρέσεώς
1215 602 1261 628 τε
1291 586 1360 628 καὶ
1389 583 1558 643 γνώμης

76 656 184 711 ἐνῆν.
243 655 342 715 (H)
367 659 515 699 Ταῦτα
535 655 673 698 τοίνυν
693 651 802 711 δρῶν
825 654 915 712 ἐγὼ,
938 657 1006 698 καὶ
1027 653 1116 710 ἅμα
1135 654 1208 699 τὸν
1230 654 1407 709 βασιλέα
1426 660 1558 700 πολυ-

75 725 240 783 τρόπως
259 724 329 768 ἐπ’
357 721 592 783 αὐτοφώρῳ
608 721 845 779 μαχόμενον
867 722 967 780 ἡμῖν
992 729 1195 783 συνορῶν,
1222 727 1292 769 καὶ
1310 723 1414 783 πρός
1430 733 1474 783 γε
1498 725 1558 770 ἔτι

76 793 209 853 φόνου
225 794 422 845 πνέοντας
438 794 536 844 τοὺς
557 792 802 844 ἐπισκόπους
820 794 928 838 καθ’
952 793 1071 850 ἡμῶν
1082 828 1097 848 ,
1130 794 1313 846 ἀναστὰς
1334 793 1461 854 ἐξῄειν
1478 800 1556 840 τοῦ

21 862 267 921 ίοβήμαᾱος
294 866 362 908 καὶ
390 863 478 920 ἅμα
504 861 644 920 ἐώρων
670 861 931 915 συνεξιόντας
958 863 1070 908 ἅπαν
1095 863 1143 909 τὸ
1171 864 1298 923 μέρος
1327 865 1430 919 ἐμοί.
1481 867 1592 910 καὶΒ

75 939 214 992 θροῦς
232 932 401 992 ἐγεγόνει
430 933 582 986 πολὺς,
620 937 695 975 τοῦ
717 934 793 987 μὲν
812 933 1017 988 βασιλέως
1036 934 1216 990 κατέχειν
1246 935 1553 991 ἐγκελευομένου

75 1011 165 1054 τοῖς
186 1001 501 1062 πελεκυφόροις,
532 1003 598 1046 καὶ
617 1002 676 1058 μὴ
698 1003 770 1062 ἐζίν
790 1003 949 1046 ἀπιέναι
973 1001 1109 1060 ἡμᾶς·
1145 1002 1265 1060 ἡμῶν
1290 1005 1337 1047 δὲ
1358 1005 1555 1062 αἱρουμέ-

76 1091 159 1118 νων
183 1071 373 1117 θάνατον
395 1076 582 1129 μᾶλλον,
618 1071 645 1127 ἢ
678 1072 726 1115 τὸ
758 1072 978 1131 λῃστρικὸν
1004 1074 1130 1118 ἐκεῖνο
1150 1072 1363 1131 συνέδριον
1381 1072 1555 1118 ἑστῶσιν

77 1141 180 1204 ὅρᾷν
203 1143 455 1202 ὀφθαλμοῖς.
494 1140 575 1196 ὀψὲ
596 1141 640 1185 δ’
661 1138 683 1186 ὅ
706 1142 855 1197 σεμνὸς
872 1146 1085 1199 Παλαμᾶς
1094 1177 1109 1198 ,
1148 1141 1262 1204 αὗτῷ
1290 1142 1556 1202 λογισάμενος

22 1222 67 1259 15
78 1211 180 1256 εἶναι
210 1211 317 1256 καθ’
338 1210 493 1269 ἡδονὴν
515 1210 590 1267 τὴν
610 1208 730 1267 ἡμῶν
748 1211 975 1266 ἀπουσίαν,
1009 1213 1174 1271 ἀφιέναι
1194 1212 1366 1273 παρῄνει
1391 1218 1451 1273 τῷ
1471 1219 1555 1269 βα-

77 1286 191 1327 σιλεῖ’.
238 1282 341 1343 ῥᾷον
361 1281 441 1340 γὰρ
461 1278 567 1324 εἶναί
582 1297 724 1339 σφισιν
751 1281 879 1339 ἔλεγεν
907 1283 1097 1327 ἐντεῦθεν
1117 1281 1230 1339 ἡμᾶς
1246 1301 1291 1328 τε
1311 1285 1593 1342 φυγοδικίαςο

75 1351 314 1410 γράφεσθαι
348 1353 417 1395 καὶ
448 1354 559 1408 σφᾶς
588 1352 785 1407 ταχίστην
806 1351 1032 1395 ἐπιτιθέναι
1053 1360 1146 1403 ταῖς
1166 1353 1273 1397 καθ’
1301 1351 1421 1410 ἡμῶν
1443 1351 1555 1397 οὕτω

76 1421 238 1480 ψήφοις
277 1421 355 1478 τὴν
392 1419 606 1475 τελευτὴν,
653 1420 681 1476 ἢ
722 1419 941 1478 παρόντων
978 1423 1048 1465 καὶ
1090 1420 1380 1479 ἀντιλεγόντων
1417 1420 1550 1478 ἡμῶν.

78 1490 175 1550 (Θ.)
210 1491 293 1535 Διὸ
317 1491 413 1544 καὶ,
452 1487 659 1533 ἀπιόντων
677 1488 816 1546 ἡμῶν,
851 1489 995 1546 ὕμνοις
1022 1491 1062 1535 οἶ
1088 1493 1180 1550 περὶ
1199 1495 1414 1549 Παλαμᾶν
1439 1489 1549 1536 πάνυ
1574 1503 1618 1541 V.
1635 1504 1706 1541 506

20 1559 338 1616 Ξοπαμπόλλοις
358 1559 566 1617 ἐγέραιρον
583 1559 657 1602 τὸν
680 1559 881 1614 βασιλέα,
920 1561 964 1611 ἐξ
990 1560 1136 1619 οὐρίας
1166 1562 1331 1613 ἐκείνοις
1358 1561 1414 1606 ’τὰ
1446 1561 1555 1605 κατὰ

78 1628 278 1686 βούλησιν
304 1626 582 1687 παρεχόμενον
610 1632 746 1671 πλεῖν·
793 1630 863 1672 καὶ
897 1628 1110 1682 τοιαύταις
1143 1632 1371 1682 κολακείαις
1399 1630 1449 1675 τὸ
1479 1635 1556 1687 τῆς

78 1704 220 1755 ψυχῆς
246 1700 398 1742 ἐκείνου
429 1699 622 1751 κατέψων
648 1696 862 1753 ἡδόμενον.
914 1696 971 1749 ὥς
997 1699 1076 1757 γὰρ
1106 1701 1149 1752 ἐς
1172 1700 1248 1751 τοὶς
1268 1701 1587 1756 ἴπποδρομίαςί)

79 1770 228 1831 ῥᾳδίαν
258 1775 350 1819 ταῖς
375 1772 459 1812 τῶν
478 1768 619 1812 ἵππων
641 1769 809 1812 δίδωσιν
837 1765 1028 1824 ἁμίλλαις
1056 1769 1110 1814 τὰ
1134 1774 1219 1814 τῶν
1245 1771 1395 1815 πεδίων
1424 1768 1551 1827 ἱππή-

78 1911 124 1948 do
147 1912 364 1955 excitarunt,
395 1912 560 1948 bonorum
587 1910 857 1959 publicationem
883 1912 1023 1957 minati,
1054 1925 1164 1962 eaque
1187 1912 1319 1950 indicta
1341 1926 1476 1962 poena,
1510 1918 1552 1951 ut

78 1959 138 2006 qui
155 1971 286 1994 mecum
303 1961 341 1994 in
358 1959 467 1995 altero
488 1970 654 1994 consessu
679 1960 847 1995 affuturus
868 1966 979 2004 esset,
1002 1961 1033 1995 is
1050 1961 1286 2008 deprehensus
1311 1961 1350 1997 in
1374 1973 1550 1998 carcerem

78 2007 274 2042 duceretur.
319 2007 412 2041 Hinc
428 2006 558 2040 factum
579 2011 652 2048 est,
675 2011 714 2041 ut
734 2011 905 2053 quotquot
921 2007 966 2042 ad
992 2007 1159 2043 eiusmodi
1187 2008 1374 2044 certamina
1394 2013 1432 2044 et
1453 2009 1551 2056 peri-

78 2053 157 2088 cula
174 2053 353 2088 subeunda
370 2052 481 2088 animo
506 2059 605 2087 erant
630 2052 740 2087 minus
759 2054 861 2096 forti,
885 2054 912 2088 ii
930 2054 1094 2100 paulatim
1113 2066 1134 2090 a
1152 2055 1263 2090 latere
1278 2067 1354 2090 meo
1380 2055 1552 2090 discesse-

76 2099 170 2142 rint3
194 2098 254 2133 alii
272 2110 356 2135 vero
375 2099 411 2134 in
431 2098 548 2144 priore
567 2099 705 2134 silentio
718 2100 958 2146 perstiterint,
980 2113 1044 2148 pro
1066 2113 1129 2136 sua
1145 2102 1290 2149 quisque
1313 2102 1493 2137 voluntate
1511 2106 1549 2137 et

77 2146 262 2181 sententia.
307 2145 443 2191 (vm.)
466 2145 545 2191 Ego
560 2146 700 2191 itaque,
723 2159 802 2181 cum
821 2151 859 2182 et
880 2148 967 2182 haec
986 2148 1158 2191 viderem,
1183 2153 1219 2184 et
1238 2149 1337 2184 simul
1356 2149 1547 2195 imperato-

77 2203 151 2228 rem
178 2192 294 2227 multis
320 2192 428 2227 modis
452 2192 564 2238 palam
590 2193 688 2227 nobis
707 2194 889 2228 adversari
907 2194 1153 2241 intelligerem3
1176 2199 1250 2231 tum
1267 2200 1449 2242 praeterea
1470 2195 1547 2242 epi-

78 2249 203 2284 scopos
220 2251 395 2274 cernerem
418 2239 455 2273 in
482 2250 544 2273 nos
562 2239 698 2274 saevire
722 2244 758 2274 et
782 2240 922 2275 caedem
938 2242 1096 2288 spirare,
1120 2241 1254 2277 surrexi
1275 2247 1314 2278 et
1329 2255 1351 2278 e
1371 2242 1467 2277 curia
1482 2254 1547 2277 ex-

78 2286 191 2327 cessi3
215 2297 256 2320 ac
283 2298 362 2329 eos,
386 2285 446 2332 qui
465 2285 612 2331 partium
635 2290 828 2321 nostrarum
853 2292 971 2330 erant,
994 2300 1123 2324 mecum
1142 2300 1257 2324 omnes
1278 2294 1444 2324 exeuntes
1465 2300 1550 2324 con—

78 2332 232 2379 spicatus
252 2344 336 2368 sum.
380 2332 434 2367 lbi
453 2343 597 2378 magnus
613 2343 728 2367 rumor
744 2338 907 2377 exortus,
928 2346 1004 2370 cum
1023 2344 1060 2370 et
1076 2335 1265 2382 imperator
1282 2336 1459 2371 lictoribus
1473 2335 1551 2370 edi-

77 2383 194 2421 ceret,
226 2390 272 2414 ne
307 2379 405 2414 abire
432 2379 587 2413 sinerent
617 2379 679 2414 sed
711 2384 891 2424 tenerent3
922 2386 959 2416 et
985 2394 1048 2417 nos
1074 2387 1215 2418 mortem
1249 2387 1547 2430 praeoptaremus,

77 2436 177 2470 quam
192 2428 233 2459 ut
249 2426 439 2460 Concilium
458 2425 544 2460 illud
568 2426 742 2460 latrocinii
761 2426 870 2461 simile
891 2428 1099 2464 intueremur
1118 2429 1197 2464 fixis
1216 2430 1336 2464 oculis.
1390 2428 1547 2464 Tandem

78 2471 286 2506 venerabilis
305 2472 364 2507 ille
383 2472 561 2514 Palamas,
584 2472 643 2518 qui
673 2474 863 2508 absentiam
886 2479 1034 2510 nostram
1061 2475 1128 2511 sibi
1155 2476 1334 2511 iucundam
1365 2486 1442 2509 esse
1465 2486 1547 2509 sen-

75 2517 210 2561 tiebat,
235 2524 355 2553 auctor
374 2518 572 2565 imperatori
594 2519 747 2564 exstitit,
774 2525 811 2555 ut
829 2531 890 2555 nos
915 2521 1035 2557 missos
1055 2523 1199 2558 faceret.
1245 2520 1399 2556 Facilius
1418 2521 1547 2568 quippe

75 2564 231 2598 futurum
248 2564 315 2599 sibi
338 2564 477 2606 aiebat,
502 2565 687 2600 detrectati
711 2566 831 2602 iudicii
855 2579 918 2603 nos
935 2580 1120 2612 accusare,
1142 2573 1248 2615 atque
1264 2568 1315 2602 ita
1335 2567 1486 2602 ferendis
1508 2568 1546 2603 in

75 2621 138 2644 nos
164 2610 314 2646 decretis
335 2611 436 2646 finem
460 2611 655 2657 imponere,
679 2624 780 2658 quam
808 2613 839 2648 si
866 2618 903 2649 et
927 2615 1126 2650 adessemus
1152 2619 1188 2650 et
1223 2614 1545 2650 contradiceremus.

76 2656 178 2700 (lx.)
201 2657 321 2699 Quare
342 2657 551 2700 Palamitae‚
573 2659 777 2694 abeuntibus
805 2660 925 2704 nobis,
946 2661 1208 2708 imperatorem,
1243 2660 1335 2706 quod
1365 2661 1545 2696 secundam

77 2708 115 2738 et
131 2708 284 2749 optatam
302 2703 411 2750 puppi
431 2716 514 2739 sune
534 2716 650 2740 auram
669 2706 906 2751 adspimsset,
928 2709 1078 2754 profusis
1099 2707 1255 2742 laudibus
1278 2708 1545 2742 remuneraban-

76 2754 154 2791 tur,
178 2754 215 2784 et
228 2750 394 2785 eiusmodi
408 2750 659 2786 adulationibus
675 2751 849 2789 titillatum
866 2754 942 2789 eins
960 2755 1106 2790 animum
1124 2753 1388 2800 permulcebant.
1434 2754 1544 2789 Nem-

75 2806 120 2842 pe
143 2800 183 2831 ut
206 2800 368 2844 patentes
393 2796 503 2845 campi
532 2797 631 2844 equis
652 2800 865 2836 certantibus
887 2801 1022 2838 facilem
1049 2812 1184 2837 cursum
1210 2799 1381 2845 offerunt,
1410 2800 1464 2837 sic
1483 2801 1543 2837 ille
