1754 3164
546 141 1022 189 ANNOTATIONES.
1427 137 1559 186 1297

27 243 113 288 nv&
133 247 237 301 οἱα]
267 249 398 290 Locus
419 251 651 302 communis,
680 250 758 290 iam
779 265 801 290 a
827 251 1004 302 Gregora
1031 255 1249 303 tractatus,
1276 250 1400 305 idque
1417 251 1558 292 iisdem

28 303 179 355 verbis,
220 306 323 347 Hist.
350 308 423 349 lib.
448 309 554 350 VIII.
576 323 662 361 cap.
682 309 771 353 VH,
792 315 890 348 sect.
912 312 953 351 2.
1010 323 1166 351 Bolwx.

141 361 251 417 1³⁰3ae
277 367 380 416 933,
413 365 478 408 14.
534 365 579 407 ‘0
614 370 733 416 θεῖος
769 361 1016 420 ἀπόστολος]
1065 367 1178 407 Paul.
1212 366 1266 407 ad
1297 365 1476 407 Cariath.
1507 367 1557 407 Π.

26 431 117 471 cap.
136 420 230 461 ΧΠ.
251 435 290 461 v.
310 425 350 465 8.
373 426 411 466 9.
434 427 500 466 10.
557 437 711 466 nouus.

140 475 179 516 P
174 492 238 532 ‹²3-
267 480 374 530 934,
404 484 443 523 2.
507 478 592 534 Τήν
620 479 694 534 μὲν
713 476 791 523 οὖν
815 484 898 522 τῶν
925 477 1104 535 εὐσεβῶν
1130 482 1266 523 πίστιν
1284 477 1455 534 πάτριον
1474 484 1559 531 τοῖς

26 530 266 588 ἀναγκαίοις
283 532 540 590 ἆποδιὸόναι]
571 539 611 576 Si
635 545 728 591 post
748 535 918 591 πάτριον
937 539 1178 578 subauditur
1197 539 1291 590 ἐστὶ,
1320 539 1558 579 vertendum

26 591 127 638 erit,
157 606 207 630 ac
231 592 546 634 orthodoxorum
570 595 725 650 quidem
740 595 870 650 fidem
893 597 934 635 in
953 613 1013 637 res
1034 597 1270 636 necessarias
1295 595 1455 652 rfirn‘,
1487 612 1558 636 so-

27 646 140 687 lenne
164 658 220 687 est
245 661 281 688 et
311 653 530 707 antiquum.
594 654 751 706 Alioqui
776 651 946 707 πάτριον
976 661 1035 694 est
1066 653 1294 707 epitheton,
1325 654 1434 705 quod
1457 668 1559 692 con-

26 704 209 744 iunctum
238 721 329 747 cum
358 711 517 761 πίστιν,
541 709 673 765 fidem
700 713 878 765 patriam
904 711 1122 764 significat,
1151 714 1206 750 ita
1231 719 1276 751 ut
1303 711 1557 764 interpretati

24 776 179 802 sumus.
235 779 385 804 noivm.

140 823 244 874 1³⁰3·
278 822 381 873 934,
413 826 478 865 16.
533 819 798 877 Ἂπόστολος]
838 826 951 868 Paul.
983 826 1035 865 ad
1068 825 1249 866 Corinth.
1280 826 1331 864 Il.
1361 840 1448 879 cap.
1485 826 1556 865 XI.

23 889 67 917 v.
84 879 124 921 3.
165 878 265 920 lbid.
285 893 325 919 v.
348 879 413 923 14.
432 887 471 919 et
491 883 556 924 15.
613 896 768 920 nomm.

139 933 238 989 Pag.
270 939 374 987 935,
407 941 473 981 17.
529 935 770 981 Ἀπόστολον
801 939 905 993 leym]
957 940 1073 981 Paul.
1111 939 1163 979 ad
1195 939 1375 981 Corinth.
1406 940 1438 983 l.
1468 954 1555 994 cap.

24 991 136 1032 XIII.
155 1006 195 1034 v.
219 997 258 1036 2.
289 995 343 1033 ad
362 994 537 1049 Philipp.
557 1010 645 1049 cap.
668 997 737 1037 ΙΙΙ.
758 1010 797 1036 v.
819 999 887 1040 13.
942 1011 1097 1038 Bowm.

138 1047 177 1088 P
172 1065 236 1103 ag.
267 1054 370 1103 937,
399 1056 440 1096 3.
474 1052 544 1102 Ὡς
561 1051 612 1096 ἂν
633 1053 666 1107 ἠ’
685 1055 904 1108 συμφωνία
930 1052 1141 1108 διηνεκής]
1173 1055 1230 1094 lta
1249 1068 1408 1107 quoque
1421 1068 1556 1094 exem-

22 1106 114 1159 plar
132 1106 391 1161 Vaticanum,
421 1111 463 1149 iu
485 1125 566 1164 quo
588 1112 776 1152 omissum
795 1112 946 1165 aliquid
965 1113 1160 1165 suspicor.
1191 1113 1306 1152 Certe
1327 1111 1428 1153 haec
1454 1113 1555 1153 male

24 1163 252 1205 cohaerent.
307 1181 458 1208 nomm.

141 1224 234 1276 Pag-
269 1226 374 1275 939,
402 1228 442 1268 8.
504 1229 717 1280 Νεκρικῶν
736 1226 836 1280 η’μῖν
858 1222 1080 1282 διαλόγων]
1109 1226 1455 1280 Disputationibus
1475 1228 1555 1267 sci-

22 1277 119 1317 licet
138 1279 336 1319 Barlaami
360 1288 399 1322 et
418 1282 621 1336 Acindyni
644 1299 734 1324 cum
763 1285 933 1324 Palama.
990 1298 1137 1326 Boxvm.

140 1339 235 1391 Pag·
264 1341 369 1390 939,
405 1344 471 1383 10.
529 1338 737 1397 Ἐκεῖθεν]
767 1344 827 1383 Ex
854 1356 934 1395 quo
962 1342 1119 1395 priores
1141 1342 1234 1382 illae
1262 1342 1553 1396 disputationes

21 1392 180 1433 habitae
202 1403 308 1435 sunt.
366 1411 524 1438 nonrm-

138 1450 239 1505 Pssg-
272 1457 378 1505 939,
411 1456 475 1498 15.
520 1453 661 1509 ’Ὅμως
688 1455 787 1509 ’ὑμῖν
816 1452 892 1498 οὔκ
921 1472 960 1498 κ.
986 1472 1018 1498 τ.
1052 1456 1114 1509 L]
1158 1457 1355 1509 Gregoras
1382 1457 1552 1497 lectores

22 1508 256 1561 alloquitur,
278 1525 359 1550 non
376 1519 508 1552 autem
527 1527 608 1563 eos,
641 1514 710 1566 qui
730 1521 815 1554 tum
837 1513 1002 1555 aderant
1022 1514 1064 1553 in
1077 1515 1277 1554 Concilio:
1306 1515 1349 1554 id
1369 1514 1480 1568 quod
1492 1514 1551 1553 di-

20 1567 192 1618 ligenter
215 1568 521 1613 observandum.
578 1585 727 1613 BOIVIN.

135 1621 174 1662 P
171 1639 233 1678 ag·
264 1629 368 1676 939,
404 1631 470 1671 18.
526 1625 730 1682 Βοήθημα
755 1631 856 1684 γοῦν
887 1644 926 1670 κ.
955 1644 990 1670 τ.
1016 1627 1080 1681 λ.]
1118 1628 1364 1668 Thaborium
1394 1628 1551 1667 scilicet

20 1681 171 1721 lumen.
227 1697 376 1726 notv1s.

136 1740 241 1794 Peg.
270 1743 373 1791 939,
400 1746 470 1784 21.
517 1740 731 1796 ’Όνειδον]
764 1744 841 1783 Pro
870 1741 1039 1792 ὄνειδος.
1069 1742 1254 1783 Barbare.
1311 1755 1463 1782 norun.

134 1795 235 1851 Peg.
266 1801 370 1850 939,
403 1803 473 1843 22.
521 1797 651 1852 ’Ἀμας
682 1816 717 1841 κ.
749 1817 783 1841 τ.
819 1800 881 1853 λ.]
935 1802 1102 1852 Gregor.
1131 1801 1255 1854 Cypr.
1286 1800 1327 1839 in
1356 1798 1547 1839 proverb.

20 1853 211 1895 Heinsius
232 1852 394 1908 σκάφας
411 1857 700 1910 interpretatur
720 1856 881 1912 ligones.
937 1872 1093 1898 1301le-

135 1913 241 1966 Pssg·
274 1915 377 1964 940,
408 1917 448 1957 6.
511 1911 668 1955 Ταῦτόν
685 1915 823 1972 ἐκείνῳ
848 1931 883 1956 κ.
901 1931 935 1955 τ.
955 1917 1015 1970 λ.]
1046 1917 1198 1955 Lumen
1217 1913 1376 1954 scilicet
1395 1913 1546 1953 increa-

22 1974 129 2019 tum,
159 1970 268 2021 quod
289 1971 344 2010 ait
364 1972 545 2011 Palamas
563 1972 701 2011 videre
720 1987 774 2013 se.
831 1987 981 2015 norvxx.
1572 1974 1577 1978 ’

134 2029 237 2081 Pag'.
267 2030 374 2078 940,
399 2033 440 2071 7.
499 2025 645 2085 Αὐτῷ]
676 2030 804 2071 Dativ.
825 2044 900 2083 pro
922 2036 1095 2070 accusat.
1151 2042 1305 2070 actvm.

137 2083 233 2137 Peg.
253 2088 350 2136 940,
379 2090 443 2130 18.
464 2082 542 2127 Ὧν
562 2086 632 2127 ἕνα
652 2084 860 2142 Θεόδωρον
874 2085 943 2129 τὸν
959 2085 1144 2142 Γραπτὸν
1161 2090 1254 2135 etc.]
1284 2087 1423 2125 Exstat
1441 2084 1547 2123 inter

22 2141 154 2181 codd.
174 2142 284 2181 MSS.
298 2143 441 2195 Regios
455 2144 648 2184 volumen
660 2145 795 2196 ingens
804 2144 1070 2195 chartaceum,
1089 2158 1166 2196 quo
1186 2144 1437 2183 continentur
1451 2141 1546 2180 libri

20 2213 99 2252 pro
113 2200 352 2251 Imaginibus
365 2207 506 2240 contra
514 2202 797 2241 Iconomachos
807 2203 960 2254 scripti.
991 2203 1021 2241 li
1037 2202 1128 2241 libri
1140 2208 1244 2251 sunt,
1256 2199 1416 2252 Apolog
1424 2201 1462 2238 {a
1470 2213 1544 2251 pro

20 2256 122 2296 Fide
136 2256 401 2309 Orthodoae05
420 2258 684 2307 Antirrhetiei
698 2270 774 2298 tres
787 2270 926 2300 contra
939 2262 1212 2299 Mammonam
1225 2275 1241 2311 ‚-
1259 2256 1416 2297 Eusebii
1434 2255 1542 2294 deni-

21 2330 97 2368 que
111 2326 146 2354 et
158 2314 434 2368 Epiphanidae
451 2316 652 2373 refumiiO.
683 2317 730 2355 Ei
742 2317 881 2356 Codici
893 2317 1112 2370 praefixum
1124 2324 1180 2356 est
1191 2312 1542 2355 nomenTheodori

23 2373 367 2426 Graptitanquam
381 2375 569 2415 auctoris.
600 2375 647 2413 Iu
660 2375 943 2426 calcelegitur:
972 2368 1541 2428 Τόπαρόνβιβλίοντοῦᾶγίου

24 2426 239 2483 Θεοδώρου
250 2435 325 2472 τοῦ
336 2435 374 2471 Γ
367 2435 533 2483 ραπτοῦ,
557 2435 612 2487 τῷ
625 2435 766 2488 μακρῷ
774 2430 903 2486 χρόνῳ
916 2428 1159 2484 οἷφανισθὲν,
1184 2434 1236 2487 τῇ
1244 2429 1335 2483 περὶ
1345 2425 1415 2496 τίξς
1423 2428 1541 2476 θείας

20 2485 181 2541 γραφεὶς
211 2491 441 2542 φιλευσεβεῖ
468 2491 631 2546 σπουδῇ
644 2489 712 2530 καὶ
732 2491 948 2546 matanatis
963 2492 1037 2530 τοῦ
1055 2488 1171 2543 ἁγίου
1204 2487 1320 2540 ἡμῶν
1337 2483 1539 2553 αυιῖέντοΙυ

21 2544 90 2585 καὶ
113 2544 305 2598 βασιλέως
332 2549 462 2600 κυροῦ
483 2543 654 2598 Ἰωασοῖφ
679 2550 753 2587 τοῦ
773 2548 1114 2599 Καντακουζηνοῦ
1131 2542 1321 2597 ζητηθὲν,
1350 2541 1441 2607 ivos:
1467 2558 1538 2593 μο-

19 2618 97 2643 νου
125 2603 285 2655 βιβλίου
314 2602 573 2656 εὑρεθέντος,
603 2600 793 2645 κάκείνου
813 2600 923 2645 πάνυ
943 2601 1017 2657 μὲν
1036 2605 1195 2656 σαθροῦ
1213 2598 1280 2641 (iad
1300 2602 1539 2651 παλαιοτητα

21 2657 184 2712 χρόνου,
215 2659 466 2711 ἐσφαλμένον
489 2659 534 2702 δὲ
555 2661 624 2702 καὶ
645 2664 696 2718 τῇ
722 2664 796 2702 τοῦ
822 2659 1067 2716 γεγραφότος
1093 2660 1219 2701 ἐκεῖνο
1245 2656 1442 2726 ἰᾷιωτείρι,
1473 2670 1536 2707 με-

21 2713 200 2770 τεγράφη
224 2717 280 2764 εἰς
308 2714 505 2767 ὠφέλειαν
537 2721 620 2759 τῶν
646 2717 958 2771 ἐντευξομένων,
988 2717 1031 2760 ἔν
1060 2717 1134 2757 ἔτει
1156 2730 1291 2770 Ιςωος.
1317 2728 1415 2764 μηνι
1441 2728 1536 2764 μαρ-

20 2775 104 2828 τίῳ.
127 2775 265 2815 ἰνδικτ.
283 2770 327 2821 ς’.
358 2775 405 2814 Id
426 2782 498 2825 est,
529 2774 717 2814 Praesens
734 2774 809 2815 hoc
828 2791 924 2828 opus
943 2775 985 2815 S.
1017 2771 1212 2813 Theodori
1234 2769 1388 2822 Grapii,
1418 2766 1537 2820 longo

21 2841 190 2886 tempore
217 2830 491 2884 obscuratum,
522 2830 679 2873 tandem
706 2830 888 2886 religioso
914 2834 957 2874 in
988 2831 1141 2871 divinas
1164 2828 1379 2881 scripturas
1405 2824 1537 2866 studio
