1794 3172
237 119 341 169 976
641 124 957 172 NICEPHORI
985 123 1309 172 GREGORAE

21 245 120 283 AM.
138 247 230 284 6859
242 236 435 296 ἐφικτὸν,
472 234 525 280 τὰ
547 238 622 292 τῆς
644 235 858 291 ἐκκλησίας
886 232 1222 295 ἔξετραγῴδησαν
1253 234 1424 286 ἕκαστος
1453 232 1599 291 πάθη,
1633 230 1719 291 μή-

75 293 184 331 ¹¹¹¹¹·4
202 325 324 377 Βπου
355 306 523 356 καῦτοῖς
551 303 762 361 ὀψιγόνοις
793 304 837 347 αἶ
866 308 951 347 τῶν
982 304 1211 348 ἀντιθέτων
1247 301 1597 360 πλεονεκτήσασαί
1630 321 1721 354 πως

242 377 436 433 διαβολαὶ
453 375 529 425 τὰς
548 372 844 432 ἀπειροκάλους
865 371 1127 430 λυμήνωνται
1151 375 1356 428 διανοίας,
1395 373 1444 417 οὗ
1472 371 1628 432 σιδήρῳ
1651 374 1720 416 καὶ

240 448 340 504 πυρὶ
368 446 435 488 καὶ
455 442 596 495 ὅπλοις
614 448 912 501 βαρβαρικοῖς,
953 443 1060 486 ἀλλὰ
1081 447 1131 501 τῇ
1152 447 1228 499 τῆς
1249 447 1500 501 πολυμιγοῦς
1528 442 1721 500 αἱρέσεως

241 516 393 570 ἐκείνης
428 514 573 572 κακίᾳ,
610 511 802 556 θάνατον
830 510 1048 556 ἀθάνατον
1071 517 1122 571 τῇ
1147 511 1350 574 ἀθανάτῳ
1373 516 1491 571 ψυχῇ
1520 509 1755 570 προξενή-5

202 586 383 628 Οσασαι.
453 581 548 640 (Β.)
576 581 692 636 ’Άρτι
720 583 766 626 δὲ
795 584 864 626 καὶ
897 581 971 634 νὺξ
998 583 1171 626 ἐπιοῦσα
1200 581 1335 640 ἠρέμα
1357 584 1424 626 καὶ
1446 581 1553 626 κατὰ
1583 580 1720 639 βραχὺ

240 654 316 705 τὰς
345 651 520 709 ἡλιακὰς
545 652 675 709 αὐγὰς
704 651 971 707 ἐπεβόσκετο,
1014 654 1082 695 καὶ
1109 651 1163 695 τὰ
1193 656 1268 708 τῆς
1294 650 1452 711 ἡμέρας
1484 651 1722 696 συνέστελλε

91 724 133 761 V.
154 722 223 764 496
240 722 479 781 κράσπεδα,
515 723 584 766 καὶ
605 726 688 765 τῶν
719 722 997 783 ἀνθρωπίνων
1027 721 1265 780 ὀφθαλμῶν
1294 722 1343 766 τὸ
1372 726 1575 780 καθαρῶς
1595 723 1636 764 ἐν
1658 720 1721 764 οἷ’-

241 811 328 844 κοις
354 792 518 848 βλέπειν
539 790 751 850 ἀφῃρεῖτο,
786 793 856 835 καὶ
885 789 1099 846 λαμπάδες
1120 790 1252 850 πυρὸς
1279 791 1560 850 εῗσεφὲροντο,
1598 794 1722 848 φῶτα

241 862 385 907 κτιστιὶ
405 863 667 918 κομίζουσαι·
704 863 772 905 καὶ
804 860 892 916 ἅμα
923 859 1238 918 ἀνεγινώσκοντο
1267 859 1413 915 πάλιν,
1453 860 1481 904 ἃ
1511 860 1618 904 κατὰ
1645 863 1720 903 τοῦ
1734 864 1779 899 10

240 931 453 989 Βαρλαᾶμ
474 932 625 975 ἐκείνου
644 935 719 974 τοῦ
739 934 971 989 Καλαβροῦ
991 932 1082 989 περὶ
1103 935 1178 974 τοῦ
1196 930 1474 990 θείουφωτός
1492 929 1724 988 ἐψήφισται

239 999 529 1045 πάλαι’πολύν
561 1018 653 1044 τινα
680 998 858 1059 χρόνον,
905 1000 1012 1043 κατὰ
1042 1000 1117 1057 τὴν
1151 1000 1353 1059 σφετέραν
1384 1000 1446 1044 ἀεὶ
1480 998 1720 1056 συνήθειαν.

198 1072 348 1128 Βμηδὲ
371 1070 449 1128 γὰρ
472 1069 602 1127 ἄλλην
621 1069 781 1126 ἔχοντες
801 1070 1071 1128 ἀποστροφὴν
1093 1069 1282 1126 οὐδαμῆ,
1317 1071 1425 1126 μηδὲ
1443 1068 1724 1127 προκάλυμμα

240 1147 315 1197 τῆς
334 1140 535 1197 σφετέρας
555 1138 683 1196 ἥττης
703 1140 836 1194 οὐδὲν,
859 1141 948 1197 περὶ
973 1139 1021 1182 τὸ
1044 1138 1140 1196 ἷίρος
1161 1140 1284 1183 ἒκεῖνο
1309 1142 1504 1196 διηνεκῶς
1523 1140 1567 1191 ἐξ
1593 1137 1723 1195 ἀνάγ-

241 1227 317 1266 κης
346 1210 571 1263 εἶλοῧνται,
606 1211 671 1252 καὶ
705 1209 857 1266 συχνὴν
881 1208 985 1266 παρ’
1011 1209 1133 1252 ἐκεῖνο
1157 1206 1396 1266 κακούργως
1415 1213 1628 1252 ποιοῦνται
1648 1208 1722 1264 τὴν
1735 1210 1780 1248 15

241 1277 517 1337 ἀναχώρησιν,
534 1279 593 1336 μὴ
618 1277 734 1337 λάθῃ
753 1279 914 1338 ῥοθίοις
932 1278 1032 1328 ἴσως
1048 1277 1351 1335 παρενεχθέντα
1372 1283 1487 1335 σιγῆς
1508 1277 1559 1321 τὰ
1581 1279 1724 1335 σφίσιν

242 1348 305 1393 ἀεὶ
323 1346 602 1405 τιθηνούμενά
613 1366 656 1392 τε
676 1350 743 1392 καὶ
762 1345 1184 1405 γαλακτοφορούμενα
1197 1351 1273 1403 τῆς
1286 1349 1568 1403 εἶκονομαχιάς
1589 1347 1721 1405 ὄργια.

243 1417 334 1478 (Γ.)
370 1422 495 1475 Σιγῆς
514 1413 587 1462 οὗν
607 1415 725 1474 ἡμῶν
744 1418 1161 1474 καταψηφισθείσης,
1203 1419 1270 1460 καὶ
1291 1421 1376 1461 τῶν
1401 1418 1485 1460 ἐκεῖ
1509 1418 1724 1475 ῥηθέντων

242 1488 297 1531 τὰ
318 1489 442 1531 πλείω
461 1487 567 1531 κατὰ
589 1487 636 1531 τὸ
661 1488 777 1545 σφίσι
798 1484 1052 1542 βουλόμενον
1079 1487 1358 1542 ἐξηγουμένων
1387 1487 1550 1539 αὐτῶν,
1585 1488 1651 1529 καὶ
1671 1485 1724 1542 ἢν

202 1555 268 1601 Εὖ
300 1558 344 1600 ἐκ
371 1555 607 1611 Δαμάσκου
641 1559 744 1615 φησὶ
763 1554 955 1612 Ἰωάννης
981 1554 1183 1614 ὗπερτελῆ
1217 1557 1285 1599 καὶ
1314 1557 1547 1615 προτέλειον
1580 1555 1720 1609 δόξαν,
1733 1560 1780 1595 20

243 1627 403 1670 ἐκείνων
422 1624 641 1685 ὖφειμένην
665 1624 992 1669 ἀποδεικνύντων
1013 1624 1113 1669 εἶναι
1136 1623 1320 1682 θεότητα
1334 1659 1349 1679 ,
1382 1630 1458 1682 τῆς
1488 1626 1608 1676 θείας
1637 1624 1724 1668 ἑτέ-

244 1712 324 1753 ραν
346 1695 503 1750 οὖσίας,
523 1698 590 1739 καὶ
614 1695 807 1739 ἅκτιστον
823 1696 899 1751 μὲν
921 1696 1027 1740 καθ’
1051 1695 1215 1751 ἑαυτὴν,
1243 1695 1523 1753 διαφέρουσαν
1542 1697 1567 1738 δ
1574 1695 1586 1711 '
1608 1694 1725 1738 ἀπει-

242 1762 363 1825 ράκις
381 1765 558 1825 ἀπείρως
565 1799 580 1821 ,
613 1767 681 1810 καὶ
699 1765 1029 1825 ἧλλοτριωμὲνην
1051 1767 1202 1822 ἐκείνης
1223 1763 1475 1820 παντάπασι,
1509 1767 1578 1809 καὶ
1597 1762 1724 1808 ἀνού-

336 1863 371 1899 2.
395 1861 465 1899 κᾶν
481 1867 560 1908 τοῖς
582 1864 670 1900 coni.
685 1864 785 1900 Boiv.
913 1867 968 1902 13.
989 1863 1239 1911 προκάλυμμα
1264 1877 1327 1900 em.
1352 1864 1453 1901 Boiv.
1474 1874 1539 1911 pro
1557 1860 1723 1909 προσκά-

336 1912 473 1957 λυμμα.
565 1915 621 1950 18.
644 1910 837 1959 ῥηθέντων
852 1923 915 1946 em.
938 1912 1035 1946 Boiv.
1055 1923 1117 1959 pro
1139 1911 1283 1959 ῥηθῶν,

247 1989 343 2035 cuit,
368 1990 504 2036 tragice
522 1991 699 2027 lamentati
715 1995 815 2034 sunt,
839 2003 883 2026 ne
900 1992 992 2026 forte
1011 1992 1102 2038 apud
1121 1996 1278 2037 posteros
1297 1991 1486 2028 calumniae
1504 1989 1725 2026 adversario-

246 2047 343 2079 rum,
366 2042 544 2083 postquam
561 2039 756 2085 superiores
776 2038 1021 2084 quodammodo
1045 2040 1256 2082 evasissent,
1281 2039 1377 2074 rudis
1396 2038 1492 2083 vulgi
1515 2042 1647 2072 mentes
1669 2038 1725 2072 in-

247 2082 412 2125 ficerent,
435 2084 634 2130 animaeque
659 2084 840 2120 immortali
866 2096 933 2119 non
958 2086 1073 2128 ferro,
1097 2090 1161 2121 aut
1185 2086 1287 2132 igne,
1321 2091 1382 2121 aut
1413 2085 1603 2120 barbaricis
1629 2084 1740 2134 ‘'elis’‘

247 2128 312 2163 sed
349 2129 440 2164 illius
475 2131 711 2167 miscellaneae
749 2132 934 2166 haereseos
966 2131 1065 2174 labe,
1106 2137 1248 2169 mortem
1285 2132 1508 2168 immortalem
1546 2131 1725 2167 afferrent.

248 2175 336 2220 (11.)
360 2175 431 2211 Iam
453 2181 565 2212 autem
587 2183 623 2212 et
648 2188 716 2212 nox
739 2177 925 2212 adveniens
950 2179 1073 2214 sensim
1092 2184 1128 2214 et
1154 2178 1317 2226 paulatim
1335 2179 1418 2214 solis
1437 2179 1547 2214 lumen
1569 2178 1725 2211 absume-

247 2221 331 2264 bat,
357 2226 393 2256 et
410 2225 580 2257 extremas
597 2223 666 2259 diei
684 2235 762 2259 oras
781 2223 831 2258 sic
849 2223 1042 2268 condebat,
1066 2229 1105 2260 ut
1127 2226 1160 2260 in
1180 2226 1336 2261 domibus
1354 2238 1420 2260 non
1439 2225 1532 2260 clare
1552 2223 1724 2258 hominum

248 2269 342 2303 oculi
361 2273 563 2311 cernerent;
587 2270 654 2304 iam
668 2269 839 2316 igniferae
856 2271 1030 2317 lampades
1047 2272 1171 2307 allatae
1189 2277 1308 2308 creata
1328 2272 1453 2307 lumina
1478 2270 1726 2317 apportabant,

248 2325 325 2350 cum
343 2326 462 2350 rursus
493 2315 582 2351 lecta
608 2321 689 2350 sunt
708 2328 771 2359 ea,
796 2328 885 2362 quae
913 2317 1016 2352 multo
1044 2324 1124 2353 ante
1144 2324 1297 2365 tempore
1314 2319 1480 2353 adversus
1507 2317 1724 2351 Barlaamum

248 2360 344 2407 illum
361 2362 542 2396 Calabrum
559 2362 605 2397 de
621 2362 739 2397 divino
762 2362 888 2397 lumine
910 2364 1052 2399 decreta
1070 2365 1218 2402 fuerant.
1264 2365 1334 2400 Hic
1350 2364 1486 2399 scilicet
1506 2363 1575 2397 illis
1599 2374 1727 2409 perpe-

249 2412 328 2443 tuus
353 2411 425 2443 mos
450 2412 516 2446 est.
569 2409 709 2444 Nullum
731 2421 868 2455 usquam
895 2410 985 2444 aliud
1019 2411 1278 2453 diverticulum,
1303 2411 1429 2446 nullum
1456 2409 1522 2444 nisi
1544 2410 1609 2444 hoc
1634 2407 1726 2444 cladi

250 2466 334 2490 suae
358 2454 611 2490 obtendendum
634 2455 748 2490 velum
776 2456 924 2499 habent3
958 2457 1114 2503 adeoque
1143 2458 1236 2493 circa
1259 2457 1353 2492 illum
1381 2461 1528 2492 montem
1553 2460 1726 2502 coguntur

250 2513 384 2548 semper
402 2501 555 2546 versari,
587 2505 623 2537 et
648 2501 793 2536 subinde
814 2502 892 2537 illuc
917 2515 981 2548 per
1000 2504 1154 2538 fraudem
1179 2516 1256 2539 sese
1281 2503 1459 2550 recipere,
1492 2514 1536 2537 ne
1554 2503 1654 2538 'forte
1682 2513 1727 2537 ea

250 2559 340 2594 quae
356 2546 461 2583 iidem
480 2559 590 2594 usque
613 2547 650 2583 in
668 2547 744 2582 sinu
769 2549 890 2583 fovent
910 2553 946 2584 et
965 2550 1121 2585 nutriunt
1147 2550 1399 2586 iconomachiae
1418 2549 1553 2595 Orgia,
1578 2548 1726 2583 velutin

247 2595 354 2629 maris
378 2595 506 2630 fluctus
532 2595 668 2637 delata,
691 2594 828 2630 silentio
857 2595 927 2629 alto
956 2597 1081 2631 sensim
1106 2601 1313 2643 mergantur.
1372 2597 1476 2642 (ΙΙΙ.)
1500 2596 1585 2630 Cum
1607 2595 1727 2640 itaque

250 2652 312 2675 nos
329 2641 480 2676 damnati
497 2640 632 2676 silentio
649 2652 819 2684 essemu8‚
843 2644 880 2676 et
897 2653 1012 2677 eorum
1028 2653 1118 2688 quae
1136 2643 1208 2678 illic
1227 2643 1322 2678 dicta
1340 2643 1481 2678 fuerant
1503 2642 1668 2688 pleraque
1687 2640 1727 2675 hi

249 2698 314 2732 pro
335 2698 400 2722 sua
415 2687 592 2723 voluntate
609 2687 941 2733 interpretarentun
964 2693 1001 2724 et
1021 2701 1124 2735 quam
1147 2689 1292 2725 Ioanne·
1313 2689 1550 2724 Damascenus
1574 2684 1726 2732 ὑπερτε-

248 2734 296 2778 λῆ
319 2736 354 2768 et
372 2732 585 2779 προτέλειον
608 2734 752 2780 gloriam
771 2739 895 2777 vocat,
918 2734 978 2769 isti
997 2735 1214 2772 divinitatem
1231 2735 1441 2778 inferiorem,
1463 2735 1564 2770 aliam
1583 2735 1627 2769 ab
1642 2735 1726 2768 sub-

249 2780 379 2814 stantia
396 2780 535 2824 divina,
559 2793 601 2816 ao
621 2792 684 2835 per
707 2792 745 2815 se
766 2780 902 2826 quidem
922 2780 1129 2825 increatam,
1153 2782 1318 2817 infinities
1336 2786 1450 2818 autem
1464 2781 1602 2816 infinite
1618 2781 1662 2816 ab
1680 2779 1724 2814 il-

250 2825 285 2862 la
299 2825 471 2863 diversam
492 2831 530 2864 et
547 2838 682 2864 ommno
704 2826 850 2864 alienam
861 2850 873 2872 ,
898 2826 1046 2876 denique
1067 2828 1282 2867 substantiae
1297 2834 1473 2877 expertem
1489 2839 1567 2864 esse
1584 2826 1726 2863 dictita-
