1754 3164
597 115 1082 164 ANNOTATIONES.
1461 112 1594 163 1213

54 218 159 267 ουτε
179 215 376 293 ἐδόξαμεν
402 224 489 272 τοῖς
515 226 702 275 πολλοῖς,
739 219 840 266 ἆλλᾶ
867 222 938 266 καὶ
967 219 1209 278 δύσχρηστοι
1235 221 1361 267 πλέον
1378 219 1474 279 παρ’
1494 221 1595 268 οσον

52 279 127 320 καὶ
154 276 440 334 εὑρισκόμεθα.
481 281 551 322 καὶ
581 278 635 335 δὴ
662 278 774 353 πρὸς
791 285 878 331 τοῖς
905 279 1041 330 αλλοις
1069 278 1132 331 οἷς
1158 280 1230 324 καὶ
1251 283 1594 356 προσωνειδίκασι

51 334 99 378 to*
127 335 172 378 ἐν
207 335 421 391 ύποκρίσει
459 339 652 391 βιοῦντας
685 337 817 391 ἡμᾶς,
860 336 959 381 ούδὲ
994 335 1098 380 κατοῖ
1133 341 1208 392 τῆς
1236 337 1355 394 dying
1381 339 1453 381 καὶ
1480 337 1593 394 οἴμω-

52 388 184 447 μήτου
203 392 335 464 ήμῶν
362 395 534 444 πίστεως
562 399 868 468 συκοφαντῆσαι
895 396 1122 449 ἐφείσαντο.
1151 392 1215 445 οἷς
1237 394 1312 438 θεὲ
1334 399 1411 438 τοῦ
1430 396 1594 449 παντὸς,

51 449 79 492 6
105 447 239 492 ἐλθων
269 451 328 501 είς
355 449 399 493 τὰ
431 450 589 505 πλάνης
616 453 687 494 καὶ
724 449 913 507 ἀσεβείας
946 451 1118 509 βροτους
1152 450 1506 523 ἐκλυτρωσασθαι,
1549 456 1595 498 ἐν

50 510 106 564 τῇ
133 505 372 578 δικαιοσύνῃ
413 522 487 551 σου
525 507 838 582 α’ντιμέτρησον·
880 510 951 553 καὶ
976 510 1007 564 ή
1036 511 1223 581 ῥομφαία
1249 507 1386 553 αὐτῶν
1415 511 1595 554 εἰσέλθοι

52 566 111 613 εἰς
138 562 212 614 τοὶς
238 567 408 620 καρδίας
436 562 598 618 αύτων,
629 568 668 609 εἰ
683 565 760 622 ἐγὼ
779 567 847 610 ἐπὶ
866 566 912 610 σὲ
938 568 1167 635 ἐπεῤῥίφην
1195 564 1279 611 οἷπο
1302 566 1494 637 γαστρός·
1522 570 1595 612 καὶ

51 625 207 676 μᾶλλον
234 628 339 672 τοῖς
336 623 440 678 περὶ
466 640 537 666 τον
561 600 764 695 ἤακωβον,
798 630 884 675 τοῖς
911 622 1128 694 ἐπαράτοις
1157 625 1228 667 καὶ
1253 642 1391 679 παντη
1418 631 1594 669 θεοστυ-

48 679 181 746 γέσιν·
213 681 255 722 οἳ
280 680 351 721 καὶ
381 678 571 735 καθάπερ
601 678 929 752 απεχθανόμενοι
956 686 1013 738 τῷ
1040 682 1109 724 ἐπὶ
1136 679 1304 724 πάντων
1330 686 1434 740 θεῷ,
1464 686 1594 726 δικαι-

51 750 204 778 ωσαντι
231 737 303 778 καὶ
308 736 441 804 ημᾶς
477 743 693 780 καλεῖσθαι
729 736 809 781 dm}
842 725 1045 795 Χριστοῦ,
1084 739 1156 781 καὶ
1190 757 1247 794 μη
1287 727 1441 793 ἦοντες
1479 756 1593 791 οπως

49 794 206 836 ἐκεῖνον
235 790 483 847 ἀμύνονται,
521 812 623 837 κατα
650 799 725 849 τῆς
755 797 873 868 ἱερας
904 797 1063 839 ἐκείνου
1091 799 1345 850 θεανδρικῆς
1372 797 1442 839 καὶ
1470 811 1593 854 προσ-

48 854 228 905 κυνητῆς
254 848 429 902 εἰκόνος,
458 869 532 905 της
556 851 795 907 ἐρημώσεως
823 851 874 895 τοὶ
901 851 1176 908 βδελύγματα,
1208 871 1240 896 ω
1270 871 1352 896 των
1381 855 1492 909 ἐμῶν
1520 872 1593 898 κα-

47 912 153 960 κῶν,
168 912 374 982 1,λυττῆσαι
402 906 479 951 ούκ
505 910 709 983 ε’φριξανζ.
719 909 819 960 πρὸς
848 910 893 952 δὲ
920 909 990 952 καὶ
1018 914 1092 964 τῆς
1118 928 1403 966 παναχραντου
1432 913 1593 955 δεσποί-

47 981 124 1020 νης
150 965 270 1037 ἡμῶν
298 963 512 1019 θεοτόκου,
542 967 613 1010 καὶ
632 984 706 1011 του
725 965 859 1011 τύπου
884 972 960 1010 τοῦ
988 969 1109 1010 θείου
1136 968 1206 1010 καὶ
1235 967 1450 1038 ζωηφόρου
1472 983 1592 1011 σταυ-

48 1026 138 1078 ροῦ.
173 1019 231 1066 δι’
258 1039 333 1075 ους
358 1024 430 1067 καὶ
458 1021 650 1079 α’νᾶθεμα
677 1029 806 1068 πᾶσιν
834 1026 1050 1080 αἰρετικοῖς
1076 1025 1208 1079 ἐκβοῶ
1236 1023 1318 1068 ἄπο
1346 1030 1452 1068 θεοῦ
1480 1043 1592 1068 παν-

46 1097 314 1149 τοκρατορος,
340 1081 412 1124 καὶ
440 1080 854 1155 χριστιανοκατηγόρφ
882 1082 1027 1133 παντὶ,
1056 1086 1115 1139 τῷ
1143 1081 1199 1136 μὴ
1229 1079 1295 1133 «ἷξε
1298 1082 1444 1137 οχρέως
1476 1099 1590 1137 μετα-

46 1135 255 1192 νοήσαντι.
292 1137 361 1182 δια
389 1143 517 1182 ταῦτα
544 1140 615 1182 καὶ
642 1144 716 1194 τῆς
733 1140 851 1194 ὑμῶν
881 1141 957 1193 (ita
978 1125 1206 1192 legen'dum,
1224 1155 1306 1180 non
1315 1138 1505 1210 ημῶν>’“
1486 1139 1590 1212 ιερό-

45 1212 164 1250 τητος
188 1195 452 1267 δέομαι,μή
488 1195 595 1252 πρὸς
629 1195 881 1269 ἐμποδισμον
909 1198 1101 1252 ἐνστῆναί
1127 1213 1246 1248 τινα,
1275 1194 1327 1239 δι’
1356 1214 1482 1239 αυτον
1515 1196 1589 1241 τόν

47 1250 250 1308 Χριστόν·
280 1270 345 1297 οτι
363 1253 475 1325 μηδὲ
504 1252 676 1297 δυνατὸν
706 1253 803 1328 αλλο
834 1271 872 1296 τι
901 1258 1105 1309 φρονῆσαι
1137 1251 1290 1310 ἄπαρτι
1317 1253 1447 1309 ἡμᾶς,
1486 1255 1527 1296 εἴ
1550 1271 1590 1297 τι

45 1311 117 1353 καὶ
144 1310 320 1384 ye'v‘otvo·
361 1328 426 1355 οτι
451 1312 523 1354 καὶ
549 1310 656 1370 γήρα
682 1313 752 1354 καὶ
780 1309 977 1354 οἷσθενεία
1012 1316 1370 1382 ταλαιπωροῦντες,
1397 1309 1496 1354 ούδὲ
1517 1329 1590 1354 αυ-

46 1385 93 1410 το
117 1366 167 1411 ro*
193 1368 300 1425 ὅρᾷν
328 1369 482 1439 ἔχομεν.
527 1368 627 1411 ἄλλα
654 1367 816 1424 πρόσιτε
845 1355 966 1420 &gam
974 1373 1035 1427 τῷ·
1049 1369 1161 1441 ἁγίῳ
1194 1386 1274 1423 μου
1303 1366 1587 1424 αὐτοκράτορι,

48 1425 121 1468 §nd
120 1430 337 1481 υσωπῆσαι
365 1423 557 1469 κᾶκεῖνον
583 1426 687 1482 ύπερ
717 1427 837 1481 ἐμοῦ,
880 1413 1014 1468 πλέον
1034 1423 1228 1468 ἇπαντων
1265 1429 1340 1480 τῆς
1374 1427 1588 1480 ἐκκλησίας

46 1499 125 1538 την
153 1482 353 1538 μέριμναν
380 1483 583 1538 τρέφοντι,
614 1489 845 1552 συγκροτεῖν
874 1484 1122 1534 ἐξαιτοῦντες
1147 1483 1218 1525 καὶ
1239 1483 1467 1551 συντρέχειν
1484 1483 1587 1537 ύμῖν

47 1540 94 1583 ἐν
122 1540 259 1591 παντὶ,
289 1540 361 1583 καὶ
388 1545 540 1595 μᾶλλον
569 1541 629 1590 εἰς
656 1539 825 1611 ἐρεύνης
852 1544 1130 1595 πνευματικῆς
1157 1537 1424 1594 ἀναζήτησιν·
1455 1557 1510 1589 ως
1531 1556 1586 1582 αν

44 1595 115 1640 τὸν
143 1595 343 1653 αρμόδιον
379 1603 469 1648 ταῖς
504 1598 715 1652 ύμετέραις
753 1595 888 1651 εύχαῖς
922 1597 1181 1652 καταπέμψαι
1210 1601 1265 1655 τῇ
1297 1599 1452 1654 ποίμνῃ
1483 1600 1585 1648 Χρι-

45 1652 159 1707 στός,
189 1656 248 1705 είς
274 1654 491 1708 ἐπίσκεψιν
521 1654 661 1726 ἱερέων
688 1655 760 1697 καὶ
797 1653 1074 1709 μοναζόντων,
1111 1655 1183 1697 καὶ
1216 1657 1320 1697 λαοῦ
1348 1651 1587 1708 Χριστωνύ·

45 1729 127 1767 μου
154 1715 231 1754 τοῦ
255 1709 500 1767 σύμπαντος.
535 1710 635 1767 πρὸς
664 1711 710 1755 δὲ
737 1710 916 1764 τούτοις,
956 1712 1044 1754 ἐπεὶ
1070 1710 1142 1755 τόν
1170 1711 1215 1754 ἐν
1244 1711 1351 1782 μέσῳ
1381 1709 1490 1760 είκος
1518 1710 1584 1753 εύ-

45 1766 290 1826 ρισκόμενον
317 1770 389 1812 καὶ
415 1774 559 1812 λυπεῖν
584 1769 654 1812 και
682 1774 901 1812 λυπεῖσθαι
928 1767 1041 1824 παρά
1068 1786 1212 1820 τινων,
1250 1785 1348 1818 τους
1374 1765 1584 1838 λυπήσαν·

44 1843 117 1898 τας
135 1823 437 1895 ὁπωσδήποτε,
475 1827 547 1869 καὶ
582 1825 680 1877 τούς
711 1824 793 1880 ύφ’
818 1827 943 1881 1ἤμων
977 1826 1253 1880 λυπηθέντας,
1298 1823 1583 1896 συγχωρήσεως

46 1876 212 1935 αξιωσει
239 1889 334 1938 (pro
361 1881 565 1935 ἆξιτιὶσειε)
592 1885 663 1926 καὶ
677 1881 947 1952 ἀμφοτέρους
975 1884 1002 1927 6
1028 1884 1095 1927 ἐπὶ
1125 1901 1171 1926 το
1202 1887 1330 1926 σῶσαι
1357 1881 1403 1925 τό
1433 1881 1581 1924 πλάτα.

45 1955 128 1995 σμα
156 1938 460 2012 φιλανθρώπως
483 1938 827 2015 παραγενόμενος,
855 1941 926 1984 καὶ
952 1946 1143 1995 κρατυνεῖ
1169 1938 1262 1997 (pro
1283 1937 1511 1996 κρατύνειε)
1529 1956 1579 1981 τα

44 2015 131 2040 των
158 1996 406 2053 ὅρθοδὸξων,
438 1999 508 2041 καὶ
536 2001 754 2054 σκαιωρίας
781 1998 1050 2054 περιφυλοὶξοι
1077 2000 1273 2048 παντοίας
1299 1998 1370 2040 καὶ
1384 1997 1580 2051 ποιμένας

44 2056 116 2098 καὶ
142 2057 328 2110 ποίμνια,
358 2073 433 2105 εως
460 2054 539 2110 τὴν
565 2061 645 2126 γῆν
673 2056 697 2100 ὁ
722 2055 839 2110 ηλιος
865 2057 1009 2125 ἐφορᾷ,
1038 2057 1270 2110 πρεσβείαις
1295 2051 1494 2122 ἀλήκτοις
1506 2057 1579 2108 τῆς

43 2112 119 2156 τὸν
146 2111 268 2167 ἥλιον
294 2117 368 2167 τῆς
408 2112 673 2167 δικαιοσύνης
712 2110 1011 2168 σωματωσᾶσης
1039 2111 1153 2156 θεόν.
1215 2117 1309 2162 Τοῖς
1349 2107 1580 2167 ἱερωτάτοις

46 2168 273 2226 ἆρχιερεῦσι
298 2174 416 2221 θεοῦ,
446 2187 517 2212 και
543 2176 628 2220 τοῖς
653 2169 927 2222 ἐνδοξοτάτοις
953 2176 1039 2221 τοῖς
1066 2174 1140 2225 τῆς
1167 2167 1390 2238 συγκλήτου
1413 2170 1577 2223 βουλῆς,

44 2228 118 2270 καὶ
143 2233 229 2278 τοῖς
257 2226 528 2282 ἐντιμοτάτοις
554 2231 630 2270 τοῦ
657 2226 811 2283 κλήρου
849 2229 1002 2283 ἱερεῦσι
1037 2228 1105 2270 καὶ
1142 2225 1382 2281 μοναζουσι,
1419 2230 1505 2274 τοῖς
1534 2240 1577 2266 τε

47 2285 376 2358 στρατευομένοις
419 2285 491 2327 καὶ
527 2291 614 2335 τοῖς
647 2289 722 2338 τῆς
748 2287 971 2338 πολιτείας,
1011 2287 1220 2335 πλουσίοις
1244 2301 1288 2327 τε
1313 2284 1383 2326 καὶ
1409 2280 1579 2335 πενομέ-

44 2359 154 2394 νοις,
182 2343 252 2384 καὶ
280 2339 452 2397 ανδρασι
480 2343 551 2385 καὶ
578 2342 761 2398 γυναιξι,
795 2346 898 2385 πᾶσι
926 2345 1121 2414 διηνεκῶς
1147 2347 1408 2412 χορηγεῖσθαι
1433 2337 1478 2381 τὸ
1501 2340 1576 2380 τοῦ

45 2403 152 2442 θεοῦ
190 2398 409 2454 ἐπεύχομαι
446 2400 574 2450 ἔλεος·
626 2397 711 2442 εἶτα
749 2400 821 2442 καὶ
854 2404 982 2443 πᾶσιν
1018 2398 1237 2456 ἆντιβολω,
1278 2416 1334 2452 μη
1373 2412 1427 2445 ως
1463 2395 1575 2448 {ww

43 2461 416 2530 προσταλαιπωρεῖν
443 2473 673 2507 κοπιωντας
696 2460 751 2529 τῇ
777 2457 823 2500 ἐν
848 2452 880 2515 ἦ
902 2462 1179 2526 παροικοῦμεν
1198 2457 1369 2511 ἐσχατιᾷ,
1398 2469 1420 2494 τ
1420 2469 1471 2506 ης
1493 2455 1576 2494 Σο-

46 2515 148 2567 φίας
174 2518 282 2557 θεοῦ
310 2513 447 2557 ἐπανω
478 2513 614 2586 ὅρους
628 2514 828 2568 κειμένης,
854 2515 926 2557 καλ
951 2511 1237 2587 τηλαυγούσης
1247 2515 1320 2565 τῆς
1332 2469 1485 2580 (170179)
1493 2509 1575 2551 ἕνε-

43 2587 115 2612 κεν
144 2575 358 2626 φωτισμοῦ
384 2570 485 2627 πρὸς
513 2569 644 2626 αὐτὴν
673 2571 965 2626 ἐπιτρέχοντας·
994 2571 1111 2642 πλὴν
1123 2571 1193 2613 καὶ
1208 2569 1306 2623 ύμῖν
1335 2566 1439 2638 (nou
1454 2564 1573 2634 ημῖν)

45 2625 357 2696 ἆντιμετρηθείη
395 2628 496 2685 πρὸς
533 2632 611 2671 τοῦ
610 2632 711 2697 τῆς
747 2627 907 2701 ἀγάπης
937 2633 1046 2672 θεοῦ
1086 2626 1184 2671 ’ὅσον
1219 2625 1288 2668 καὶ
1324 2620 1382 2666 δι’
1411 2619 1575 2679 ἐγαπην

43 2683 334 2738 κεκοπιάκατε,
345 2686 431 2728 καὶ
459 2686 492 2741 ἠ
517 2683 765 2757 οἲνταμειψις
791 2683 1049 2755 αμφοτέροις
1060 2682 1346 2753 δαψιλενθείη·
1390 2678 1477 2722 ἐπεὶ
1503 2678 1575 2721 καὶ

43 2742 162 2795 ημεῖς
187 2747 247 2800 τῷ
272 2743 368 2814 περὶ
394 2743 504 2798 ύμᾶς
531 2740 665 2785 ἄλύτω
694 2740 967 2814 συνδούμενοι
992 2741 1139 2813 πόθῳ,
1168 2736 1241 2793 οὐχ
1272 2755 1328 2787 ως
1355 2737 1466 2790 ἔτυχε
1496 2737 1574 2778 ¹3⁵⁸·

583 2786 866 2816 ‘‘‘‘‘‘

45 2789 247 2854 σῖἦσᾱβὲν
271 2798 423 2853 αὐτους
447 2800 632 2856 (αὖτους)
662 2817 722 2854 αφ
774 2817 903 2856 νμων.
935 2797 1026 2844 ἀλλ’
1056 2797 1114 2850 ὥς
1140 2813 1220 2841 που
1245 2794 1267 2840 ὅ
1293 2791 1574 2852 μεγαλοφωνό-
