<?xml version="1.0" encoding="UTF-8"?>
<!DOCTYPE html PUBLIC "-//W3C//DTD XHTML 1.0 Transitional//EN"
    "http://www.w3.org/TR/xhtml1/DTD/xhtml1-transitional.dtd">
<html xmlns="http://www.w3.org/1999/xhtml" xml:lang="en" lang="en">
 <head>
  <title>
</title>
<meta http-equiv="Content-Type" content="text/html;charset=utf-8" />
  <meta name='ocr-system' content='tesseract 3.04.00' />
  <meta name='ocr-capabilities' content='ocr_page ocr_carea ocr_par ocr_line ocrx_word'/>
</head>
<body>
  <div class='ocr_page' id='page_1' title='image "./corpusscriptorum39niebuoft_0609.png"; bbox 0 0 1794 3172; ppageno 0'>
   <div class='ocr_carea' id='block_1_1' title="bbox 573 115 1591 165">
    <p class='ocr_par' dir='ltr' id='par_1_1' title="bbox 573 115 1591 165">
     <span class='ocr_line' id='line_1_1' title="bbox 573 115 1591 165; baseline 0.002 -3"><span class='ocrx_word' id='word_1_1' title='bbox 573 116 1051 165; x_wconf 83' lang='lat' dir='ltr'>ANNOTATIONES.</span> <span class='ocrx_word' id='word_1_2' title='bbox 1458 116 1485 163; x_wconf 86' lang='lat'>1</span> <span class='ocrx_word' id='word_1_3' title='bbox 1496 115 1591 164; x_wconf 86' lang='grc'>167</span> 
     </span>
    </p>
   </div>
   <div class='ocr_carea' id='block_1_2' title="bbox 19 219 1587 2683">
    <p class='ocr_par' dir='ltr' id='par_1_2' title="bbox 41 219 1587 950">
     <span class='ocr_line' id='line_1_2' title="bbox 51 219 1587 278; baseline 0.006 -19"><span class='ocrx_word' id='word_1_4' title='bbox 51 219 125 260; x_wconf 82' lang='lat' dir='ltr'>fol.</span> <span class='ocrx_word' id='word_1_5' title='bbox 155 221 195 266; x_wconf 87' lang='grc'>5.</span> <span class='ocrx_word' id='word_1_6' title='bbox 217 220 268 263; x_wconf 82' lang='lat' dir='ltr'>V.</span> <span class='ocrx_word' id='word_1_7' title='bbox 300 222 400 263; x_wconf 84' lang='lat' dir='ltr'>Cod·</span> <span class='ocrx_word' id='word_1_8' title='bbox 434 226 559 268; x_wconf 79' lang='lat'>2986.</span> <span class='ocrx_word' id='word_1_9' title='bbox 587 231 629 265; x_wconf 87' lang='lat' dir='ltr'>et</span> <span class='ocrx_word' id='word_1_10' title='bbox 651 224 749 265; x_wconf 78' lang='lat' dir='ltr'>eod.</span> <span class='ocrx_word' id='word_1_11' title='bbox 778 227 905 269; x_wconf 79' lang='lat'>2976.</span> <span class='ocrx_word' id='word_1_12' title='bbox 934 223 1081 278; x_wconf 87' lang='lat' dir='ltr'>quibus</span> <span class='ocrx_word' id='word_1_13' title='bbox 1104 224 1360 266; x_wconf 88' lang='lat' dir='ltr'>eontinentur</span> <span class='ocrx_word' id='word_1_14' title='bbox 1383 225 1587 269; x_wconf 83' lang='lat' dir='ltr'>breviaria</span> 
     </span>
     <span class='ocr_line' id='line_1_3' title="bbox 51 277 1587 338; baseline 0.006 -22"><span class='ocrx_word' id='word_1_15' title='bbox 51 277 359 332; x_wconf 82' lang='lat' dir='ltr'>chronologica3</span> <span class='ocrx_word' id='word_1_16' title='bbox 389 281 489 321; x_wconf 86' lang='lat' dir='ltr'>eod.</span> <span class='ocrx_word' id='word_1_17' title='bbox 512 284 637 327; x_wconf 82' lang='lat'>3502.</span> <span class='ocrx_word' id='word_1_18' title='bbox 655 283 724 322; x_wconf 81' lang='lat' dir='ltr'>sol.</span> <span class='ocrx_word' id='word_1_19' title='bbox 745 286 783 325; x_wconf 89' lang='lat'>7.</span> <span class='ocrx_word' id='word_1_20' title='bbox 821 282 1049 322; x_wconf 86' lang='lat' dir='ltr'><strong>Dorotheus</strong></span> <span class='ocrx_word' id='word_1_21' title='bbox 1062 283 1410 324; x_wconf 87' lang='lat' dir='ltr'>Monembasiensis</span> <span class='ocrx_word' id='word_1_22' title='bbox 1428 284 1587 338; x_wconf 83' lang='lat' dir='ltr'>inSyn-</span> 
     </span>
     <span class='ocr_line' id='line_1_4' title="bbox 50 337 1586 391; baseline 0.006 -17"><span class='ocrx_word' id='word_1_23' title='bbox 50 337 142 388; x_wconf 86' lang='lat' dir='ltr'>opsi</span> <span class='ocrx_word' id='word_1_24' title='bbox 182 337 386 378; x_wconf 86' lang='lat' dir='ltr'>variarum</span> <span class='ocrx_word' id='word_1_25' title='bbox 415 338 684 380; x_wconf 82' lang='lat' dir='ltr'>Historiarum</span> <span class='ocrx_word' id='word_1_26' title='bbox 712 337 819 379; x_wconf 84' lang='lat' dir='ltr'>edita</span> <span class='ocrx_word' id='word_1_27' title='bbox 849 339 1050 391; x_wconf 88' lang='lat' dir='ltr'>Venetiis,</span> <span class='ocrx_word' id='word_1_28' title='bbox 1091 354 1155 382; x_wconf 85' lang='lat' dir='ltr'>an.</span> <span class='ocrx_word' id='word_1_29' title='bbox 1188 341 1446 384; x_wconf 86' lang='lat' dir='ltr'>MDCXXXI.</span> <span class='ocrx_word' id='word_1_30' title='bbox 1484 342 1586 383; x_wconf 84' lang='lat' dir='ltr'>Mat-</span> 
     </span>
     <span class='ocr_line' id='line_1_5' title="bbox 48 392 1582 449; baseline 0.005 -17"><span class='ocrx_word' id='word_1_31' title='bbox 48 392 191 433; x_wconf 80' lang='lat' dir='ltr'><strong>thaeus</strong></span> <span class='ocrx_word' id='word_1_32' title='bbox 228 395 364 446; x_wconf 84' lang='lat' dir='ltr'>Cigala</span> <span class='ocrx_word' id='word_1_33' title='bbox 401 396 445 435; x_wconf 92' lang='lat' dir='ltr'>in</span> <span class='ocrx_word' id='word_1_34' title='bbox 485 396 663 436; x_wconf 87' lang='lat' dir='ltr'>eiusdem</span> <span class='ocrx_word' id='word_1_35' title='bbox 705 397 932 449; x_wconf 80' lang='lat' dir='ltr'>argumenti</span> <span class='ocrx_word' id='word_1_36' title='bbox 972 397 1081 437; x_wconf 91' lang='lat' dir='ltr'>libro</span> <span class='ocrx_word' id='word_1_37' title='bbox 1121 398 1299 439; x_wconf 85' lang='lat' dir='ltr'>Venetiis</span> <span class='ocrx_word' id='word_1_38' title='bbox 1337 399 1447 439; x_wconf 88' lang='lat' dir='ltr'>edito</span> <span class='ocrx_word' id='word_1_39' title='bbox 1477 413 1582 441; x_wconf 86' lang='lat' dir='ltr'>anno</span> 
     </span>
     <span class='ocr_line' id='line_1_6' title="bbox 46 449 1582 509; baseline 0.008 -21"><span class='ocrx_word' id='word_1_40' title='bbox 46 449 367 494; x_wconf 89' lang='lat' dir='ltr'>MDCXXXVII.</span> <span class='ocrx_word' id='word_1_41' title='bbox 398 452 628 494; x_wconf 90' lang='lat' dir='ltr'>Chronicon</span> <span class='ocrx_word' id='word_1_42' title='bbox 648 454 772 494; x_wconf 88' lang='lat' dir='ltr'>breve</span> <span class='ocrx_word' id='word_1_43' title='bbox 794 455 949 494; x_wconf 86' lang='lat' dir='ltr'>editum</span> <span class='ocrx_word' id='word_1_44' title='bbox 966 468 1017 495; x_wconf 82' lang='lat' dir='ltr'>ex</span> <span class='ocrx_word' id='word_1_45' title='bbox 1037 455 1163 496; x_wconf 88' lang='lat' dir='ltr'>Codd.</span> <span class='ocrx_word' id='word_1_46' title='bbox 1190 456 1324 509; x_wconf 83' lang='lat' dir='ltr'>Regiis</span> <span class='ocrx_word' id='word_1_47' title='bbox 1342 455 1392 496; x_wconf 90' lang='lat' dir='ltr'>ab</span> <span class='ocrx_word' id='word_1_48' title='bbox 1414 457 1582 500; x_wconf 65' lang='lat' dir='ltr'>Ismaele</span> 
     </span>
     <span class='ocr_line' id='line_1_7' title="bbox 45 507 1580 566; baseline 0.007 -20"><span class='ocrx_word' id='word_1_49' title='bbox 45 507 273 558; x_wconf 83' lang='lat' dir='ltr'>Bullialdo,</span> <span class='ocrx_word' id='word_1_50' title='bbox 306 516 347 549; x_wconf 89' lang='lat' dir='ltr'>et</span> <span class='ocrx_word' id='word_1_51' title='bbox 368 509 572 550; x_wconf 82' lang='lat' dir='ltr'><strong>Historiae</strong></span> <span class='ocrx_word' id='word_1_52' title='bbox 599 510 807 551; x_wconf 69' lang='lat' dir='ltr'>Michaelis</span> <span class='ocrx_word' id='word_1_53' title='bbox 829 513 964 552; x_wconf 90' lang='lat' dir='ltr'>Ducae</span> <span class='ocrx_word' id='word_1_54' title='bbox 982 512 1254 554; x_wconf 88' lang='lat' dir='ltr'>subiunctum.</span> <span class='ocrx_word' id='word_1_55' title='bbox 1296 512 1517 566; x_wconf 78' lang='lat' dir='ltr'>Chytraeus</span> <span class='ocrx_word' id='word_1_56' title='bbox 1536 517 1580 556; x_wconf 88' lang='lat' dir='ltr'>in</span> 
     </span>
     <span class='ocr_line' id='line_1_8' title="bbox 46 564 1580 626; baseline 0.004 -23"><span class='ocrx_word' id='word_1_57' title='bbox 46 564 337 617; x_wconf 84' lang='lat' dir='ltr'>chronologia,</span> <span class='ocrx_word' id='word_1_58' title='bbox 366 568 437 606; x_wconf 89' lang='lat' dir='ltr'>ubi</span> <span class='ocrx_word' id='word_1_59' title='bbox 458 567 508 607; x_wconf 88' lang='lat' dir='ltr'>de</span> <span class='ocrx_word' id='word_1_60' title='bbox 528 568 757 622; x_wconf 87' lang='lat' dir='ltr'>Nicephoro</span> <span class='ocrx_word' id='word_1_61' title='bbox 779 569 971 619; x_wconf 85' lang='lat' dir='ltr'>Gregora.</span> <span class='ocrx_word' id='word_1_62' title='bbox 1003 571 1212 611; x_wconf 85' lang='lat' dir='ltr'>Caeterum</span> <span class='ocrx_word' id='word_1_63' title='bbox 1234 571 1484 612; x_wconf 78' lang='lat' dir='ltr'>verissimam</span> <span class='ocrx_word' id='word_1_64' title='bbox 1504 585 1580 626; x_wconf 87' lang='lat' dir='ltr'>pu-</span> 
     </span>
     <span class='ocr_line' id='line_1_9' title="bbox 44 623 1577 682; baseline 0.005 -20"><span class='ocrx_word' id='word_1_65' title='bbox 44 628 90 662; x_wconf 81' lang='lat' dir='ltr'>to</span> <span class='ocrx_word' id='word_1_66' title='bbox 119 623 376 676; x_wconf 82' lang='lat' dir='ltr'>Acropolitae</span> <span class='ocrx_word' id='word_1_67' title='bbox 414 623 738 678; x_wconf 84' lang='lat' dir='ltr'>chronologiam,</span> <span class='ocrx_word' id='word_1_68' title='bbox 769 627 840 678; x_wconf 92' lang='lat' dir='ltr'>qui</span> <span class='ocrx_word' id='word_1_69' title='bbox 871 626 1080 667; x_wconf 82' lang='lat' dir='ltr'>historiam</span> <span class='ocrx_word' id='word_1_70' title='bbox 1112 629 1277 682; x_wconf 81' lang='lat' dir='ltr'>scripsit</span> <span class='ocrx_word' id='word_1_71' title='bbox 1305 642 1352 667; x_wconf 90' lang='lat' dir='ltr'>eo</span> <span class='ocrx_word' id='word_1_72' title='bbox 1381 634 1577 682; x_wconf 85' lang='lat' dir='ltr'>tempore,</span> 
     </span>
     <span class='ocr_line' id='line_1_10' title="bbox 45 681 1578 739; baseline 0.006 -21"><span class='ocrx_word' id='word_1_73' title='bbox 45 693 127 732; x_wconf 89' lang='lat' dir='ltr'>quo</span> <span class='ocrx_word' id='word_1_74' title='bbox 155 681 303 720; x_wconf 85' lang='lat' dir='ltr'>Graeci</span> <span class='ocrx_word' id='word_1_75' title='bbox 330 681 707 735; x_wconf 83' lang='lat' dir='ltr'>Constantinopolin</span> <span class='ocrx_word' id='word_1_76' title='bbox 734 692 1038 736; x_wconf 86' lang='lat' dir='ltr'>recuperarunt.</span> <span class='ocrx_word' id='word_1_77' title='bbox 1082 686 1180 725; x_wconf 89' lang='lat' dir='ltr'>Cum</span> <span class='ocrx_word' id='word_1_78' title='bbox 1213 685 1446 739; x_wconf 83' lang='lat' dir='ltr'>Acropolita</span> <span class='ocrx_word' id='word_1_79' title='bbox 1477 700 1578 726; x_wconf 90' lang='lat' dir='ltr'>con-</span> 
     </span>
     <span class='ocr_line' id='line_1_11' title="bbox 44 737 1574 791; baseline 0.005 -16"><span class='ocrx_word' id='word_1_80' title='bbox 44 737 222 778; x_wconf 80' lang='lat' dir='ltr'>sentiunt</span> <span class='ocrx_word' id='word_1_81' title='bbox 250 738 388 777; x_wconf 82' lang='lat' dir='ltr'>Codex</span> <span class='ocrx_word' id='word_1_82' title='bbox 410 741 508 791; x_wconf 84' lang='lat' dir='ltr'>Reg.</span> <span class='ocrx_word' id='word_1_83' title='bbox 536 740 661 783; x_wconf 77' lang='lat'>2432.</span> <span class='ocrx_word' id='word_1_84' title='bbox 694 740 764 782; x_wconf 88' lang='lat' dir='ltr'>sol.</span> <span class='ocrx_word' id='word_1_85' title='bbox 795 743 862 783; x_wconf 88' lang='grc'>99.</span> <span class='ocrx_word' id='word_1_86' title='bbox 879 741 927 782; x_wconf 89' lang='lat' dir='ltr'>V.</span> <span class='ocrx_word' id='word_1_87' title='bbox 965 749 1006 782; x_wconf 90' lang='lat' dir='ltr'>et</span> <span class='ocrx_word' id='word_1_88' title='bbox 1035 743 1134 782; x_wconf 86' lang='lat' dir='ltr'>cod.</span> <span class='ocrx_word' id='word_1_89' title='bbox 1164 742 1311 786; x_wconf 78' lang='lat'>30584.</span> <span class='ocrx_word' id='word_1_90' title='bbox 1338 743 1406 781; x_wconf 86' lang='lat' dir='ltr'>sol.</span> <span class='ocrx_word' id='word_1_91' title='bbox 1430 746 1499 785; x_wconf 88' lang='lat'>69.</span> <span class='ocrx_word' id='word_1_92' title='bbox 1524 744 1574 790; x_wconf 78' lang='lat' dir='ltr'>V-,</span> 
     </span>
     <span class='ocr_line' id='line_1_12' title="bbox 42 795 1574 853; baseline 0.005 -20"><span class='ocrx_word' id='word_1_93' title='bbox 42 795 140 833; x_wconf 88' lang='lat' dir='ltr'>item</span> <span class='ocrx_word' id='word_1_94' title='bbox 167 795 475 836; x_wconf 81' lang='lat' dir='ltr'>instrumentum</span> <span class='ocrx_word' id='word_1_95' title='bbox 507 797 711 850; x_wconf 86' lang='lat' dir='ltr'>prolatum</span> <span class='ocrx_word' id='word_1_96' title='bbox 739 813 761 836; x_wconf 87' lang='lat' dir='ltr'>a</span> <span class='ocrx_word' id='word_1_97' title='bbox 784 799 986 851; x_wconf 85' lang='lat' dir='ltr'>Ducangio</span> <span class='ocrx_word' id='word_1_98' title='bbox 1009 814 1059 841; x_wconf 87' lang='lat' dir='ltr'>ex</span> <span class='ocrx_word' id='word_1_99' title='bbox 1088 799 1293 840; x_wconf 84' lang='lat' dir='ltr'>Thesauro</span> <span class='ocrx_word' id='word_1_100' title='bbox 1321 799 1574 853; x_wconf 80' lang='lat' dir='ltr'>chartarum,</span> 
     </span>
     <span class='ocr_line' id='line_1_13' title="bbox 43 852 1572 909; baseline 0.006 -18"><span class='ocrx_word' id='word_1_101' title='bbox 43 858 84 891; x_wconf 86' lang='lat' dir='ltr'>et</span> <span class='ocrx_word' id='word_1_102' title='bbox 101 852 144 891; x_wconf 91' lang='lat' dir='ltr'>in</span> <span class='ocrx_word' id='word_1_103' title='bbox 167 853 276 894; x_wconf 87' lang='lat' dir='ltr'>calce</span> <span class='ocrx_word' id='word_1_104' title='bbox 291 853 494 895; x_wconf 81' lang='lat' dir='ltr'>Historiae</span> <span class='ocrx_word' id='word_1_105' title='bbox 512 855 954 909; x_wconf 82' lang='lat' dir='ltr'>Franco-Byzantinae</span> <span class='ocrx_word' id='word_1_106' title='bbox 973 871 1064 898; x_wconf 87' lang='lat' dir='ltr'>cum</span> <span class='ocrx_word' id='word_1_107' title='bbox 1073 857 1163 898; x_wconf 84' lang='lat' dir='ltr'>aliis</span> <span class='ocrx_word' id='word_1_108' title='bbox 1181 858 1280 898; x_wconf 85' lang='lat' dir='ltr'>actis</span> <span class='ocrx_word' id='word_1_109' title='bbox 1300 857 1572 901; x_wconf 81' lang='lat' dir='ltr'>coniunctum.</span> 
     </span>
     <span class='ocr_line' id='line_1_14' title="bbox 41 922 196 950; baseline 0 -1"><span class='ocrx_word' id='word_1_110' title='bbox 41 922 196 950; x_wconf 74' lang='lat' dir='ltr'>solvm.</span> 
     </span>
    </p>

    <p class='ocr_par' dir='ltr' id='par_1_3' title="bbox 39 966 1567 1067">
     <span class='ocr_line' id='line_1_15' title="bbox 104 966 1567 1027; baseline 0.001 -15"><span class='ocrx_word' id='word_1_111' title='bbox 104 967 110 970; x_wconf 40' lang='lat'><strong>³</strong></span> <span class='ocrx_word' id='word_1_112' title='bbox 154 966 255 1021; x_wconf 77' lang='lat' dir='ltr'>Pag-</span> <span class='ocrx_word' id='word_1_113' title='bbox 286 968 364 1018; x_wconf 85' lang='lat'>85,</span> <span class='ocrx_word' id='word_1_114' title='bbox 401 967 471 1011; x_wconf 81' lang='lat'>24.</span> <span class='ocrx_word' id='word_1_115' title='bbox 534 967 587 1011; x_wconf 88' lang='grc' dir='ltr'><strong>Ἡ</strong></span> <span class='ocrx_word' id='word_1_116' title='bbox 615 973 693 1013; x_wconf 77' lang='grc' dir='ltr'>τοῦ</span> <span class='ocrx_word' id='word_1_117' title='bbox 729 967 1090 1027; x_wconf 77' lang='grc' dir='ltr'><strong>Παντοκρᾶτορος]</strong></span> <span class='ocrx_word' id='word_1_118' title='bbox 1131 970 1235 1012; x_wconf 84' lang='lat' dir='ltr'>Vide</span> <span class='ocrx_word' id='word_1_119' title='bbox 1264 970 1431 1012; x_wconf 86' lang='lat' dir='ltr'>eandem</span> <span class='ocrx_word' id='word_1_120' title='bbox 1460 971 1567 1013; x_wconf 87' lang='lat' dir='ltr'>Hist.</span> 
     </span>
     <span class='ocr_line' id='line_1_16' title="bbox 39 1026 505 1067; baseline 0.006 -4"><span class='ocrx_word' id='word_1_121' title='bbox 39 1037 80 1066; x_wconf 85' lang='lat' dir='ltr'>n.</span> <span class='ocrx_word' id='word_1_122' title='bbox 109 1026 273 1067; x_wconf 82' lang='lat' dir='ltr'>XXVu.</span> <span class='ocrx_word' id='word_1_123' title='bbox 330 1039 505 1066; x_wconf 57' lang='lat' dir='ltr'>nocuo.</span> 
     </span>
    </p>

    <p class='ocr_par' dir='ltr' id='par_1_4' title="bbox 37 1080 1569 1310">
     <span class='ocr_line' id='line_1_17' title="bbox 86 1080 1569 1140; baseline 0.003 -18"><span class='ocrx_word' id='word_1_124' title='bbox 86 1082 89 1083; x_wconf 46' lang='lat'><em>⁷</em></span> <span class='ocrx_word' id='word_1_125' title='bbox 153 1081 251 1137; x_wconf 73' lang='lat' dir='ltr'>Pag.</span> <span class='ocrx_word' id='word_1_126' title='bbox 281 1086 351 1132; x_wconf 89' lang='lat'>86,</span> <span class='ocrx_word' id='word_1_127' title='bbox 382 1087 425 1126; x_wconf 86' lang='grc'><strong>2.</strong></span> <span class='ocrx_word' id='word_1_128' title='bbox 489 1080 565 1125; x_wconf 76' lang='grc' dir='ltr'>Τὸν</span> <span class='ocrx_word' id='word_1_129' title='bbox 593 1081 638 1125; x_wconf 82' lang='grc' dir='ltr'>δὲ</span> <span class='ocrx_word' id='word_1_130' title='bbox 664 1082 688 1126; x_wconf 85' lang='grc' dir='ltr'>ὅ</span> <span class='ocrx_word' id='word_1_131' title='bbox 712 1086 787 1136; x_wconf 81' lang='grc' dir='ltr'>τῆς</span> <span class='ocrx_word' id='word_1_132' title='bbox 814 1080 995 1139; x_wconf 74' lang='grc' dir='ltr'><em>ἆόελφῆς</em></span> <span class='ocrx_word' id='word_1_133' title='bbox 1023 1080 1211 1138; x_wconf 79' lang='grc' dir='ltr'><strong><em>Ἰολὲντης</em></strong></span> <span class='ocrx_word' id='word_1_134' title='bbox 1236 1087 1396 1140; x_wconf 76' lang='grc' dir='ltr'><strong><em>πρῶτος</em></strong></span> <span class='ocrx_word' id='word_1_135' title='bbox 1418 1081 1510 1133; x_wconf 82' lang='grc' dir='ltr'>υῖὸς</span> <span class='ocrx_word' id='word_1_136' title='bbox 1542 1084 1569 1127; x_wconf 76' lang='grc' dir='ltr'><em>ὅ</em></span> 
     </span>
     <span class='ocr_line' id='line_1_18' title="bbox 37 1136 1567 1195; baseline 0.001 -16"><span class='ocrx_word' id='word_1_137' title='bbox 37 1136 302 1194; x_wconf 78' lang='grc' dir='ltr'><strong>Ῥόμπερτος]</strong></span> <span class='ocrx_word' id='word_1_138' title='bbox 346 1140 541 1192; x_wconf 83' lang='lat' dir='ltr'>Georgius</span> <span class='ocrx_word' id='word_1_139' title='bbox 571 1142 807 1195; x_wconf 86' lang='lat' dir='ltr'>Acropolita</span> <span class='ocrx_word' id='word_1_140' title='bbox 836 1143 999 1182; x_wconf 89' lang='lat' dir='ltr'>Petrum</span> <span class='ocrx_word' id='word_1_141' title='bbox 1027 1142 1252 1193; x_wconf 87' lang='lat' dir='ltr'>interserit,</span> <span class='ocrx_word' id='word_1_142' title='bbox 1283 1142 1447 1181; x_wconf 85' lang='lat' dir='ltr'>Henrici</span> <span class='ocrx_word' id='word_1_143' title='bbox 1469 1155 1567 1180; x_wconf 90' lang='lat' dir='ltr'>suc-</span> 
     </span>
     <span class='ocr_line' id='line_1_19' title="bbox 38 1197 1566 1253; baseline 0.001 -16"><span class='ocrx_word' id='word_1_144' title='bbox 38 1211 253 1238; x_wconf 83' lang='lat' dir='ltr'>cessorem.</span> <span class='ocrx_word' id='word_1_145' title='bbox 312 1197 495 1238; x_wconf 86' lang='lat' dir='ltr'>Omissus</span> <span class='ocrx_word' id='word_1_146' title='bbox 517 1205 725 1252; x_wconf 87' lang='lat' dir='ltr'>praeterea</span> <span class='ocrx_word' id='word_1_147' title='bbox 745 1213 767 1238; x_wconf 89' lang='lat' dir='ltr'>a</span> <span class='ocrx_word' id='word_1_148' title='bbox 791 1200 969 1252; x_wconf 87' lang='lat' dir='ltr'>Gregora</span> <span class='ocrx_word' id='word_1_149' title='bbox 990 1200 1171 1249; x_wconf 89' lang='lat' dir='ltr'>Ioannes,</span> <span class='ocrx_word' id='word_1_150' title='bbox 1202 1200 1272 1252; x_wconf 92' lang='lat' dir='ltr'>qui</span> <span class='ocrx_word' id='word_1_151' title='bbox 1296 1206 1391 1253; x_wconf 88' lang='lat' dir='ltr'>post</span> <span class='ocrx_word' id='word_1_152' title='bbox 1412 1199 1566 1239; x_wconf 86' lang='lat' dir='ltr'>Rober-</span> 
     </span>
     <span class='ocr_line' id='line_1_20' title="bbox 41 1255 1477 1310; baseline 0.001 -15"><span class='ocrx_word' id='word_1_153' title='bbox 41 1261 129 1295; x_wconf 84' lang='lat' dir='ltr'>tum</span> <span class='ocrx_word' id='word_1_154' title='bbox 158 1256 380 1308; x_wconf 85' lang='lat' dir='ltr'>imperator</span> <span class='ocrx_word' id='word_1_155' title='bbox 400 1255 491 1295; x_wconf 87' lang='lat' dir='ltr'>suit.</span> <span class='ocrx_word' id='word_1_156' title='bbox 549 1256 650 1296; x_wconf 90' lang='lat' dir='ltr'>Vide</span> <span class='ocrx_word' id='word_1_157' title='bbox 665 1257 882 1296; x_wconf 86' lang='lat' dir='ltr'>Historiam</span> <span class='ocrx_word' id='word_1_158' title='bbox 902 1257 1266 1310; x_wconf 83' lang='lat' dir='ltr'>Franco-Byzant.</span> <span class='ocrx_word' id='word_1_159' title='bbox 1322 1269 1477 1296; x_wconf 75' lang='lat' dir='ltr'>notvm.</span> 
     </span>
    </p>

    <p class='ocr_par' dir='ltr' id='par_1_5' title="bbox 31 1310 1562 1654">
     <span class='ocr_line' id='line_1_21' title="bbox 147 1310 1562 1368; baseline -0.001 -15"><span class='ocrx_word' id='word_1_160' title='bbox 147 1311 246 1367; x_wconf 78' lang='lat' dir='ltr'>Pag.</span> <span class='ocrx_word' id='word_1_161' title='bbox 276 1316 345 1363; x_wconf 88' lang='lat'>86,</span> <span class='ocrx_word' id='word_1_162' title='bbox 376 1316 444 1356; x_wconf 90' lang='lat'>11.</span> <span class='ocrx_word' id='word_1_163' title='bbox 502 1314 587 1355; x_wconf 88' lang='grc' dir='ltr'>Καὶ</span> <span class='ocrx_word' id='word_1_164' title='bbox 630 1310 814 1366; x_wconf 82' lang='grc' dir='ltr'><em>σύμβολα</em></span> <span class='ocrx_word' id='word_1_165' title='bbox 850 1314 1081 1368; x_wconf 85' lang='grc' dir='ltr'><strong><em>βασιλείας]</em></strong></span> <span class='ocrx_word' id='word_1_166' title='bbox 1140 1314 1254 1363; x_wconf 85' lang='lat' dir='ltr'>Quae</span> <span class='ocrx_word' id='word_1_167' title='bbox 1290 1313 1361 1353; x_wconf 86' lang='lat' dir='ltr'>illa</span> <span class='ocrx_word' id='word_1_168' title='bbox 1399 1314 1562 1363; x_wconf 83' lang='lat' dir='ltr'>fuerint,</span> 
     </span>
     <span class='ocr_line' id='line_1_22' title="bbox 34 1370 1562 1423; baseline -0.001 -14"><span class='ocrx_word' id='word_1_169' title='bbox 34 1376 173 1410; x_wconf 87' lang='lat' dir='ltr'>narrat</span> <span class='ocrx_word' id='word_1_170' title='bbox 204 1370 437 1423; x_wconf 80' lang='lat' dir='ltr'>Acropolita</span> <span class='ocrx_word' id='word_1_171' title='bbox 465 1384 550 1422; x_wconf 92' lang='lat' dir='ltr'>cap.</span> <span class='ocrx_word' id='word_1_172' title='bbox 586 1370 827 1411; x_wconf 85' lang='lat' dir='ltr'>LXXXVII.</span> <span class='ocrx_word' id='word_1_173' title='bbox 885 1372 968 1411; x_wconf 88' lang='lat' dir='ltr'>Nos</span> <span class='ocrx_word' id='word_1_174' title='bbox 992 1372 1109 1411; x_wconf 86' lang='lat' dir='ltr'>etiam</span> <span class='ocrx_word' id='word_1_175' title='bbox 1143 1385 1195 1410; x_wconf 82' lang='lat' dir='ltr'>ex</span> <span class='ocrx_word' id='word_1_176' title='bbox 1227 1371 1298 1410; x_wconf 90' lang='lat' dir='ltr'>illo</span> <span class='ocrx_word' id='word_1_177' title='bbox 1333 1378 1374 1411; x_wconf 89' lang='lat' dir='ltr'>et</span> <span class='ocrx_word' id='word_1_178' title='bbox 1403 1370 1491 1409; x_wconf 89' lang='lat' dir='ltr'>aliis</span> <span class='ocrx_word' id='word_1_179' title='bbox 1519 1371 1562 1409; x_wconf 88' lang='lat' dir='ltr'>in</span> 
     </span>
     <span class='ocr_line' id='line_1_23' title="bbox 36 1426 1559 1481; baseline 0.002 -15"><span class='ocrx_word' id='word_1_180' title='bbox 36 1427 176 1466; x_wconf 87' lang='lat' dir='ltr'>eadem</span> <span class='ocrx_word' id='word_1_181' title='bbox 202 1426 303 1466; x_wconf 90' lang='lat' dir='ltr'>Hist.</span> <span class='ocrx_word' id='word_1_182' title='bbox 332 1441 373 1466; x_wconf 89' lang='lat' dir='ltr'>n.</span> <span class='ocrx_word' id='word_1_183' title='bbox 404 1427 591 1468; x_wconf 85' lang='lat' dir='ltr'>XXVIII.</span> <span class='ocrx_word' id='word_1_184' title='bbox 616 1434 656 1467; x_wconf 89' lang='lat' dir='ltr'>et</span> <span class='ocrx_word' id='word_1_185' title='bbox 686 1429 797 1467; x_wconf 86' lang='lat' dir='ltr'><strong>XIX.</strong></span> <span class='ocrx_word' id='word_1_186' title='bbox 853 1427 1088 1481; x_wconf 87' lang='lat' dir='ltr'>Pachymer.</span> <span class='ocrx_word' id='word_1_187' title='bbox 1113 1428 1183 1469; x_wconf 89' lang='lat' dir='ltr'>lib.</span> <span class='ocrx_word' id='word_1_188' title='bbox 1204 1428 1255 1468; x_wconf 88' lang='lat' dir='ltr'>II.</span> <span class='ocrx_word' id='word_1_189' title='bbox 1283 1441 1370 1480; x_wconf 87' lang='lat' dir='ltr'>cap.</span> <span class='ocrx_word' id='word_1_190' title='bbox 1394 1427 1559 1469; x_wconf 89' lang='lat' dir='ltr'>XXVII.</span> 
     </span>
     <span class='ocr_line' id='line_1_24' title="bbox 33 1484 1558 1539; baseline -0.001 -16"><span class='ocrx_word' id='word_1_191' title='bbox 33 1491 140 1524; x_wconf 85' lang='lat' dir='ltr'>extr.</span> <span class='ocrx_word' id='word_1_192' title='bbox 161 1485 301 1523; x_wconf 83' lang='lat' dir='ltr'>scribit</span> <span class='ocrx_word' id='word_1_193' title='bbox 328 1485 371 1523; x_wconf 89' lang='lat' dir='ltr'>in</span> <span class='ocrx_word' id='word_1_194' title='bbox 391 1491 666 1535; x_wconf 81' lang='lat' dir='ltr'>argumentum</span> <span class='ocrx_word' id='word_1_195' title='bbox 687 1492 827 1539; x_wconf 88' lang='lat' dir='ltr'>captae</span> <span class='ocrx_word' id='word_1_196' title='bbox 850 1485 961 1524; x_wconf 86' lang='lat' dir='ltr'>urbis</span> <span class='ocrx_word' id='word_1_197' title='bbox 981 1486 1140 1525; x_wconf 90' lang='lat' dir='ltr'>allatam</span> <span class='ocrx_word' id='word_1_198' title='bbox 1163 1484 1348 1524; x_wconf 71' lang='lat' dir='ltr'>Michaeli</span> <span class='ocrx_word' id='word_1_199' title='bbox 1374 1486 1558 1523; x_wconf 87' lang='lat' dir='ltr'>sarissam</span> 
     </span>
     <span class='ocr_line' id='line_1_25' title="bbox 31 1539 1556 1597; baseline 0.002 -17"><span class='ocrx_word' id='word_1_200' title='bbox 31 1541 219 1580; x_wconf 88' lang='lat' dir='ltr'>Balduini</span> <span class='ocrx_word' id='word_1_201' title='bbox 249 1554 515 1594; x_wconf 82' lang='lat' dir='ltr'>purpuream:</span> <span class='ocrx_word' id='word_1_202' title='bbox 546 1545 712 1594; x_wconf 81' lang='grc' dir='ltr'><strong><em>σημεῖον</em></strong></span> <span class='ocrx_word' id='word_1_203' title='bbox 738 1541 784 1583; x_wconf 80' lang='grc' dir='ltr'>δὲ</span> <span class='ocrx_word' id='word_1_204' title='bbox 813 1539 1008 1595; x_wconf 66' lang='grc' dir='ltr'><strong><em>ἀληθείας</em></strong></span> <span class='ocrx_word' id='word_1_205' title='bbox 1033 1545 1117 1584; x_wconf 74' lang='grc' dir='ltr'>τῶν</span> <span class='ocrx_word' id='word_1_206' title='bbox 1138 1541 1361 1597; x_wconf 79' lang='grc' dir='ltr'><em>λεγομένων</em></span> <span class='ocrx_word' id='word_1_207' title='bbox 1388 1541 1556 1590; x_wconf 79' lang='grc' dir='ltr'><strong><em>ἐκείνοις</em></strong></span> 
     </span>
     <span class='ocr_line' id='line_1_26' title="bbox 31 1592 1074 1654; baseline 0.001 -15"><span class='ocrx_word' id='word_1_208' title='bbox 31 1592 87 1652; x_wconf 78' lang='grc' dir='ltr'>ἦν</span> <span class='ocrx_word' id='word_1_209' title='bbox 106 1598 372 1653; x_wconf 76' lang='grc' dir='ltr'><strong><em>κοκκοβαφής</em></strong></span> <span class='ocrx_word' id='word_1_210' title='bbox 396 1594 566 1654; x_wconf 78' lang='grc' dir='ltr'><em>σάρισσα</em></span> <span class='ocrx_word' id='word_1_211' title='bbox 586 1598 838 1652; x_wconf 82' lang='grc' dir='ltr'><strong>δεικνυμένη.</strong></span> <span class='ocrx_word' id='word_1_212' title='bbox 894 1612 1074 1640; x_wconf 70' lang='grc' dir='ltr'><strong>ΒΰοΛΝο.</strong></span> 
     </span>
    </p>

    <p class='ocr_par' dir='ltr' id='par_1_6' title="bbox 144 1652 1554 1710">
     <span class='ocr_line' id='line_1_27' title="bbox 144 1652 1554 1710; baseline 0 -15"><span class='ocrx_word' id='word_1_213' title='bbox 144 1654 248 1710; x_wconf 78' lang='lat' dir='ltr'>Pag.</span> <span class='ocrx_word' id='word_1_214' title='bbox 278 1659 348 1707; x_wconf 87' lang='lat'>86,</span> <span class='ocrx_word' id='word_1_215' title='bbox 378 1659 443 1698; x_wconf 82' lang='lat'>13.</span> <span class='ocrx_word' id='word_1_216' title='bbox 497 1654 657 1696; x_wconf 81' lang='grc' dir='ltr'><em>Ῥέουσα</em></span> <span class='ocrx_word' id='word_1_217' title='bbox 685 1652 723 1697; x_wconf 78' lang='grc' dir='ltr'>δ’</span> <span class='ocrx_word' id='word_1_218' title='bbox 742 1655 772 1708; x_wconf 74' lang='grc' dir='ltr'><em>ἦ</em></span> <span class='ocrx_word' id='word_1_219' title='bbox 792 1652 939 1709; x_wconf 80' lang='grc' dir='ltr'><strong><em>φήμη]</em></strong></span> <span class='ocrx_word' id='word_1_220' title='bbox 971 1656 1202 1710; x_wconf 86' lang='lat' dir='ltr'>Pachymer.</span> <span class='ocrx_word' id='word_1_221' title='bbox 1221 1654 1319 1695; x_wconf 86' lang='lat' dir='ltr'>ibid.</span> <span class='ocrx_word' id='word_1_222' title='bbox 1378 1668 1554 1695; x_wconf 70' lang='lat' dir='ltr'>nummo.</span> 
     </span>
    </p>

    <p class='ocr_par' dir='ltr' id='par_1_7' title="bbox 25 1709 1550 2109">
     <span class='ocr_line' id='line_1_28' title="bbox 144 1709 1550 1767; baseline -0.002 -14"><span class='ocrx_word' id='word_1_223' title='bbox 144 1711 247 1766; x_wconf 79' lang='lat' dir='ltr'>Pag.</span> <span class='ocrx_word' id='word_1_224' title='bbox 278 1717 350 1760; x_wconf 87' lang='lat'>86,</span> <span class='ocrx_word' id='word_1_225' title='bbox 384 1716 450 1756; x_wconf 93' lang='lat'>19.</span> <span class='ocrx_word' id='word_1_226' title='bbox 508 1709 634 1753; x_wconf 72' lang='grc' dir='ltr'>Εὗθΰ</span> <span class='ocrx_word' id='word_1_227' title='bbox 652 1716 725 1767; x_wconf 81' lang='grc' dir='ltr'>τῆς</span> <span class='ocrx_word' id='word_1_228' title='bbox 739 1709 927 1767; x_wconf 80' lang='grc' dir='ltr'><strong><em>Ἰταλίας]</em></strong></span> <span class='ocrx_word' id='word_1_229' title='bbox 958 1713 1043 1753; x_wconf 89' lang='lat' dir='ltr'>Imo</span> <span class='ocrx_word' id='word_1_230' title='bbox 1065 1721 1175 1753; x_wconf 87' lang='lat' dir='ltr'>recta</span> <span class='ocrx_word' id='word_1_231' title='bbox 1202 1714 1244 1753; x_wconf 89' lang='lat' dir='ltr'>in</span> <span class='ocrx_word' id='word_1_232' title='bbox 1263 1712 1464 1754; x_wconf 87' lang='lat' dir='ltr'>Euboeam</span> <span class='ocrx_word' id='word_1_233' title='bbox 1484 1713 1550 1750; x_wconf 87' lang='lat' dir='ltr'>in-</span> 
     </span>
     <span class='ocr_line' id='line_1_29' title="bbox 29 1770 1550 1822; baseline -0.001 -13"><span class='ocrx_word' id='word_1_234' title='bbox 29 1770 160 1809; x_wconf 88' lang='lat' dir='ltr'>sulam</span> <span class='ocrx_word' id='word_1_235' title='bbox 195 1770 403 1810; x_wconf 86' lang='lat' dir='ltr'>contendit</span> <span class='ocrx_word' id='word_1_236' title='bbox 437 1770 681 1819; x_wconf 81' lang='lat' dir='ltr'>Balduinus,</span> <span class='ocrx_word' id='word_1_237' title='bbox 719 1784 812 1809; x_wconf 88' lang='lat' dir='ltr'>cum</span> <span class='ocrx_word' id='word_1_238' title='bbox 845 1770 981 1809; x_wconf 89' lang='lat' dir='ltr'>Marco</span> <span class='ocrx_word' id='word_1_239' title='bbox 1020 1771 1268 1822; x_wconf 88' lang='lat' dir='ltr'>Gradenigo,</span> <span class='ocrx_word' id='word_1_240' title='bbox 1309 1770 1550 1808; x_wconf 89' lang='lat' dir='ltr'>Pantaleone</span> 
     </span>
     <span class='ocr_line' id='line_1_30' title="bbox 28 1826 1548 1881; baseline -0.001 -15"><span class='ocrx_word' id='word_1_241' title='bbox 28 1827 249 1867; x_wconf 76' lang='lat' dir='ltr'>Iustiniano</span> <span class='ocrx_word' id='word_1_242' title='bbox 293 1826 524 1880; x_wconf 85' lang='lat' dir='ltr'>patriarcha</span> <span class='ocrx_word' id='word_1_243' title='bbox 566 1827 1029 1880; x_wconf 85' lang='lat' dir='ltr'>Constantinopolitano,</span> <span class='ocrx_word' id='word_1_244' title='bbox 1071 1835 1111 1868; x_wconf 90' lang='lat' dir='ltr'>et</span> <span class='ocrx_word' id='word_1_245' title='bbox 1141 1826 1419 1881; x_wconf 85' lang='lat' dir='ltr'>compluribus</span> <span class='ocrx_word' id='word_1_246' title='bbox 1446 1826 1548 1875; x_wconf 90' lang='lat' dir='ltr'>aliis,</span> 
     </span>
     <span class='ocr_line' id='line_1_31' title="bbox 30 1883 1545 1938; baseline -0.002 -14"><span class='ocrx_word' id='word_1_247' title='bbox 30 1897 204 1937; x_wconf 82' lang='lat' dir='ltr'>quorum</span> <span class='ocrx_word' id='word_1_248' title='bbox 231 1885 437 1938; x_wconf 89' lang='lat' dir='ltr'>plerique,</span> <span class='ocrx_word' id='word_1_249' title='bbox 467 1891 678 1937; x_wconf 83' lang='lat' dir='ltr'>antequam</span> <span class='ocrx_word' id='word_1_250' title='bbox 707 1885 879 1924; x_wconf 89' lang='lat' dir='ltr'>insulam</span> <span class='ocrx_word' id='word_1_251' title='bbox 903 1885 1164 1936; x_wconf 87' lang='lat' dir='ltr'>attingerent,</span> <span class='ocrx_word' id='word_1_252' title='bbox 1195 1886 1298 1924; x_wconf 83' lang='lat' dir='ltr'>fame</span> <span class='ocrx_word' id='word_1_253' title='bbox 1327 1883 1545 1936; x_wconf 87' lang='lat' dir='ltr'>perierunt,</span> 
     </span>
     <span class='ocr_line' id='line_1_32' title="bbox 26 1940 1543 1982; baseline 0 -2"><span class='ocrx_word' id='word_1_254' title='bbox 26 1948 76 1981; x_wconf 85' lang='lat' dir='ltr'>ut</span> <span class='ocrx_word' id='word_1_255' title='bbox 98 1948 235 1982; x_wconf 83' lang='lat' dir='ltr'>narrat</span> <span class='ocrx_word' id='word_1_256' title='bbox 267 1941 486 1981; x_wconf 88' lang='lat' dir='ltr'>Monachus</span> <span class='ocrx_word' id='word_1_257' title='bbox 510 1943 738 1982; x_wconf 88' lang='lat' dir='ltr'>Paduanus.</span> <span class='ocrx_word' id='word_1_258' title='bbox 794 1941 1016 1981; x_wconf 88' lang='lat' dir='ltr'>Balduinus</span> <span class='ocrx_word' id='word_1_259' title='bbox 1042 1957 1138 1982; x_wconf 85' lang='lat' dir='ltr'>vero</span> <span class='ocrx_word' id='word_1_260' title='bbox 1167 1949 1206 1981; x_wconf 90' lang='lat' dir='ltr'>et</span> <span class='ocrx_word' id='word_1_261' title='bbox 1228 1941 1374 1980; x_wconf 85' lang='lat' dir='ltr'>caeteri</span> <span class='ocrx_word' id='word_1_262' title='bbox 1395 1940 1444 1978; x_wconf 89' lang='lat' dir='ltr'>ab</span> <span class='ocrx_word' id='word_1_263' title='bbox 1463 1941 1543 1980; x_wconf 89' lang='lat' dir='ltr'>Eu-</span> 
     </span>
     <span class='ocr_line' id='line_1_33' title="bbox 25 1996 1543 2053; baseline -0.001 -16"><span class='ocrx_word' id='word_1_264' title='bbox 25 1998 152 2038; x_wconf 88' lang='lat' dir='ltr'>boeae</span> <span class='ocrx_word' id='word_1_265' title='bbox 180 2000 431 2052; x_wconf 88' lang='lat' dir='ltr'>principibus</span> <span class='ocrx_word' id='word_1_266' title='bbox 461 2005 501 2039; x_wconf 88' lang='lat' dir='ltr'>et</span> <span class='ocrx_word' id='word_1_267' title='bbox 526 2013 548 2038; x_wconf 93' lang='lat' dir='ltr'>a</span> <span class='ocrx_word' id='word_1_268' title='bbox 582 1999 798 2039; x_wconf 84' lang='lat' dir='ltr'>Laurentio</span> <span class='ocrx_word' id='word_1_269' title='bbox 825 1999 992 2053; x_wconf 86' lang='lat' dir='ltr'>Tiepolo</span> <span class='ocrx_word' id='word_1_270' title='bbox 1027 2000 1273 2042; x_wconf 85' lang='lat' dir='ltr'>Venetorum</span> <span class='ocrx_word' id='word_1_271' title='bbox 1294 1997 1437 2038; x_wconf 88' lang='lat' dir='ltr'>Baiulo</span> <span class='ocrx_word' id='word_1_272' title='bbox 1465 1996 1543 2036; x_wconf 85' lang='lat' dir='ltr'>hu-</span> 
     </span>
     <span class='ocr_line' id='line_1_34' title="bbox 26 2057 737 2109; baseline -0.001 -13"><span class='ocrx_word' id='word_1_273' title='bbox 26 2057 198 2096; x_wconf 88' lang='lat' dir='ltr'>maniter</span> <span class='ocrx_word' id='word_1_274' title='bbox 214 2057 375 2109; x_wconf 84' lang='lat' dir='ltr'>excepti</span> <span class='ocrx_word' id='word_1_275' title='bbox 395 2063 504 2097; x_wconf 88' lang='lat' dir='ltr'>sunt.</span> <span class='ocrx_word' id='word_1_276' title='bbox 560 2070 737 2096; x_wconf 74' lang='lat' dir='ltr'>DUGANG.</span> 
     </span>
    </p>

    <p class='ocr_par' dir='ltr' id='par_1_8' title="bbox 19 2108 1541 2683">
     <span class='ocr_line' id='line_1_35' title="bbox 139 2108 1540 2171; baseline -0.001 -18"><span class='ocrx_word' id='word_1_277' title='bbox 139 2112 243 2167; x_wconf 79' lang='lat' dir='ltr'>Pag.</span> <span class='ocrx_word' id='word_1_278' title='bbox 272 2117 343 2163; x_wconf 88' lang='lat'>87,</span> <span class='ocrx_word' id='word_1_279' title='bbox 376 2115 442 2156; x_wconf 86' lang='lat'>13.</span> <span class='ocrx_word' id='word_1_280' title='bbox 503 2116 569 2169; x_wconf 75' lang='grc' dir='ltr'>Τῷ</span> <span class='ocrx_word' id='word_1_281' title='bbox 584 2114 663 2168; x_wconf 78' lang='grc' dir='ltr'>υἱῷ</span> <span class='ocrx_word' id='word_1_282' title='bbox 685 2110 924 2171; x_wconf 75' lang='grc' dir='ltr'><strong><em>Ἀνδρονίκῳ</em></strong></span> <span class='ocrx_word' id='word_1_283' title='bbox 951 2117 1009 2168; x_wconf 78' lang='grc' dir='ltr'>τῷ</span> <span class='ocrx_word' id='word_1_284' title='bbox 1031 2113 1110 2170; x_wconf 79' lang='grc' dir='ltr'>νέῳ</span> <span class='ocrx_word' id='word_1_285' title='bbox 1137 2114 1313 2168; x_wconf 82' lang='grc' dir='ltr'><strong><em>βασιλεῖ,</em></strong></span> <span class='ocrx_word' id='word_1_286' title='bbox 1350 2108 1540 2166; x_wconf 75' lang='grc' dir='ltr'><strong><em>δεύτερον</em></strong></span> 
     </span>
     <span class='ocr_line' id='line_1_36' title="bbox 25 2168 1541 2226; baseline -0.005 -14"><span class='ocrx_word' id='word_1_287' title='bbox 25 2170 114 2220; x_wconf 70' lang='grc' dir='ltr'>ἔτος</span> <span class='ocrx_word' id='word_1_288' title='bbox 130 2168 269 2226; x_wconf 67' lang='grc' dir='ltr'><em>ἄγοντι</em></span> <span class='ocrx_word' id='word_1_289' title='bbox 283 2173 359 2224; x_wconf 83' lang='grc' dir='ltr'>τῆς</span> <span class='ocrx_word' id='word_1_290' title='bbox 376 2169 560 2224; x_wconf 76' lang='grc' dir='ltr'><strong><em>ἡλικίας]</em></strong></span> <span class='ocrx_word' id='word_1_291' title='bbox 590 2171 694 2210; x_wconf 90' lang='lat' dir='ltr'>Hinc</span> <span class='ocrx_word' id='word_1_292' title='bbox 716 2171 919 2223; x_wconf 84' lang='lat' dir='ltr'>colligitur</span> <span class='ocrx_word' id='word_1_293' title='bbox 935 2171 1210 2212; x_wconf 86' lang='lat' dir='ltr'>Andronicum</span> <span class='ocrx_word' id='word_1_294' title='bbox 1229 2171 1427 2210; x_wconf 88' lang='lat' dir='ltr'>seniorem</span> <span class='ocrx_word' id='word_1_295' title='bbox 1450 2168 1541 2221; x_wconf 86' lang='lat' dir='ltr'>(qui</span> 
     </span>
     <span class='ocr_line' id='line_1_37' title="bbox 23 2226 1534 2280; baseline -0.003 -13"><span class='ocrx_word' id='word_1_296' title='bbox 23 2227 105 2267; x_wconf 85' lang='lat' dir='ltr'>hoc</span> <span class='ocrx_word' id='word_1_297' title='bbox 127 2229 221 2268; x_wconf 90' lang='lat' dir='ltr'>loco</span> <span class='ocrx_word' id='word_1_298' title='bbox 246 2227 336 2276; x_wconf 84' lang='grc' dir='ltr'><strong><em>νέος</em></strong></span> <span class='ocrx_word' id='word_1_299' title='bbox 365 2233 558 2280; x_wconf 84' lang='lat' dir='ltr'>vocatur)</span> <span class='ocrx_word' id='word_1_300' title='bbox 597 2242 679 2267; x_wconf 87' lang='lat' dir='ltr'>non</span> <span class='ocrx_word' id='word_1_301' title='bbox 702 2228 852 2269; x_wconf 82' lang='lat' dir='ltr'>vixisse</span> <span class='ocrx_word' id='word_1_302' title='bbox 881 2243 1004 2269; x_wconf 87' lang='lat' dir='ltr'>annos</span> <span class='ocrx_word' id='word_1_303' title='bbox 1027 2228 1206 2269; x_wconf 80' lang='lat' dir='ltr'>LXXIV.</span> <span class='ocrx_word' id='word_1_304' title='bbox 1219 2226 1258 2280; x_wconf 83' lang='lat'>*)</span> <span class='ocrx_word' id='word_1_305' title='bbox 1288 2227 1359 2267; x_wconf 89' lang='lat' dir='ltr'>sed</span> <span class='ocrx_word' id='word_1_306' title='bbox 1381 2231 1534 2266; x_wconf 83' lang='lat' dir='ltr'>tantum</span> 
     </span>
     <span class='ocr_line' id='line_1_38' title="bbox 23 2285 1539 2339; baseline -0.002 -16"><span class='ocrx_word' id='word_1_307' title='bbox 23 2285 206 2326; x_wconf 84' lang='lat' dir='ltr'>LXXIII.</span> <span class='ocrx_word' id='word_1_308' title='bbox 238 2285 316 2324; x_wconf 88' lang='lat' dir='ltr'>nisi</span> <span class='ocrx_word' id='word_1_309' title='bbox 344 2286 543 2336; x_wconf 85' lang='lat' dir='ltr'>Gregoras</span> <span class='ocrx_word' id='word_1_310' title='bbox 571 2286 872 2339; x_wconf 79' lang='lat' dir='ltr'>constantinop.</span> <span class='ocrx_word' id='word_1_311' title='bbox 889 2301 912 2326; x_wconf 86' lang='lat' dir='ltr'>a</span> <span class='ocrx_word' id='word_1_312' title='bbox 932 2287 1095 2326; x_wconf 88' lang='lat' dir='ltr'>Graecis</span> <span class='ocrx_word' id='word_1_313' title='bbox 1119 2291 1394 2338; x_wconf 87' lang='lat' dir='ltr'>recuperatam</span> <span class='ocrx_word' id='word_1_314' title='bbox 1413 2287 1539 2335; x_wconf 85' lang='lat' dir='ltr'>ponat</span> 
     </span>
     <span class='ocr_line' id='line_1_39' title="bbox 24 2342 1538 2385; baseline -0.004 -4"><span class='ocrx_word' id='word_1_315' title='bbox 24 2356 87 2381; x_wconf 88' lang='lat' dir='ltr'>an.</span> <span class='ocrx_word' id='word_1_316' title='bbox 116 2343 257 2382; x_wconf 84' lang='lat' dir='ltr'>Mundi</span> <span class='ocrx_word' id='word_1_317' title='bbox 275 2342 339 2384; x_wconf 92' lang='lat' dir='ltr'>VI.</span> <span class='ocrx_word' id='word_1_318' title='bbox 358 2343 683 2382; x_wconf 87' lang='lat' dir='ltr'>-MDCCLXVIIL</span> <span class='ocrx_word' id='word_1_319' title='bbox 722 2343 822 2382; x_wconf 85' lang='lat' dir='ltr'>Nam</span> <span class='ocrx_word' id='word_1_320' title='bbox 843 2343 892 2383; x_wconf 85' lang='lat' dir='ltr'>ab</span> <span class='ocrx_word' id='word_1_321' title='bbox 911 2357 973 2385; x_wconf 90' lang='lat' dir='ltr'>an.</span> <span class='ocrx_word' id='word_1_322' title='bbox 995 2344 1063 2384; x_wconf 89' lang='lat' dir='ltr'>VI.</span> <span class='ocrx_word' id='word_1_323' title='bbox 1087 2342 1366 2383; x_wconf 79' lang='lat' dir='ltr'>MDCCLXIX.</span> <span class='ocrx_word' id='word_1_324' title='bbox 1393 2351 1538 2377; x_wconf 84' lang='lat' dir='ltr'>exeun-</span> 
     </span>
     <span class='ocr_line' id='line_1_40' title="bbox 20 2395 1530 2454; baseline -0.003 -16"><span class='ocrx_word' id='word_1_325' title='bbox 20 2405 77 2448; x_wconf 78' lang='lat' dir='ltr'>te,</span> <span class='ocrx_word' id='word_1_326' title='bbox 108 2413 189 2452; x_wconf 87' lang='lat' dir='ltr'>quo</span> <span class='ocrx_word' id='word_1_327' title='bbox 203 2406 478 2452; x_wconf 89' lang='lat' dir='ltr'>recuperatam</span> <span class='ocrx_word' id='word_1_328' title='bbox 496 2401 643 2441; x_wconf 87' lang='lat' dir='ltr'>Urbem</span> <span class='ocrx_word' id='word_1_329' title='bbox 652 2401 768 2453; x_wconf 89' lang='lat' dir='ltr'>ponit</span> <span class='ocrx_word' id='word_1_330' title='bbox 776 2400 1023 2454; x_wconf 80' lang='lat' dir='ltr'>Acropolita,</span> <span class='ocrx_word' id='word_1_331' title='bbox 1052 2400 1103 2441; x_wconf 90' lang='lat' dir='ltr'>ad</span> <span class='ocrx_word' id='word_1_332' title='bbox 1121 2399 1258 2440; x_wconf 86' lang='lat' dir='ltr'>an.VI.</span> <span class='ocrx_word' id='word_1_333' title='bbox 1273 2395 1530 2437; x_wconf 84' lang='lat' dir='ltr'>MDCCCXL.</span> 
     </span>
     <span class='ocr_line' id='line_1_41' title="bbox 21 2456 1537 2510; baseline -0.004 -15"><span class='ocrx_word' id='word_1_334' title='bbox 21 2456 249 2504; x_wconf 86' lang='lat' dir='ltr'>ineuntem,</span> <span class='ocrx_word' id='word_1_335' title='bbox 279 2471 359 2510; x_wconf 85' lang='lat' dir='ltr'>quo</span> <span class='ocrx_word' id='word_1_336' title='bbox 388 2457 663 2497; x_wconf 79' lang='lat' dir='ltr'>Andronicum</span> <span class='ocrx_word' id='word_1_337' title='bbox 683 2458 1030 2510; x_wconf 69' lang='lat' dir='ltr'>constat&#39;obiisse‚</span> <span class='ocrx_word' id='word_1_338' title='bbox 1061 2457 1155 2497; x_wconf 89' lang='lat' dir='ltr'>anni</span> <span class='ocrx_word' id='word_1_339' title='bbox 1174 2459 1433 2495; x_wconf 87' lang='lat' dir='ltr'>numerantur</span> <span class='ocrx_word' id='word_1_340' title='bbox 1454 2456 1537 2490; x_wconf 79' lang='lat' dir='ltr'>non</span> 
     </span>
     <span class='ocr_line' id='line_1_42' title="bbox 20 2508 1533 2568; baseline -0.004 -16"><span class='ocrx_word' id='word_1_341' title='bbox 20 2514 98 2553; x_wconf 87' lang='lat' dir='ltr'>toti</span> <span class='ocrx_word' id='word_1_342' title='bbox 124 2514 266 2554; x_wconf 86' lang='lat' dir='ltr'>LXXI.</span> <span class='ocrx_word' id='word_1_343' title='bbox 299 2514 443 2566; x_wconf 86' lang='lat' dir='ltr'>quibus</span> <span class='ocrx_word' id='word_1_344' title='bbox 479 2515 513 2554; x_wconf 87' lang='lat' dir='ltr'>si</span> <span class='ocrx_word' id='word_1_345' title='bbox 543 2514 660 2568; x_wconf 90' lang='lat' dir='ltr'>pueri</span> <span class='ocrx_word' id='word_1_346' title='bbox 678 2514 822 2554; x_wconf 88' lang='lat' dir='ltr'>bimuli</span> <span class='ocrx_word' id='word_1_347' title='bbox 849 2521 1015 2556; x_wconf 86' lang='lat' dir='ltr'>aetatem</span> <span class='ocrx_word' id='word_1_348' title='bbox 1036 2528 1108 2555; x_wconf 88' lang='lat' dir='ltr'>seu</span> <span class='ocrx_word' id='word_1_349' title='bbox 1128 2514 1228 2554; x_wconf 87' lang='lat' dir='ltr'>duos</span> <span class='ocrx_word' id='word_1_350' title='bbox 1248 2523 1371 2551; x_wconf 86' lang='lat' dir='ltr'>annos</span> <span class='ocrx_word' id='word_1_351' title='bbox 1396 2508 1533 2556; x_wconf 83' lang='lat' dir='ltr'>addas,</span> 
     </span>
     <span class='ocr_line' id='line_1_43' title="bbox 21 2566 1537 2624; baseline -0.004 -15"><span class='ocrx_word' id='word_1_352' title='bbox 21 2570 196 2610; x_wconf 77' lang='lat' dir='ltr'>contient</span> <span class='ocrx_word' id='word_1_353' title='bbox 214 2585 279 2610; x_wconf 84' lang='lat' dir='ltr'>an.</span> <span class='ocrx_word' id='word_1_354' title='bbox 301 2572 480 2610; x_wconf 84' lang='lat' dir='ltr'>LXXIII.</span> <span class='ocrx_word' id='word_1_355' title='bbox 504 2586 583 2611; x_wconf 91' lang='lat' dir='ltr'>non</span> <span class='ocrx_word' id='word_1_356' title='bbox 610 2571 696 2611; x_wconf 81' lang='lat' dir='ltr'>toti.</span> <span class='ocrx_word' id='word_1_357' title='bbox 753 2574 887 2624; x_wconf 86' lang='lat' dir='ltr'>Atque</span> <span class='ocrx_word' id='word_1_358' title='bbox 916 2571 997 2612; x_wconf 87' lang='lat' dir='ltr'>hoc</span> <span class='ocrx_word' id='word_1_359' title='bbox 1023 2579 1104 2622; x_wconf 88' lang='lat' dir='ltr'>est,</span> <span class='ocrx_word' id='word_1_360' title='bbox 1135 2569 1244 2623; x_wconf 87' lang='lat' dir='ltr'>quod</span> <span class='ocrx_word' id='word_1_361' title='bbox 1272 2580 1393 2619; x_wconf 86' lang='lat' dir='ltr'>supra</span> <span class='ocrx_word' id='word_1_362' title='bbox 1426 2566 1537 2604; x_wconf 89' lang='lat' dir='ltr'>dice-</span> 
     </span>
     <span class='ocr_line' id='line_1_44' title="bbox 19 2621 1534 2683; baseline -0.005 -16"><span class='ocrx_word' id='word_1_363' title='bbox 19 2627 160 2667; x_wconf 89' lang='lat' dir='ltr'>bamus</span> <span class='ocrx_word' id='word_1_364' title='bbox 175 2659 188 2680; x_wconf 90' lang='lat'>,</span> <span class='ocrx_word' id='word_1_365' title='bbox 220 2628 440 2680; x_wconf 88' lang='lat' dir='ltr'>Gregoram</span> <span class='ocrx_word' id='word_1_366' title='bbox 466 2636 682 2682; x_wconf 86' lang='lat' dir='ltr'>sequutum</span> <span class='ocrx_word' id='word_1_367' title='bbox 701 2642 787 2669; x_wconf 88' lang='lat' dir='ltr'>esse</span> <span class='ocrx_word' id='word_1_368' title='bbox 812 2630 983 2670; x_wconf 78' lang='lat' dir='ltr'>fortasse</span> <span class='ocrx_word' id='word_1_369' title='bbox 1004 2629 1232 2683; x_wconf 86' lang='lat' dir='ltr'>opinionem</span> <span class='ocrx_word' id='word_1_370' title='bbox 1257 2636 1395 2665; x_wconf 91' lang='lat' dir='ltr'>eorum</span> <span class='ocrx_word' id='word_1_371' title='bbox 1418 2621 1534 2661; x_wconf 88' lang='lat' dir='ltr'>chro-</span> 
     </span>
    </p>
   </div>
   <div class='ocr_carea' id='block_1_3' title="bbox 66 2743 1533 2845">
    <p class='ocr_par' dir='ltr' id='par_1_9' title="bbox 66 2743 1533 2845">
     <span class='ocr_line' id='line_1_45' title="bbox 66 2743 1533 2802; baseline 0.001 -18"><span class='ocrx_word' id='word_1_372' title='bbox 66 2751 105 2796; x_wconf 75' lang='grc'>*)</span> <span class='ocrx_word' id='word_1_373' title='bbox 131 2750 229 2792; x_wconf 79' lang='lat' dir='ltr'>Quot</span> <span class='ocrx_word' id='word_1_374' title='bbox 253 2751 386 2788; x_wconf 77' lang='lat' dir='ltr'>vixisse</span> <span class='ocrx_word' id='word_1_375' title='bbox 413 2765 490 2789; x_wconf 89' lang='lat' dir='ltr'>eum</span> <span class='ocrx_word' id='word_1_376' title='bbox 518 2753 700 2799; x_wconf 77' lang='lat' dir='ltr'>Gregoras</span> <span class='ocrx_word' id='word_1_377' title='bbox 725 2752 776 2790; x_wconf 73' lang='lat' dir='ltr'>ait</span> <span class='ocrx_word' id='word_1_378' title='bbox 802 2753 863 2790; x_wconf 81' lang='lat' dir='ltr'>lib.</span> <span class='ocrx_word' id='word_1_379' title='bbox 888 2753 932 2790; x_wconf 77' lang='lat' dir='ltr'>V,</span> <span class='ocrx_word' id='word_1_380' title='bbox 961 2766 1037 2802; x_wconf 79' lang='lat' dir='ltr'>cap.</span> <span class='ocrx_word' id='word_1_381' title='bbox 1066 2753 1109 2789; x_wconf 89' lang='lat' dir='ltr'>V.</span> <span class='ocrx_word' id='word_1_382' title='bbox 1140 2756 1223 2787; x_wconf 72' lang='lat' dir='ltr'>sect.</span> <span class='ocrx_word' id='word_1_383' title='bbox 1244 2751 1280 2788; x_wconf 87' lang='lat'>9.</span> <span class='ocrx_word' id='word_1_384' title='bbox 1303 2747 1384 2784; x_wconf 79' lang='lat' dir='ltr'>item</span> <span class='ocrx_word' id='word_1_385' title='bbox 1403 2745 1470 2790; x_wconf 59' lang='lat' dir='ltr'>lib·‚</span> <span class='ocrx_word' id='word_1_386' title='bbox 1489 2743 1533 2779; x_wconf 78' lang='lat' dir='ltr'>X·</span> 
     </span>
     <span class='ocr_line' id='line_1_46' title="bbox 134 2797 611 2845; baseline 0.008 -13"><span class='ocrx_word' id='word_1_387' title='bbox 134 2809 212 2845; x_wconf 83' lang='lat' dir='ltr'>cap.</span> <span class='ocrx_word' id='word_1_388' title='bbox 233 2797 263 2834; x_wconf 89' lang='lat'>1.</span> <span class='ocrx_word' id='word_1_389' title='bbox 286 2805 370 2836; x_wconf 79' lang='lat' dir='ltr'>sect.</span> <span class='ocrx_word' id='word_1_390' title='bbox 393 2800 426 2836; x_wconf 82' lang='lat'>4.</span> <span class='ocrx_word' id='word_1_391' title='bbox 473 2811 611 2837; x_wconf 52' lang='lat' dir='ltr'>solvus.</span> 
     </span>
    </p>
   </div>
  </div>
 </body>
</html>
