1754 3164
540 95 1016 172 ANNOTATIONES.
1418 118 1548 166 1237

136 232 235 286 Pag.
268 231 373 283 411,
406 232 470 276 15.
534 228 749 286 Μιχοὲηλος
775 230 880 288 yde]
919 233 1130 275 Cantacuz.
1167 232 1237 272 lib.
1263 231 1294 272 Ι.
1333 244 1422 283 cap.
1453 231 1548 270 LVI.

23 292 137 332 LVII.
157 291 292 330 LVIII.
350 304 525 330 mmmm.

133 347 232 400 Pag·
261 349 365 396 413,
395 347 463 391 24.
517 347 561 388 ‘0
586 344 795 395 Βασιλικός
817 343 1078 400 Νικηφόρος]
1111 347 1282 386 Dubium
1309 352 1447 385 utrum
1477 348 1548 385 Βα-

22 403 168 453 σιλικὸς
186 405 264 444 hoc
289 406 379 444 loco
401 405 452 443 sit
478 419 621 444 nomen
647 406 877 458 proprium,
908 419 957 442 an
979 405 1190 456 dignitatis.
1231 404 1332 443 Vide
1355 403 1549 454 Ducangii

23 463 271 502 Glossarium
304 462 407 501 med.
431 463 604 501 Graecit.
634 462 675 499 in
700 476 738 501 v.
765 463 987 503 Βασιλικοί.
1045 463 1142 501 Item
1174 461 1350 501 eiusdem
1372 461 1549 500 Glossar.

20 521 123 560 med.
145 520 269 559 Latin.
290 521 332 558 in
353 518 567 558 Basilicus.
624 533 777 559 Boivm.

133 579 235 629 I'ag-
266 575 369 625 414,
403 580 438 619 1.
486 573 639 617 Ἐδόκει
659 575 702 616 δὲ
727 580 812 624 τοῖς
833 572 977 629 ἥκιστα
993 576 1146 629 κρίνειν
1175 571 1349 622 εἰδόσιν]
1380 572 1548 611 Wolssus

20 634 117 686 legit
141 631 281 691 ἐῴκει,
323 640 362 672 et
391 634 444 671 ad
474 648 559 673 eam
593 634 803 673 lectionem
835 634 1151 672 accommodavit
1179 631 1549 689 interpretationem

20 706 143 731 suam.
198 704 351 730 1301v1N.

137 748 365 800 Pag.414,
399 750 464 789 13
520 744 636 788 ’AM-ot
663 745 706 788 τὸ
736 743 935 800 φρούριον
965 746 1092 788 ἐκεῖνο
1125 747 1296 800 στερόως
1325 743 1548 797 ἀσφαλισά-

21 805 163 874 μενος]
195 805 365 843 Wolfius
394 805 570 855 legebat,
601 801 699 845 amo}
729 802 774 845 τό
803 801 1005 857 φρούριον
1035 804 1162 845 ἐκεῖνο
1193 804 1350 857 Σέῤῥας
1379 801 1549 855 εἷσφαλι-

21 860 207 917 σάμενος,
231 869 271 901 et
299 862 650 914 interpretabatur,
680 860 750 901 sed
779 859 982 900 castellum
1005 859 1168 900 Serrlms
1194 860 1271 900 sihi
1300 863 1548 900 commissum

19 922 193 960 muniit.-
216 920 257 958 id
291 919 398 971 quod
429 920 548 971 plane
580 919 795 958 absurdum
826 925 934 968 erat,
968 933 1059 956 cum
1090 918 1139 957 de
1170 917 1404 957 Serrharum
1435 919 1549 957 dedi-

18 980 128 1017 tione
156 977 279 1030 paulo
311 983 400 1015 ante
431 977 536 1014 facta
566 983 767 1015 constaret
804 989 855 1015 ex
883 975 1011 1028 ipsius
1043 977 1243 1028 Gregorae
1272 975 1431 1026 verbis,
1482 990 1548 1014 ca-

19 1036 103 1088 pite
132 1035 350 1087 superiori,
381 1040 477 1072 sect.
501 1034 565 1073 IV.
621 1047 802 1073 BOIVJN.=

136 1095 231 1144 Pag.
260 1091 363 1140 415,
393 1094 434 1133 6.
481 1088 597 1131 Κατοῖ
633 1089 708 1144 τήν
749 1090 865 1143 ἕκτην
906 1091 991 1143 δηλ.
1019 1092 1092 1142 τῆς
1132 1088 1196 1143 (sy.
1234 1094 1551 1143 τεσσαρακοστῆς

20 1145 248 1203 ἑβδομάδα]
293 1147 461 1186 Wolfius
498 1148 675 1199 legebat,
715 1146 959 1201 ἑβδομάδος,
1004 1148 1287 1199 vertebatque,
1331 1157 1446 1186 sexto
1485 1146 1548 1186 die

18 1217 179 1246 sanctae
208 1203 466 1244 hebdomadis
490 1204 833 1258 Quadragesimae.
872 1205 1098 1256 Legendum
1129 1203 1355 1257 ἑβδομάδας
1385 1211 1425 1243 et
1450 1218 1549 1244 ver-

18 1264 207 1311 tendum,
237 1271 354 1301 sexta
382 1261 563 1301 videlicet
580 1261 823 1302 hebdomade
849 1272 1012 1301 sanciae
1045 1260 1550 1315 Quadragesimae.G1-ae-

19 1321 58 1359 ci
88 1320 460 1370 Quadragesimam,
497 1325 543 1357 ut
580 1334 674 1369 nos,
723 1320 766 1358 in
806 1327 958 1388 septem
996 1318 1266 1358 hebdomadas
1304 1319 1548 1370 dividebant,

19 1392 190 1431 quarum
226 1377 365 1416 ultima
403 1391 483 1415 non
527 1376 621 1430 αγία
659 1378 730 1415 sed
770 1374 918 1429 μεγαλη
957 1376 1180 1415 dicebatur.
1240 1377 1341 1415 Vide
1373 1377 1547 1417 Glossar.

17 1435 122 1474 med.
143 1435 316 1473 Graecit.
345 1434 388 1472 in
419 1447 455 1471 v.
486 1430 676 1486 ἒβδομας.
706 1435 786 1473 Nos
816 1433 1107 1472 hebdomadem
1137 1441 1315 1473 sanctam
1342 1447 1548 1476 vocamus.

18 1494 139 1531 Sexta
171 1489 348 1545 ἓβδομᾶς
375 1490 505 1528 inibat
532 1494 706 1547 κυριακῇ
733 1491 890 1546 πέμπτῃ
918 1507 999 1532 των
1029 1490 1155 1545 ἁγίων
1184 1505 1403 1544 νηστειων,
1444 1505 1547 1544 quae

19 1556 78 1589 est
107 1550 222 1588 nobis
256 1548 458 1587 Dominica
487 1548 700 1586 Passionis.
758 1561 908 1588 1301vm.

135 1610 232 1659 Pag.
263 1605 368 1654 415,
400 1608 438 1647 8.
494 1600 635 1658 Ἀγχοῦ
662 1608 735 1646 τοῦ
759 1601 1119 1658 Μαυροποτάμου]
1152 1605 1279 1654 Quem
1301 1607 1546 1646 Cantacuze-

18 1678 93 1703 nus
124 1663 294 1704 Μέλανα
314 1659 497 1713 ποταμόν
524 1662 678 1700 dictum
706 1662 762 1701 ait
798 1662 950 1702 Histor.
974 1663 1044 1703 lib.
1073 1663 1102 1703 I.
1134 1677 1219 1716 cap.
1250 1663 1395 1704 XVIII.
1455 1665 1546 1703 Huc

17 1736 91 1775 per
95 1721 192 1759 tinet
217 1719 257 1758 id
284 1719 393 1772 quod
415 1719 562 1771 legitur
583 1720 679 1758 cod.
697 1720 791 1771 Reg.
815 1722 941 1763 2990.
961 1720 1030 1760 fol.
1052 1724 1120 1762 70.
1141 1734 1180 1760 v.
1201 1719 1231 1772 ἦ
1249 1720 1440 1774 λεγομένη
1467 1725 1547 1763 νῦν

16 1776 327 1846 Ἄργυρολίμνη,
360 1778 587 1830 Γυρολίμνη
618 1772 832 1831 γραφεται·
874 1775 944 1817 καὶ
971 1793 1015 1817 το
1040 1775 1397 1832 Μαυροπόταμον,
1427 1778 1547 1833 μέλας

17 1831 210 1888 ποταμός.
266 1848 416 1874 1101111111.

134 1895 228 1944 Pag.
258 1892 360 1941 416,
390 1895 429 1934 7.
489 1893 602 1944 Νῆες
630 1889 778 1944 μακραὶ
809 1887 1117 1944 τετταρακοντα]
1152 1891 1373 1932 Sabellicus
1401 1892 1544 1936 decad.

17 1950 68 1989 II.
94 1963 236 1988 rerum
251 1949 389 1989 Venet.
420 1948 489 1988 lib.
517 1949 549 1988 I.
574 1963 664 2001 pag
693 1948 789 1992 325.
818 1949 960 1987 Penus
984 1948 1192 1990 Iustinian.
1217 1949 1380 1991 lib.1V.
1408 1965 1545 1992 rerum

17 2007 155 2046 Venet.
177 2006 250 2045 sub
275 2006 360 2045 init.
418 2019 593 2046 nncaxo.

133 2067 230 2117 Pag.
260 2063 363 2112 416,
397 2065 460 2106 15.
526 2060 604 2103 Τόν
628 2060 708 2115 apd
738 2065 814 2103 τοῦ
844 2060 968 2116 Ἱεροῦ
991 2060 1206 2116 πορθμόν]
1235 2062 1405 2115 Fretum,
1436 2064 1545 2119 quod

18 2130 74 2160 est
102 2130 192 2160 ante
217 2122 393 2161 Hierum.
451 2120 508 2158 De
542 2126 715 2172 utroque
747 2119 897 2169 Hiero,
928 2134 1096 2172 quorum
1132 2121 1300 2160 alterum
1329 2123 1408 2161 fuit
1435 2123 1543 2162 Iovis

17 2178 126 2227 Urii,
164 2179 332 2218 alterum
361 2177 588 2230 Serapidis,
630 2178 717 2216 fuse
748 2177 907 2230 Gyllius
937 2178 1008 2216 lib.
1031 2179 1063 2219 Ι.
1093 2192 1179 2231 cap.
1203 2179 1253 2219 ΙΙ.
1287 2178 1337 2219 de
1360 2181 1542 2233 Bosporo

17 2234 202 2274 Thracio.
258 2249 410 2275 nomm.

133 2291 364 2359 Pag.417‚
398 2294 465 2335 18.
533 2286 682 2333 Ὁπόσα
720 2293 943 2345 γεωργοῦσι
978 2292 1115 2357 λίμναι
1154 2294 1369 2343 Κωπαΐδες
1403 2308 1444 2334 τε
1472 2292 1542 2333 καὶ

18 2345 255 2398 Menon-1639
297 2349 367 2390 καὶ
394 2349 566 2403 ποταμοὶ
597 2343 815 2401 Ταναϊδες]
854 2349 962 2388 Haec
991 2350 1124 2389 omnia
1154 2350 1352 2402 Gregoras
1394 2350 1541 2403 plurali

16 2419 204 2456 numero,
233 2407 472 2457 insolenter,
514 2413 554 2446 et
583 2407 742 2458 poetica
774 2406 957 2445 audacia.
999 2420 1224 2460 quanquam
1257 2415 1296 2447 et
1323 2421 1393 2445 nos
1422 2407 1540 2456 vulgo

18 2464 212 2513 dicimus,
245 2462 300 2503 les
318 2462 703 2505 Palus-Meoticles.
745 2464 901 2515 Copais,
931 2464 1047 2516 palus
1073 2465 1256 2503 Boeotiae
1275 2470 1345 2504 est.
1388 2464 1541 2501 Nomen

19 2520 129 2559 dedit
150 2521 245 2559 urbs
266 2523 426 2571 Κῶπαι,
457 2522 572 2560 cuius
593 2521 859 2561 meminerunt
881 2520 1092 2572 Homerus,
1122 2522 1275 2571 strabo,
1303 2519 1539 2572 Stephanus,

19 2584 58 2616 et
78 2577 159 2616 alii.
215 2591 368 2619 BOIV1N.

132 2637 230 2688 Pag·
260 2638 364 2685 420,
394 2634 433 2678 5
490 2631 771 2688 Ἐκμοχλεῦσαι
788 2634 959 2691 ῥαδίως]
989 2635 1113 2688 Capta
1133 2633 1229 2673 urbs
1246 2633 1294 2672 ab
1310 2632 1539 2672 Andronico

16 2690 174 2729 iuniore
211 2705 314 2730 anno
345 2692 484 2731 Mundi
523 2693 636 2732 iuxta
670 2693 843 2731 Graecos
875 2689 1540 2743 V1.MDCCCXXXV.(Ch1-isti

15 2746 361 2801 MCCCXXVIII.)
390 2749 532 2791 indict.
554 2750 621 2790 XI.
642 2750 736 2790 Maii
755 2749 869 2790 XIX.
897 2749 1156 2790 Cantacuzen.
1182 2747 1255 2787 lib.
1276 2746 1306 2788 Ι.
1331 2760 1418 2800 cap.
1437 2747 1539 2787 LIX.

16 2818 193 2845 DUCANG.
