1794 3172
292 128 441 176 1110
546 169 550 172 ,
714 132 1032 179 NICEPHORI
1060 132 1385 180 GREGORAE

81 260 118 293 A.
141 257 185 292 Μ.
205 257 298 294 6859
311 264 412 305 ριος,
435 246 516 300 „vl
535 244 631 299 ἃν,”
655 246 773 303 φησὶ,
798 244 942 302 „Myon
965 243 1068 289 εἶναι
1087 244 1193 289 καθ’
1217 243 1371 302 ἑαυτὴν
1390 245 1467 302 τὴν
1480 245 1692 303 ἐνέργειαν,
1712 245 1788 302 τὴν

132 306 202 341 ῙΜ·
216 304 240 341 4
266 316 401 387 coiiv²
425 312 555 359 οὖσαν
580 315 673 359 οὔτε
689 319 938 374 χαρακτῆρα
952 348 965 368 ,
1005 314 1107 358 οὗθ’
1129 313 1383 372 ὗπόστασιν;
1421 316 1571 360 οὐκοῦν
1591 321 1664 359 τοῦ
1687 315 1789 358 ἀνυ-

290 385 491 442 -πάρκτου
516 383 623 429 εἶπεν
642 385 846 441 ὁμοίωμα.
900 385 946 429 τὸ
970 385 1015 428 δὲ
1035 389 1093 444 τῷ
1115 383 1363 445 ἀνυπάρκτῳ
1396 385 1538 441 ὅμοιον
1568 385 1662 428 οὐδ’
1685 385 1788 428 αὗτὸ

303 455 469 506 πάντως
506 457 628 499 ἐστίν.
676 454 782 511 αὕτη
809 460 892 499 τῶν
919 460 1070 499 καινῶν
1101 453 1318 512 δογμάτων
1346 453 1374 512 ἡ
1401 458 1612 513 τερατεία,
1651 455 1698 498 τὸ
1719 473 1789 498 πι-

302 524 456 570 στεύειν
479 527 535 576 εῗς
557 525 602 568 τὸ
623 525 682 581 μὴ
705 525 764 569 ὄν.
813 525 960 582 τὸγὰρ
990 530 1048 583 τῷ
1077 525 1135 581 μὴ
1165 524 1250 568 ὄντι
1281 524 1424 580 ὅμοιον
1460 525 1534 569 οὐκ
1565 525 1651 568 ἔστι
1680 523 1787 567 πάν-

301 596 426 646 τως.”
476 597 561 649 τίς,
600 595 704 653 πρὸς
726 599 854 649 θεοῦ,
894 600 977 639 τῶν
997 593 1193 638 ἁπάντων
1217 595 1366 652 γένοιτ’
1392 595 1443 639 ἂν
1461 593 1790 653 δραστικώτερος

302 665 462 723 ἔλεγχος
485 666 592 708 κατὰ
613 670 687 708 τοῦ
711 666 801 708 νέου
823 668 1001 708 ‘cuv-tovi·
1012 667 1240 719 δυσσεβοῦς
1259 665 1467 720 Εὐνομίου
1478 699 1492 719 ,
1530 671 1604 708 τοῦ
1627 670 1699 708 νῦν
1714 665 1791 719 μὲν

303 734 516 791 τοσαύτην
545 737 760 790 ἐκκλησίαν
791 733 992 778 πιστεύειν
1027 737 1084 785 εἷς
1108 735 1155 778 τὸ
1178 735 1236 791 μὴ
1264 734 1311 778 ὂν
1333 733 1678 787 συνελαύνοντος,
1716 738 1790 779 νῦν

305 806 348 849 δ’
371 808 427 856 εἷς
445 808 674 848 πολυθεΐαν
687 839 700 859 ,
740 805 808 848 διὰ
838 805 912 861 τὴν
933 810 1005 861 τῆς
1022 803 1236 860 συνήθους
1260 805 1373 863 αὐτῷ
1397 807 1634 862 φιλοτιμίας
1654 819 1788 861 προσ-

258 874 468 932 Βθήκην,
501 876 572 918 ἵνα
602 877 668 917 καὶ
689 875 760 918 τὸν
782 873 1033 918 διδάσκαλον
1056 875 1184 917 αὐτοῦ
1221 880 1271 932 τῇ
1306 877 1428 935 κακίᾳ
1454 875 1676 917 κάνταῦθα
1707 892 1790 916 πα-

308 947 468 1004 ρέλθῃς
543 944 660 1004 (ΙΒ.)
709 949 797 1001 Τῆς
831 943 1027 1001 τοιαύτης
1069 940 1142 988 οὖν
1177 944 1309 1000 ἔχεται
1347 947 1636 1001 παραπληξίας
1670 947 1737 986 καὶ
1769 942 1791 987 ὅ

307 1032 434 1074 φησιν
465 1010 592 1065 αὖθις
623 1014 749 1065 αὐτὸς
779 1017 846 1057 καὶ
875 1017 965 1072 περὶ
999 1019 1073 1070 τῆς
1096 1016 1446 1071 παραδειχθείσης
1470 1016 1532 1057 ἐπὶ
1566 1018 1640 1057 τοῦ
1670 1014 1793 1071 ὄρους

304 1084 523 1140 θεότητος.
561 1084 652 1127 ἰδοὺ
674 1085 752 1141 γὰρ
774 1084 892 1127 κάκεῖ
907 1085 1164 1139 ὃιαστρέψας
1188 1085 1230 1135 ἐξ
1250 1084 1464 1139 ἀμαθίας,
1491 1084 1517 1140 ἢ
1536 1088 1695 1136 μᾶλλον
1715 1102 1793 1126 κα-

306 1157 528 1212 κοτροπίας
539 1188 551 1207 ,
589 1155 666 1210 τὴν
688 1155 793 1205 λέξιν
813 1154 916 1211 πρὸς
936 1153 1160 1197 ἀλλόκοτον
1181 1156 1248 1197 καὶ
1266 1154 1444 1211 ἔκφυλον
1466 1159 1539 1210 τῆς
1562 1155 1705 1205 λέξεως
1728 1153 1793 1197 ἴν-

266 1230 424 1269 Ενοιαν
460 1222 744 1280 στρατόπεδον
773 1221 987 1279 θεοτήτων
1021 1222 1233 1281 διαφόρων
1264 1225 1456 1279 πεποίηκε
1487 1224 1534 1267 τὸ
1571 1222 1793 1279 Θαβώριον

307 1294 427 1351 ὅρος,
467 1292 760 1349 ἁμιλλωμένων
802 1292 1001 1349 ἀλλήλαις
1033 1291 1295 1349 ὑπερθέσεως
1329 1295 1395 1336 καὶ
1427 1292 1612 1351 ὑφέσεως
1653 1295 1790 1336 ἕνεκα·

304 1363 430 1421 μήπω
462 1364 618 1419 μαθών
650 1362 706 1414 ὥς
736 1363 782 1406 τὸ
812 1362 1120 1419 παραδεικνύειν
1157 1362 1205 1406 οὗ
1237 1363 1312 1419 τὴν
1345 1363 1541 1419 καθαρὰν
1569 1365 1636 1406 καὶ
1659 1364 1793 1418 ἄναμ-

264 1489 265 1492 ,
305 1436 482 1493 φίβολον
507 1435 628 1485 δεῖξιν
663 1436 808 1490 δηλοῖ,
846 1433 953 1476 ἀλλὰ
982 1433 1057 1489 τὴν
1090 1431 1395 1489 αἴνιγματώὸη,
1434 1436 1502 1475 καὶ
1541 1432 1567 1489 ἢ
1604 1433 1672 1475 διὰ
1711 1437 1793 1476 τῶν

256 1531 258 1535 -
305 1504 566 1562 φαινομένων
594 1503 648 1547 τὰ
681 1501 806 1560 μήπω
837 1503 1020 1560 φανέντα
1052 1501 1253 1559 κηρύττει.
1301 1505 1428 1559 δῆλον
1458 1504 1590 1546 δὲκαὶ
1614 1502 1793 1546 ἄλλοθεν

305 1575 380 1623 μὲν
400 1572 686 1629 πολλαχόθεν,
726 1573 802 1629 οὐχ
821 1567 945 1629 ἦττον
965 1574 1010 1616 δὲ
1033 1573 1109 1623 κάξ
1130 1566 1187 1616 ὧν
1206 1575 1400 1629 εἰρῆσθαι
1423 1577 1482 1632 τῷ
1501 1575 1696 1632 ΖΙἸελῳὸῷ
1725 1574 1792 1615 καὶ

264 1642 411 1704 Ἐθείῳ
439 1642 552 1702 ἐπῄει
570 1645 704 1704 ἐκείνῳ
725 1643 868 1702 ἀνδρὶ,
903 1641 1135 1699 ,,σύμβολα
1171 1642 1408 1702 (φάσκοντι)
1446 1647 1519 1700 τῆς
1547 1647 1684 1700 ταφῆς
1715 1659 1791 1686 σου

399 1768 433 1804 1.
457 1766 495 1801 τί
515 1761 584 1803 οὖν
604 1769 642 1801 et
665 1765 758 1811 λέγει
785 1765 840 1800 ed.
952 1767 987 1801 2.
1015 1761 1110 1802 οὔθ’
1138 1764 1260 1800 deerat
1278 1765 1313 1799 in
1340 1776 1484 1811 apogr.‚
1507 1764 1619 1811 Capp.
1639 1763 1794 1800 restituit

398 1825 443 1848 ex
467 1813 558 1851 edin
653 1809 918 1849 ἀνυποστάτου
940 1812 994 1847 ed.
1087 1812 1122 1848 4.
1148 1814 1265 1849 κενῶν
1290 1811 1345 1847 ed.
1438 1814 1474 1849 5.
1498 1811 1550 1858 μὴ
1571 1816 1622 1860 τῷ
1647 1811 1702 1847 ed.

307 1916 514 1963 episcopus,
538 1917 651 1964 „quid
672 1928 736 1964 per
753 1929 792 1952 se
810 1917 920 1963 ipsam
930 1915 965 1959 ,''
989 1915 1125 1961 inquit,
1150 1928 1255 1961 „esse
1272 1916 1405 1951 diceret
1424 1915 1679 1962 operationem,
1705 1927 1794 1962 quae

307 1975 373 1998 nec
401 1970 455 1998 est
483 1965 696 2007 substantia,
722 1976 833 2010 neque
856 1965 1054 2005 character,
1087 1975 1199 2009 neque
1228 1963 1456 2010 hypostasis?
1498 1964 1620 2009 ltaque
1648 1962 1700 1997 rei
1727 1974 1794 1996 non

308 2010 510 2045 exsistentis
537 2012 719 2057 imaginem
745 2017 782 2045 et
809 2009 1061 2045 similitudinem
1089 2011 1199 2055 ipsum
1231 2010 1405 2045 Christum
1427 2022 1503 2045 esse
1530 2010 1628 2045 dixit.
1687 2008 1794 2054 Atqui

309 2057 402 2102 quod
417 2057 526 2092 simile
546 2063 600 2093 est
619 2059 668 2093 rei
690 2070 757 2092 non
775 2057 979 2099 exsistenti,
1004 2057 1068 2090 hoc
1088 2057 1199 2103 ipsum
1220 2058 1411 2092 nuliatenus
1432 2057 1581 2092 exsistit.
1629 2057 1681 2091 Eo
1700 2067 1794 2091 nam-

309 2114 378 2148 que
398 2104 544 2139 tendunt
564 2117 653 2140 nova
670 2104 729 2139 illa
749 2110 784 2139 et
803 2109 1004 2149 portentosa
1023 2103 1207 2149 dogmata,
1232 2111 1271 2139 ut
1291 2105 1326 2139 in
1351 2105 1389 2138 id
1420 2104 1514 2150 quod
1542 2115 1609 2138 non
1636 2109 1691 2138 est
1718 2114 1794 2137 cre-

309 2149 423 2186 datur.
470 2151 560 2186 Nam
585 2152 676 2198 quod
703 2163 770 2186 non
792 2151 862 2186 enti
888 2150 997 2185 simile
1018 2157 1094 2193 est,
1119 2151 1210 2185 istud
1230 2152 1341 2198 ipsum
1359 2151 1449 2185 nullo
1468 2151 1567 2186 modo
1586 2149 1674 2184 est.'’
1723 2150 1794 2183 Per

308 2195 420 2231 Deum
448 2208 510 2232 vos
539 2199 715 2240 obtestor,
739 2203 778 2233 ut
800 2198 944 2239 dicatis,
970 2208 1058 2243 quae
1087 2200 1302 2243 praesentior
1324 2203 1383 2232 aut
1403 2198 1581 2232 efficacior
1599 2209 1675 2231 esse
1697 2196 1794 2230 refu-

308 2242 398 2278 tatio
420 2244 531 2290 possit
559 2246 639 2280 novi
656 2245 755 2279 huius
783 2245 878 2291 impii
900 2244 1080 2287 Eunomii„
1103 2244 1162 2290 qui
1184 2251 1314 2280 tantam
1337 2245 1510 2290 compellit
1531 2243 1731 2284 ecclesiam,
1757 2246 1794 2277 ut

307 2290 410 2325 modo
444 2290 481 2324 in
510 2290 546 2325 id
563 2293 664 2337 ·quod
695 2304 761 2326 non
787 2298 858 2334 est,
881 2292 980 2326 modo
1004 2291 1039 2325 in
1069 2291 1185 2336 plures
1213 2292 1362 2326 deitates
1389 2292 1521 2325 credat.
1577 2291 1655 2325 Hoc
1682 2295 1794 2324 autem

306 2340 470 2384 praestat
491 2338 647 2373 Palamas
666 2339 710 2373 ob
726 2344 914 2374 consuetae
936 2338 1003 2373 sibi
1022 2338 1216 2373 ambitionis
1235 2338 1514 2379 additamentum,
1538 2342 1578 2372 ut
1594 2337 1794 2382 magistrum

303 2392 408 2419 r'suum
437 2383 493 2418 hic
518 2384 620 2419 etiam
646 2385 868 2431 improbitate
896 2390 1048 2432 superet.
1098 2386 1217 2430 (XII.)
1243 2386 1395 2420 Eandem
1423 2384 1646 2419 stoliditatem
1676 2384 1794 2424 habet,

308 2431 404 2512 puod
439 2430 517 2477 ipse
546 2443 666 2466 rursus
692 2433 735 2468 de
761 2433 946 2467 divinitate
972 2432 1008 2466 in
1037 2432 1236 2467 Tbaborico
1266 2438 1381 2467 monte
1419 2433 1622 2466 subostensa
1649 2431 1794 2476 profert.

329 2478 364 2511 bi
383 2477 513 2524 quippe
536 2479 581 2513 ob
603 2478 830 2524 ignorantiam
843 2505 852 2523 ‚
877 2491 939 2514 seu
961 2479 1076 2525 potius
1095 2480 1138 2513 ob
1158 2491 1286 2513 morum
1307 2479 1590 2525 perversitatem,
1613 2477 1648 2511 in
1672 2478 1793 2511 absur-

311 2524 392 2558 dum
413 2530 450 2559 et
466 2524 610 2559 alienum
629 2536 764 2561 sensum
780 2527 965 2572 detorquet
982 2526 1068 2560 hanc
1087 2537 1206 2560 vocem
1223 2524 1534 2568 ‚,sub0stendere.”
1583 2523 1685 2558 Unde
1696 2523 1794 2557 Tha-

312 2570 466 2606 horicum
487 2576 634 2607 montem
659 2573 780 2608 effecit
807 2573 905 2619 quasi
927 2572 1092 2618 quaedam
1112 2578 1227 2607 castra
1254 2573 1464 2608 diversarum
1492 2571 1679 2612 deitatum,
1704 2580 1794 2615 quae

312 2628 428 2652 secum
456 2618 604 2654 invicem
635 2620 679 2654 de
708 2621 952 2666 superioritate
991 2626 1027 2654 et
1063 2619 1292 2655 inferioritate
1327 2623 1473 2655 certent.
1532 2617 1677 2652 Scilicet
1710 2627 1794 2650 nec-

312 2664 391 2699 dum
400 2665 601 2708 „didiceran
625 2666 689 2702 hoc
707 2669 813 2702 verbo
838 2664 1135 2710 παραδεικνύων,
1158 2667 1421 2709 subostendere,
1440 2676 1508 2700 non
1526 2675 1644 2710 puram
1666 2667 1702 2698 et
1721 2661 1794 2696 evi-

311 2710 546 2747 dentissimam
564 2713 741 2760 designari
765 2713 1094 2749 manifestationem:
1119 2713 1178 2747 sed
1200 2713 1479 2759 aenigmaticam,
1503 2722 1661 2758 quaeque
1680 2709 1794 2743 sensi-

312 2756 403 2792 libus
422 2758 531 2804 signis
550 2771 591 2794 ea
610 2772 700 2806 quae
723 2761 868 2796 nondum
887 2761 964 2795 visa
981 2766 1061 2795 sunt
1084 2759 1273 2807 praedicat.
1310 2762 1410 2795 Hanc
1429 2771 1506 2794 esse
1526 2757 1695 2803 praedicti
1712 2766 1794 2790 ver—

310 2803 355 2838 ·bi
381 2805 686 2851 significationem,
711 2819 784 2843 cum
802 2820 845 2843 ex
867 2807 944 2842 aliis
961 2807 1098 2850 multis,
1123 2813 1193 2841 tum
1214 2819 1256 2842 ex
1276 2807 1393 2842 divino
1417 2805 1491 2841 viro
1508 2805 1633 2840 Cosma
1653 2801 1794 2837 Melodo

314 2856 426 2897 patet.
472 2852 540 2889 Hic
567 2854 656 2891 euim
681 2855 733 2892 ita
753 2855 917 2903 loquitur.
962 2853 1232 2902 „Multiplicatis
1258 2854 1471 2900 visionibus,
1493 2851 1692 2899 sepulturae
1713 2853 1794 2884 tuae
