1794 3172
248 141 348 191 698
675 143 988 191 NICEPHORI
1018 141 1342 189 GREGORAE

353 233 360 247 2
1471 240 1475 244 s

30 264 66 296 Α.
84 262 126 295 Μ.
145 260 236 297 6852
248 275 351 310 σεως
370 256 422 302 ἂν
443 258 622 318 συνορᾷν
646 254 822 314 γένηται,
860 256 928 298 καὶ
951 254 1024 298 τὸν
1043 252 1210 311 χρόνον,
1244 251 1382 312 ὥσπερ
1404 250 1448 298 {n
1466 250 1734 309 ταῧτομάτου

75 309 398 388 Ιῃι1112Εσαφιῦς
424 330 480 378 εἷς
507 332 632 371 τοῦτο
667 323 947 369 συνελάσαντα
977 322 1106 380 τύχης
1135 324 1189 366 τὰ
1219 322 1443 382 πράγματα
1454 357 1468 378 ,
1514 326 1736 379 μονονουχὶ

251 394 599 452 συλλαμβάνοντά
628 412 714 446 πιος
747 393 844 451 ἡμῖν
879 394 947 437 καὶ
986 391 1101 448 μάλα
1135 392 1260 436 εὔοδα
1292 398 1643 451 προκαθιστῶντα
1663 397 1736 449 τῆς

247 466 418 523 μελέτης
435 463 553 522 ἥμῶν
573 466 747 520 ταυτησὶ
774 465 826 508 τὰ
849 463 1058 522 προοίμια.
1095 460 1122 518 ἢ
1144 460 1348 521 φρασάτω
1378 480 1441 513 τις
1463 463 1552 518 ἐμοὶ
1583 467 1736 520 παρελ-

248 536 343 580 θὼν
355 567 369 589 ,
407 541 524 585 ποῖός
538 531 691 592 χρόνος
708 532 810 577 εἶδεν
821 535 882 584 εἷς
905 532 1032 576 ταῦτό
1056 530 1274 590 ἀμφότερα
1296 533 1613 588 συνενεχθέντα,
1650 537 1765 587 ,θα-5

251 606 404 648 σιλείαν
431 602 521 660 ἅμα
557 605 625 646 καὶ
655 604 892 660 ἐκκλησίαν·
930 603 997 645 καὶ
1028 599 1287 660 πατριάρχην
1316 601 1404 658 ἅμα
1439 603 1507 644 καὶ
1545 605 1620 645 τοῦ
1652 606 1738 645 τιῦν

211 674 461 731 Εδημοσίων
482 672 709 729 κηδομένου
738 669 989 731 πραγμάτων
1018 672 1221 726 βασιλέως
1248 670 1509 730 χηρεύουσαν
1538 672 1737 727 βασιλίδα

250 743 354 801 πρὸς
384 740 428 786 (ἓν
460 744 529 786 καὶ
554 742 683 786 ταύτὸ
711 742 883 794 ’ξυνιέναι
917 746 1053 792 καλῶς
1079 742 1347 798 ἐνδιαίτημα,
1393 743 1463 784 καὶ
1496 739 1607 784 οἷκον
1642 742 1738 783 δυσὶ

251 814 325 856 τὸν
356 811 483 856 αὐτὸν
513 807 723 870 ἕν’ταῦτῷ
751 812 1067 864 καθίστασθαι,
1104 811 1151 854 τὸ
1169 810 1386 867 βασιλικὸν
1405 808 1629 855 παλάτιον·
1667 811 1738 853 καὶ

251 882 325 925 τὸν
343 882 418 937 μὲν
437 879 660 934 ἀποσώζειν
679 879 814 924 εἰκόνα
833 885 995 937 ψυχῆς,
1033 880 1109 937 τὴν
1131 882 1176 924 δὲ
1200 878 1394 937 σώματος
1408 894 1419 904 ·
1455 882 1522 923 καὶ
1553 879 1625 923 τὸν
1658 880 1735 934 μὲν
1749 891 1793 926 10

253 952 345 995 ἀντὶ
364 952 439 1007 μὲν
460 951 661 1007 βασιλέως
690 957 778 1002 τοῖς
803 949 1014 1009 πράγμασι
1042 952 1230 1008 γίνεσθαι
1251 957 1338 1001 τοῖς
1361 954 1606 1002 πολιτικοῖς,
1645 949 1738 992 ἀντὶ

254 1022 300 1064 δὲ
331 1021 489 1079 πατρὸς
516 1025 575 1080 τῷ
604 1018 759 1077 ταύτης
793 1014 963 1079 ὄρφανῷ
999 1022 1116 1063 παιδὶ
1148 1025 1207 1080 τῷ
1243 1020 1322 1080 νέῳ
1351 1024 1538 1076 βασιλεῖ·
1583 1018 1659 1075 τὴν
1689 1018 1734 1061 δ’

248 1088 427 1134 ὑπείκειν
445 1089 523 1134 ὅσα
544 1093 612 1133 καὶ
632 1088 798 1147 ἡγεμόνι
816 1094 985 1149 χρηστῷ
1021 1091 1088 1133 καὶ
1114 1088 1229 1150 μόνῳ
1259 1089 1471 1149 δυναμένῳ
1501 1086 1640 1142 σώζει-ν
1660 1087 1736 1144 τὴν

124 1157 245 1197 Ρ-437
258 1159 388 1217 ἀρχὴν
411 1159 633 1218 ἀσφαλῶς,
670 1159 749 1204 ὅσα
770 1162 836 1203 καὶ
857 1158 1132 1217 κυβερνήτης,
1158 1158 1351 1217 καθάπερ
1375 1157 1533 1203 ὁλκάδα
1547 1163 1738 1214 πλημμε-

256 1233 340 1280 λῶς
360 1229 430 1287 ἐφ’
451 1228 595 1287 ὖγραΐς
614 1230 964 1286 ταλαντευομένην
984 1228 1204 1286 θαλάττης
1226 1228 1434 1287 ἀγκάλαις.
1482 1230 1517 1272 εἰ
1537 1229 1582 1272 δὲ
1601 1231 1735 1271 ταῦτα
1749 1238 1792 1275 15

254 1302 353 1357 τῇδε
385 1299 462 1354 ἔχει
481 1301 564 1342 καὶ
594 1299 712 1342 οὐδὲν
736 1297 948 1357 ὑποτρέχει
976 1301 1134 1354 ψεῦδος
1161 1299 1215 1343 τὰ
1249 1299 1468 1357 εἰρημένα,
1506 1299 1550 1341 τί
1588 1294 1736 1341 κωλύει

257 1370 326 1412 καὶ
357 1366 621 1425 παρασήμοις
645 1370 718 1412 καί
737 1385 816 1412 τισι
851 1371 1082 1426 τεκμηρίοις
1109 1373 1339 1425 βασιλικοῖς
1361 1370 1545 1418 σκιωδιῦς
1560 1385 1648 1417 πως
1671 1384 1738 1409 κε-

253 1442 442 1495 χρῆσθαι
462 1438 565 1495 πρὸς
585 1438 659 1494 τὴν
681 1443 763 1482 τῶν
783 1437 914 1489 οὕτως
935 1439 1109 1495 ἀληθῶν
1129 1440 1377 1495 βεβαίωσιν,-
1391 1438 1417 1459 ”
1474 1436 1570 1498 (A.)
1612 1435 1735 1480 Οὕτω

216 1508 330 1562 Βμὲν
352 1502 424 1551 οὖν
447 1508 667 1564 εἶρωνικοΐς
683 1512 842 1562 μᾶλλον
863 1507 888 1565 ἢ
916 1507 1181 1566 γοητεύουσιν
1204 1508 1341 1560 ἄλλως
1369 1506 1645 1565 ὑπερχόμενος
1665 1503 1738 1549 26-

248 1590 338 1633 4γοις
372 1578 440 1620 καὶ
468 1577 517 1621 τὸ
545 1578 780 1634 παθητικὸν
819 1582 894 1634 τῆς
924 1583 999 1621 τοῦ
1037 1576 1294 1638 πατριάρχου
1322 1576 1526 1622 θωπεύων
1553 1581 1694 1633 ψυχῆς
1712 1573 1792 1620 1520

247 1644 499 1698 Ἀπόκαυκος
532 1647 664 1690 τᾶλλα
690 1649 766 1703 μὲν
809 1646 997 1702 ἀσμένως
1035 1647 1331 1707 προσήκασθὌιι
1361 1649 1574 1691 ἕπεπει’κει’
1611 1646 1658 1690 τὸ
1691 1646 1738 1688 δὲ

250 1720 334 1759 τῶν
374 1718 567 1774 ἕρυθρῶν
599 1719 775 1761 πεδίλων
808 1722 880 1761 νῖν
917 1719 993 1774 μὲν
1023 1717 1172 1775 ἣκιστα
1204 1718 1274 1762 διὰ
1303 1717 1351 1761 τὸ
1384 1722 1460 1774 τῆς
1497 1713 1738 1772 καινότητος

246 1783 708 1844 ’θράσος·-χωροῢντος
732 1787 777 1830 δ’
804 1787 884 1843 ὀψὲ
903 1792 978 1831 τοῦ
995 1786 1180 1846 χρόνου,
1219 1787 1286 1832 διὰ
1307 1788 1379 1831 τὸν
1403 1791 1486 1831 τῶν
1508 1789 1624 1831 δυοΐν
1644 1784 1737 1829 ἔθι-

345 1885 386 1939 1⁶,
403 1881 443 1919 ἐκ
465 1884 566 1919 Boiv.
590 1896 653 1930 pro
679 1883 726 1929 ἐξ.
794 1887 829 1922 5.
855 1885 909 1928 εἰς
930 1883 1045 1923 ταύτό
1071 1885 1174 1922 Boiv.
1198 1898 1263 1934 pro
1286 1886 1340 1929 εἰς
1357 1882 1473 1923 τοῦτ’.
1543 1885 1599 1921 19.
1623 1881 1736 1931 ὑπερ-

299 1947 301 1949 ·
343 1942 498 1976 χομενος
521 1942 610 1966 corr.
633 1932 733 1967 Boiv.
762 1943 825 1978 pro
848 1929 1131 1980 ὑπερσχόμενος.

252 2012 379 2046 rentes.
427 2011 564 2047 Volenti
583 2016 676 2047 certe
699 2012 842 2048 cuilibet
859 2013 979 2049 videre
999 2018 1074 2057 est,
1097 2013 1177 2060 ipsa
1199 2013 1287 2049 haec
1311 2016 1490 2060 tempora,
1513 2012 1618 2048 rebus
1636 2011 1737 2059 quasi

250 2061 377 2111 ‘sponte
395 2057 431 2092 in
450 2070 524 2093 eum
544 2063 667 2093 statum
685 2059 852 2103 deductis,
871 2062 1048 2096 nobiscum
1062 2069 1172 2106 paene
1190 2061 1437 2107 quodammodo
1458 2060 1671 2106 conspirare,
1696 2071 1738 2094 ac

251 2115 344 2138 viam
365 2103 410 2138 ad
427 2116 468 2139 ea
484 2117 572 2150 quae
598 2106 796 2141 meditamur
815 2108 1008 2143 facillimam
1026 2109 1121 2143 velut
1141 2112 1307 2143 sternere.
1354 2108 1417 2142 Sin
1436 2108 1564 2149 minus,
1590 2107 1737 2152 prodeat

251 2150 380 2205 aliquis
391 2150 584 2205 ‘doceatque
605 2163 686 2195 nos,
710 2154 919 2199 ecquodnam
936 2160 1071 2201 tempus
1093 2156 1180 2190 haec
1200 2155 1266 2189 duo
1288 2155 1324 2189 in
1344 2166 1445 2189 unum
1464 2153 1660 2188 coalescere
1681 2152 1737 2188 vi-

253 2196 367 2251 derit,
391 2198 570 2243 imperium
591 2203 627 2233 et
647 2199 847 2235 ecclesiam:
870 2202 1102 2247 patriarcham
1121 2210 1235 2237 autem
1254 2207 1290 2236 et
1308 2201 1561 2247 imperatricem
1581 2201 1737 2234 orbatam

253 2254 419 2298 coniuge,
443 2255 465 2278 a
482 2255 549 2289 quo
575 2245 787 2290 reipublicae
816 2259 900 2283 cura
930 2249 1180 2291 sustineretur,
1213 2249 1300 2283 bene
1324 2248 1360 2282 iu
1389 2258 1492 2282 unum
1516 2254 1621 2292 atque
1645 2247 1737 2281 idem

252 2288 438 2344 hosp1t1um
458 2291 657 2334 convenire,
682 2292 890 2339 eandemque
909 2295 1046 2341 utrique
1068 2295 1200 2330 domum
1225 2295 1343 2329 eodem
1365 2299 1521 2339 tempore
1540 2305 1636 2335 esse,
1667 2303 1736 2339 pa-

249 2335 665 2392 >latium‘lmperat01-ium:
689 2343 795 2384 atque
814 2340 908 2375 illum
926 2342 1061 2388 quidem
1082 2343 1215 2382 animae
1234 2342 1345 2376 instar
1369 2342 1517 2382 habere3
1542 2341 1629 2374 hanc
1651 2351 1736 2375 vero

254 2388 431 2437 cor‘pqus:
453 2383 548 2426 lllum
566 2387 602 2418 et
616 2385 830 2430 imperatoris
848 2388 926 2423 vice
945 2389 981 2423 in
996 2388 1175 2435 republica
1193 2388 1314 2433 fungi,
1339 2393 1375 2422 et
1391 2387 1547 2433 parentis
1564 2387 1638 2421 loco
1657 2398 1737 2421 esso

252 2428 338 2463 orbo
356 2429 457 2485 llllus.
465 2429 558 2473 filio,
580 2430 708 2465 iuniori
727 2431 945 2478 imperatori3
970 2435 1056 2470 hauc
1074 2448 1157 2470 vero
1179 2435 1438 2480 obtemperare,
1463 2439 1623 2478 tanquam
1644 2433 1738 2478 opti-

249 2485 307 2508 mo
332 2479 480 2530 reeton,
504 2487 546 2511 ac
565 2482 729 2523 tanquam
748 2479 802 2521 ei,
827 2481 887 2525 qui
904 2482 995 2516 solus
1015 2482 1127 2527 possit
1150 2481 1326 2527 imperium
1344 2481 1437 2515 haud
1461 2480 1564 2515 dubie
1583 2491 1738 2521 servare,

252 2524 292 2554 ut
306 2532 420 2576 natum
438 2523 647 2569 gubernator
667 2524 702 2558 in
726 2524 860 2570 humido
881 2528 983 2563 maris
1002 2529 1134 2573 gremio
1153 2532 1282 2563 temere
1300 2527 1533 2562 fluctuantem.
1582 2527 1687 2568 Quod
1707 2525 1737 2560 si

252 2566 340 2622 haec
358 2572 410 2623 lta
426 2581 464 2623 se
480 2568 621 2624 habent,
636 2582 700 2605 nec
715 2571 927 2608 mendacium
944 2575 1048 2609 ullum
1066 2575 1101 2609 in
1117 2575 1306 2609 orationem
1323 2585 1428 2608 meam
1446 2573 1600 2619 irrepsit,
1615 2571 1739 2619 quidni

254 2617 292 2647 et
314 2625 464 2659 mfflgma
484 2619 520 2650 et
541 2617 688 2663 ahquam
713 2617 954 2664 imperatoriae
979 2621 1162 2666 dignitatis
1186 2626 1301 2655 notam
1328 2631 1473 2666 usurpas
1497 2619 1737 2666 quoquomodo

253 2659 508 2715 adumbratam,
532 2663 576 2698 ad
603 2663 763 2708 veritatis
791 2667 910 2700 tantae
937 2667 1283 2711 confirmationemY'
1332 2667 1432 2712 (lv.)
1456 2666 1515 2701 Sic
1534 2667 1738 2712 Apocaucus

251 2705 420 2762 hommem
441 2708 542 2743 dictis
560 2715 744 2756 aggressus
764 2710 904 2745 ironicis
925 2714 1036 2758 magis
1055 2726 1154 2759 quam
1174 2712 1302 2760 alioqui
1318 2713 1509 2755 fallacibus,
1532 2717 1569 2747 et
1586 2713 1739 2758 patriar-

251 2753 338 2807 clme
356 2765 520 2809 animum,
545 2767 613 2802 qua
630 2757 936 2803 moveri.poterat‚
960 2760 1085 2796 blande
1105 2760 1281 2803 afficiens,
1305 2765 1345 2795 ut
1362 2760 1422 2794 illa
1441 2759 1576 2806 quidem
1594 2758 1661 2793 alia
1681 2758 1739 2792 fa-

251 2798 319 2833 mle
343 2800 540 2855 aflmltteret
565 2803 759 2849 persuasit3
792 2815 859 2838 non
882 2810 1006 2851 autem,
1024 2811 1064 2841 ut
1086 2808 1211 2842 rubros
1231 2818 1366 2853 quoque
1394 2806 1549 2847 calceos;
1574 2817 1661 2851 quos
1679 2804 1739 2838 ille

250 2852 393 2892 negavlt
413 2859 453 2883 se
469 2854 690 2895 accepturum
710 2849 746 2884 in
771 2852 946 2896 praesenti
970 2858 1113 2899 propter
1140 2864 1252 2889 novae
1270 2853 1323 2888 rei
1341 2852 1577 2889 insolentiamz
1600 2855 1638 2887 at
1655 2861 1738 2897 pro-
