1794 3172
273 141 408 193 1074
681 146 999 195 NICEPHORI
1027 146 1355 196 GREGORAE
1387 198 1389 200 ,

49 269 86 301 A.
105 267 151 300 Μ.
169 266 262 304 6859
276 265 516 316 σκοτεινῶν,
555 258 693 310 ἄλλως
722 258 849 317 λέγειν
869 276 913 303 τε
933 260 1002 303 καὶ
1020 257 1222 304 πιστεύειν
1242 267 1329 312 τοΐς
1359 259 1536 318 λέγουσι.
1580 261 1650 305 διὰ
1674 262 1753 320 γὰρ

109 314 251 399 Iliade&
275 335 399 376 τοῦτο
428 332 496 374 καὶ
524 329 601 385 τὴν
629 329 774 373 Οὗσῖαν
793 334 869 386 Τῆς
897 330 1096 387 {vepyet'ag
1118 328 1321 388 διάφορον
1351 329 1459 374 εἶναί
1489 348 1646 389 φαμεν)
1686 332 1753 374 ἔχ’

273 401 414 445 ποδῶν
429 399 645 457 γινομένης
666 396 831 456 ἁπάσης
849 397 1149 455 ταίτότητος.”
1184 402 1271 443 Καὶ
1290 398 1378 456 ἅμα
1400 405 1643 459 παρεισῆγεν
1667 399 1753 444 ἔνια

268 476 354 516 τῶν
373 473 635 525 Παλαμικῶν
663 467 882 526 δογμάτων
895 461 983 516 ἀπὸ
1005 467 1190 526 γλώττης
1215 471 1283 513 καὶ
1308 468 1499 527 μνήμης,
1536 468 1752 528 σποράδην

270 542 371 597 με’ν·
408 543 567 597 παρῆγε
595 538 638 582 δ’
671 534 765 594 οὖν,
807 537 1032 597 ὅλόκληρον
1067 539 1144 596 τὴν
1171 537 1357 583 διάνοιαν
1387 539 1573 593 σώζοντα
1602 537 1785 591 καὶλῶς5

203 667 206 670 ⁴
269 611 431 667 ἰύζουσιν
456 611 521 653 ἐπὶ
546 609 692 661 λέξεως
721 609 916 667 ἀκριβῶς.
954 608 1127 662 ,,κοινὸν
1152 608 1287 666 γὰρ,”
1321 611 1449 668 φησὶ,
1480 607 1647 666 ,,δόγμα
1668 614 1752 653 τῶν

230 680 427 732 Βῖξωθεν
445 681 513 723 καὶ
531 683 615 723 τῶν
636 678 741 723 καθ’
766 678 878 736 ἡμᾶς
897 676 1164 737 φιλοσόφων,
1197 679 1260 721 ἐπὶ
1284 677 1417 736 ἁπλῆς
1434 682 1502 722 καὶ
1525 677 1750 735 ἀσωμάτου

266 749 432 810 φύσεως
451 749 523 794 τὸν
544 749 670 793 αὐτὸν
690 749 950 805 ἐπιδέχεσθαι
973 746 1095 805 λόγον
1116 748 1192 803 τὴν
1221 749 1422 807 ἐνέργειαν
1441 753 1494 807 τῇ
1519 749 1651 809 οὐσίᾳ.
1698 748 1751 792 τὰ

267 822 312 865 δὲ
332 820 405 864 τὸν
428 819 556 863 αὐτὸν
574 817 696 877 λόγον
713 816 977 876 ἕπιδεχόμενα
1001 816 1076 862 δύο
1098 819 1182 862 ἐστὶ
1193 852 1206 872 ,
1237 820 1305 862 καὶ
1326 818 1403 875 οὐχ
1422 818 1475 863 ἕν.
1514 820 1581 862 καὶ
1604 821 1639 862 εἷ
1657 816 1748 872 δύο,

265 895 354 942 πῶς
368 892 497 948 χωρὶς
518 888 765 946 ἡστινοσοῦν
787 889 892 947 πρὸς
911 887 1071 946 ἄλληλα
1092 890 1300 947 διαφορᾶς
1308 909 1323 945 ‚·
1355 884 1430 947 ἆρ’
1452 883 1524 932 οὗν
1548 888 1595 931 οὗ
1618 885 1752 944 διενή-
1765 895 1794 930 1(

265 978 360 1017 νοχε
380 960 428 1003 τὸ
448 964 637 1003 θεᾶσθαι
656 964 731 1002 τοῦ
751 963 1002 1014 θεοποιοῦν,·
1040 957 1067 1015 ἢ
1088 960 1156 1001 καὶ
1177 962 1369 1002 θεοποιεῖ
1384 956 1524 1001 πάνθ’
1547 956 1626 1001 ὅσα
1645 962 1753 1001 θεᾶ-

265 1048 336 1074 ται
365 1027 466 1080 θεός
477 1049 492 1086 ,·
529 1030 612 1073 ἐπεὶ
634 1029 679 1072 δὲ
711 1027 938 1085 διενήνοχε,
965 1026 1026 1085 μή
1055 1045 1095 1071 τι
1116 1026 1276 1072 τούτων
1294 1029 1381 1072 ἐστὶ
1399 1025 1626 1084 κτιστόν,·”
1665 1025 1752 1070 εἶτα

267 1097 576 1155 ἐπανελάμβανε
591 1097 697 1142 καθ’
723 1098 875 1142 ἕκαστα
898 1098 947 1142 τὸ
969 1098 1297 1155 προγνωστικὸν,
1321 1097 1368 1141 τὸ
1391 1097 1655 1155 δημιουργὸν,
1678 1097 1754 1153 τὴν

232 1170 376 1228 Οπρὸς
393 1169 442 1213 τὸ
460 1170 631 1227 ἐνεργεῖν
651 1165 897 1225 ἑτοιμότητα
905 1201 918 1221 ,
943 1169 1010 1210 καὶ
1028 1166 1174 1212 τᾶλλα.
1211 1165 1305 1221 „aig
1326 1167 1404 1224 γὰρ
1427 1166 1448 1210 ὃ
1469 1167 1609 1219 vois-3²
1632 1168 1749 1224 φησὶ,

267 1239 382 1296 „uic
405 1237 635 1295 ἐπιστήμας
654 1235 990 1295 προσλαμβάνων
1018 1235 1218 1287 σύνθετος
1244 1236 1292 1280 οὗ
1321 1238 1496 1293 γίνεται,
1529 1236 1601 1279 τὸν
1622 1236 1749 1279 αὐτὸν
1763 1245 1794 1281 1ἐ

268 1308 440 1367 τρόπον,
470 1311 540 1352 καὶ
563 1312 703 1368 πολλῷ
721 1312 908 1364 μᾶλλον,
942 1306 988 1350 τὸ
1016 1305 1318 1364 προγνωστικὸν
1351 1307 1419 1348 καὶ
1445 1304 1584 1356 πάσας
1610 1304 1752 1356 ἅπλῶς

268 1380 346 1430 τὰς
374 1377 572 1429 τοιαύτας
604 1376 796 1434 δυνάμεις
827 1394 870 1421 τε
906 1378 974 1420 καὶ
1008 1377 1207 1434 ἐνεργείας
1231 1373 1466 1433 φυσικῶςῆ
1497 1377 1595 1418 θεία
1627 1373 1752 1433 φύσις

269 1447 423 1505 ἔχουσα
442 1446 648 1498 σύνθετος
666 1447 741 1491 οὐκ
764 1446 891 1490 {cufi
924 1447 992 1489 καὶ
1012 1445 1138 1501 λέγειν
1158 1448 1347 1502 φανερῶς
1367 1444 1466 1496 τοὺς
1488 1443 1626 1502 ἁγίους
1645 1444 1750 1502 ἔφα-

271 1535 343 1563 σκε
358 1519 447 1575 μὲν,
469 1517 518 1562 οὗ
537 1515 747 1574 παρήγαγε
767 1518 794 1560 δ
800 1516 812 1532 ‘
836 1514 919 1559 οὔτ’
944 1517 999 1566 εἷς
1013 1514 1112 1567 ὄψιν
1134 1513 1227 1558 οὔτ’
1251 1515 1308 1565 εἷς
1321 1514 1447 1571 ἀκοὴν
1459 1514 1664 1572 γραφικᾶς
1678 1514 1752 1557 οὗ-

235 1589 393 1639 Βδενὸς
410 1588 657 1646 μαρτυρίας.
683 1588 750 1630 καὶ
764 1584 900 1629 πάλιν·
922 1582 1015 1638 „aig
1032 1583 1112 1642 γὰρ
1133 1585 1176 1627 ἐκ
1195 1588 1299 1628 θεοῦ
1319 1584 1478 1643 πατρὸς
1491 1583 1590 1635 θεὸς
1609 1583 1666 1627 ὢν
1682 1585 1749 1626 καὶ
1761 1596 1794 1631 2(

271 1657 293 1703 ὃ
318 1658 431 1712 υἱὸς,
459 1657 534 1701 οὐκ
553 1657 679 1707 ἄλλος
702 1656 776 1712 μὲν
803 1654 914 1699 καθὸ
936 1653 1038 1704 θεὸς
1055 1650 1247 1704 ἅκτιστός
1272 1654 1405 1708 ἐστιν,
1430 1652 1555 1704 ἄλλος
1576 1654 1621 1697 δὲ
1637 1652 1748 1697 καθὸ

268 1726 381 1779 υἱός·
418 1729 487 1771 καὶ
506 1726 618 1770 καθὸ
638 1726 713 1782 μὲν
742 1724 934 1775 ἄκτιστος
955 1723 1071 1779 θεὸς,
1105 1723 1195 1775 ἴσος
1215 1723 1323 1767 κατὰ
1354 1721 1492 1768 πάντα
1515 1727 1574 1784 τῷ
1599 1723 1748 1782 πατρί·

365 1816 422 1852 19.
442 1811 629 1862 γραφικὰς
651 1813 763 1861 Capp.
788 1825 852 1861 pro
875 1808 1072 1860 γραφικόν.

270 1889 341 1921 tam
370 1889 561 1920 sectantur.
626 1884 761 1919 Idcirco
789 1884 918 1930 quippe
946 1881 1173 1917 substantiam
1204 1880 1272 1915 Dei
1296 1881 1340 1916 ab
1365 1880 1439 1916 eius
1465 1880 1667 1928 operatione
1695 1879 1750 1915 di-

271 1933 432 1969 stinctam
451 1944 530 1967 esse
546 1932 741 1973 asserimus,
754 1931 936 1966 identitate
955 1929 1108 1974 qualibet
1127 1941 1146 1962 e
1164 1928 1276 1962 medio
1294 1926 1464 1962 sublata.''
1509 1928 1647 1962 Pariter
1664 1939 1750 1961 non-

271 1980 367 2014 nulla
386 1992 407 2013 e
432 1979 593 2014 Palamae
616 1978 832 2023 dogmatibus
854 1976 1067 2017 adducebat,
1092 1986 1183 2020 quae
1210 1974 1288 2008 hinc
1316 1974 1396 2008 inde
1418 1973 1509 2008 nullo
1531 1974 1606 2008 fere
1628 1974 1750 2008 ordine

272 2026 418 2060 collecta
443 2025 638 2060 memoriter
668 2026 744 2070 ipse
767 2024 957 2058 recitabat:
983 2025 1122 2056 servata
1142 2021 1247 2055 nihilo
1276 2021 1386 2055 minus
1410 2021 1548 2065 integra
1570 2020 1749 2065 scriptoris

272 2076 406 2114 mente,
430 2075 466 2106 et
493 2072 646 2107 eiusdem
673 2069 852 2105 sententiis
881 2068 926 2104 de
957 2069 1066 2104 verbo
1090 2068 1136 2102 ad
1163 2068 1303 2102 verbum
1333 2067 1590 2102 accuratissime
1617 2067 1749 2102 relatis.

272 2119 397 2162 „Haec
415 2119 504 2154 enim
531 2118 713 2154 communis
734 2121 787 2151 est
797 2115 829 2157 ‚”
852 2115 964 2162 inquit
983 2115 1155 2157 Palamas,
1180 2118 1276 2156 „tum
1298 2114 1474 2160 gentilium
1494 2117 1564 2148 tum
1578 2113 1750 2148 Christia-

273 2176 391 2201 norum
418 2165 575 2200 doctrina
606 2164 901 2212 philosophorum:
934 2174 1055 2209 nempe
1093 2162 1127 2195 in
1157 2161 1303 2207 simplici
1334 2165 1370 2195 et
1395 2161 1598 2206 incorporea
1625 2164 1750 2194 natura

274 2211 511 2256 operationem
541 2216 576 2247 et
606 2210 831 2246 substantiam
856 2208 1008 2244 eiusdem
1034 2219 1174 2254 prorsus
1200 2220 1276 2243 esse
1306 2206 1464 2242 rationis.
1518 2207 1628 2240 Porro
1660 2218 1749 2252 quae

275 2262 359 2293 sunt
386 2257 538 2293 eiusdem
569 2258 733 2299 rationis,
762 2256 830 2290 duo
862 2260 961 2298 sunt,
984 2267 1052 2290 non
1076 2260 1191 2289 autem
1215 2266 1316 2289 unum
1349 2253 1443 2298 quid.
1500 2253 1603 2294 Quod
1626 2252 1656 2286 si
1681 2253 1748 2287 duo

276 2306 366 2348 sint,
390 2304 557 2350 quomodo
578 2305 699 2339 nullam
717 2303 808 2338 inter
831 2314 869 2337 se
886 2303 1054 2338 haberent
1071 2300 1328 2336 differentiam?
1356 2300 1447 2334 Num
1466 2298 1574 2344 igitur
1599 2298 1690 2333 inter
1711 2310 1750 2333 se

276 2363 345 2387 non
365 2351 530 2386 differunt
546 2350 667 2385 videre
686 2355 723 2384 et
745 2349 937 2385 deificare?
970 2350 1023 2384 An
1049 2359 1274 2394 quaecunque
1294 2346 1390 2380 Deus
1409 2345 1529 2387 videt,
1554 2345 1655 2380 etiam
1675 2345 1751 2379 dei-

276 2399 390 2435 fleat?
429 2398 610 2433 Iamvero
636 2396 794 2441 quoniam
831 2397 916 2431 haec
938 2395 1005 2430 duo
1031 2395 1215 2437 differunt,
1250 2404 1330 2427 num
1349 2393 1433 2438 quid
1451 2393 1570 2427 horum
1596 2397 1749 2426 creatum

278 2445 390 2481 est‘e’'
412 2443 548 2480 Deinde
563 2443 706 2479 vimDei
726 2442 1027 2488 praecognitivam‚
1052 2441 1259 2481 creafivam,
1284 2445 1319 2474 et
1335 2439 1379 2473 ad
1397 2440 1606 2485 operandum
1637 2450 1751 2484 prom-

278 2492 501 2539 ptitudinem,
518 2495 558 2526 et.
573 2490 641 2525 alia
656 2490 830 2535 sigillatim
848 2490 1041 2536 repetebat.
1072 2487 1201 2531 „Sicut
1217 2485 1341 2528 enim,’'
1364 2485 1488 2531 inquit,
1513 2496 1646 2527 ‚‚men8,
1671 2485 1749 2519 dum

278 2539 442 2575 scientias
469 2537 642 2584 acquirit,
667 2548 735 2571 non
762 2536 804 2570 fit
824 2535 1035 2582 composita,
1067 2536 1118 2570 ita
1146 2533 1248 2568 etiam
1270 2536 1306 2567 et
1330 2532 1433 2577 longe
1461 2531 1589 2578 potiori
1616 2532 1750 2565 ratione

279 2585 399 2620 divina
417 2589 560 2626 natura,
585 2594 661 2618 cum
679 2582 746 2618 vim
762 2582 1075 2628 praecognitivam,
1096 2579 1446 2627 praeintellectivam‚
1470 2582 1506 2613 et
1531 2589 1644 2613 omnes
1670 2577 1749 2611 sim-

280 2632 419 2678 pliciter
440 2629 632 2668 huiusmodi
650 2629 832 2665 facultates
849 2636 884 2663 et
901 2629 1143 2675 operationes,
1167 2625 1372 2661 naturaliter
1392 2625 1539 2666 babeat,
1563 2623 1750 2669 composita

280 2690 348 2713 non
363 2678 450 2713 est.‘'
497 2678 547 2714 Et
564 2675 747 2711 iactitabat
773 2675 911 2721 quidem
938 2675 1031 2710 istud
1050 2688 1071 2710 a
1097 2675 1163 2708 SS.
1187 2673 1351 2707 Patribus
1369 2671 1547 2706 evidenter
1565 2669 1750 2705 affirmari:

279 2725 344 2759 sed
365 2725 488 2759 nullius
507 2737 528 2760 e
543 2722 685 2769 scriptis
703 2721 897 2757 testimonia
913 2722 1132 2768 proferebat,
1158 2730 1246 2766 quae
1263 2719 1382 2753 videre
1403 2721 1462 2752 aut
1488 2717 1608 2751 audire
1631 2727 1751 2761 posse-

281 2782 367 2805 mus.
419 2772 469 2805 Et
484 2771 625 2806 iterumz
654 2781 755 2812 „nam
775 2768 1053 2814 quemadmodum
1079 2767 1211 2809 Filius,
1243 2777 1286 2800 ex
1314 2765 1390 2799 Deo
1416 2764 1522 2798 Patre
1557 2762 1749 2809 procedens

282 2817 397 2859 Deus,
419 2829 487 2852 non
514 2817 602 2852 alius
625 2820 681 2851 est
702 2827 724 2851 a
750 2815 877 2856 Patre,
902 2820 1070 2860 quatenus
1090 2813 1186 2848 Deus
1204 2816 1259 2847 est
1275 2811 1468 2854 increatus3
1492 2809 1554 2845 sed
1573 2809 1659 2843 alius
1682 2811 1736 2842 est

279 2867 452 2911 quatenus
467 2863 595 2900 Filius:
617 2866 655 2899 et
670 2862 707 2898 iu
724 2865 889 2909 quantum
905 2862 999 2898 Deus
1015 2866 1070 2898 est
1084 2861 1270 2902 increatus,
1294 2857 1395 2894 Patri
1410 2868 1475 2905 per
1489 2856 1602 2893 omnia
1621 2866 1749 2901 aequa-
