1794 3172
233 127 335 175 622
436 152 438 154 v
637 129 953 176 NICEPHORI
986 128 1312 174 GREGORAE

12 253 49 286 A.
69 251 113 285 M.
125 249 219 287 6850
234 241 417 299 πτούσης
448 239 581 300 ὁρμῆς
624 241 695 284 καὶ
733 238 850 297 μάλα
891 257 958 284 τοι
999 237 1168 298 σφόδρα
1210 239 1352 295 βιαίας
1388 236 1717 290 ἇνταποδόσεως.

57 300 127 333 ῙΜ·
143 299 225 379 1οΕ
237 312 331 375 (Δ.)
360 311 651 361 Ἐπεκθέοντες
683 309 727 354 δ’
754 306 828 354 οὖν
857 308 1115 367 ἑκατέρωθεν
1139 309 1265 352 ἐνίοτε
1280 341 1292 362 ,
1334 312 1408 352 νῦν
1426 310 1500 365 μὲν
1523 310 1566 352 ἐκ
1585 311 1721 354 Διδυ-

233 384 427 442 μοτείχου
455 381 562 431 τινὲς
588 384 672 424 τῶν
702 383 994 438 στρατιωτῶν,
1031 383 1107 423 νῦν
1134 378 1176 421 δ’
1204 377 1528 436 ἐξὈρεστιάδος
1548 381 1618 422 καὶ
1636 384 1721 422 τῶν

234 454 350 512 πέριξ
370 451 603 509 πολιχνίων,
640 450 798 506 πολλὴν
815 451 891 506 μὲν
911 451 1065 493 ἐκεῖθεν
1082 446 1233 492 ἐνθάδε
1252 449 1364 499 λείαν
1384 448 1580 504 ἤλαυνον,
1616 453 1721 492 πολ-

235 524 311 580 λὴν
328 522 373 566 δ’
395 523 587 565 ἐντεῦθεν
606 520 752 564 ἐκεῖσε·
788 521 905 577 νίκην
939 519 984 562 δέ
1003 520 1072 562 καὶ
1094 517 1213 569 τέλος
1234 519 1436 562 ἐπιθεῖναι
1461 522 1514 577 τῇ
1539 521 1717 577 σπουδῇ,
1732 530 1756 566 5

235 593 310 638 οὐκ
333 587 386 648 ’ἦν
415 589 617 648 οὖδετέρῳ
653 588 752 633 κατ’
782 589 1023 647 οὐδετέρου·
1061 587 1159 631 ἀλλ’
1185 589 1355 632 ἐδίωκον
1375 585 1573 644 ἀνήνυτα.
1613 589 1656 631 αἱ
1678 590 1724 632 δὲ

197 660 374 712 Ε’πόλεις
394 659 638 719 ἐφθείροντο
659 661 854 715 διηνεκῶς
873 657 952 718 ὑφ’
980 656 1140 702 ἑαυτῶν
1160 657 1296 715 ἠρέμα
1324 659 1398 701 καὶ
1425 658 1532 701 κατὰ
1549 656 1697 716 μικρόν
1710 672 1720 682 ·

239 734 307 776 καὶ
327 727 393 788 ἦν,
424 727 481 781 ὥς
504 729 621 784 ἔοικε,
645 726 842 786 βούλημα
867 734 985 773 θεῖον
1015 730 1084 772 καὶ
1103 732 1251 786 ’ψῆφος
1282 727 1448 771 ἄνωθεν
1465 733 1720 786 κυρωθεῖσα,

239 803 475 860 ἐκτριβῆναι
500 800 569 843 καὶ
603 803 878 857 γυμνωθῆναι
909 798 988 848 τὰς
1014 796 1151 848 πόλεις
1170 796 1400 854 χρημάτων
1422 799 1491 841 καὶ
1512 795 1636 854 δόξης
1655 800 1725 841 καὶ

238 870 393 923 τάξεως
427 871 471 913 ἐκ
511 872 588 925 τῆς
612 870 813 927 ἐμφυλίου
849 869 1025 925 ταυτησὶ
1049 866 1246 918 στάσεως.
1317 865 1410 928 (E.)
1449 871 1540 924 Τῆς
1570 884 1612 924 γε
1640 868 1724 924 μὴν
1737 878 1782 913 10

240 941 443 999 ἐμφυλίου
465 937 605 995 μάχης
633 940 701 982 καὶ
734 936 972 998 ἀλλοφύλου
1005 937 1053 981 τὸ
1085 936 1335 988 ἐξαλλάττον
1373 939 1442 981 καὶ
1476 935 1675 995 ὑπερέχον
1700 936 1722 981 ὅ

238 1009 588 1065 Καντακουζηνός
616 1006 811 1062 ἐξετάζων
854 1007 931 1065 τὴν
957 1008 1034 1064 μὲν
1063 1010 1319 1067 παροξυσμῷ
1341 1009 1409 1051 καὶ
1425 1012 1611 1066 πυρετῷ,
1647 1007 1725 1064 τὴν

109 1083 231 1120 Ρι383
243 1081 288 1124 δὲ
313 1079 453 1138 θέρμῃ
474 1095 518 1122 τε
535 1079 691 1140 θέρους
706 1081 775 1123 καὶ
792 1077 915 1135 ψύξει
929 1082 1133 1134 χειμῶνος
1150 1077 1279 1135 ἔλεγεν
1300 1078 1471 1121 ἐοικέναι
1485 1091 1495 1101 ·
1532 1079 1600 1120 καὶ
1623 1076 1727 1121 εἶναι

239 1150 288 1194 τὸ
320 1147 518 1207 ὖπερέχον
547 1148 733 1207 θατέρου
767 1149 872 1208 πρὸς
897 1146 1081 1206 θάτερον
1119 1145 1236 1203 μάλα
1266 1145 1386 1192 πολύ.
1435 1147 1512 1204 τὴν
1541 1148 1617 1203 μὲν
1644 1148 1726 1206 γὰρ

242 1219 398 1272 ἔξωθεν
416 1216 542 1275 ψύξιν
571 1216 674 1262 εἶναι
699 1220 769 1262 καὶ
793 1216 1059 1277 προσθήκαις
1084 1215 1324 1273 ἐνδυμάτων
1360 1219 1512 1261 ἐᾶσθαι
1548 1218 1618 1260 καὶ
1643 1236 1726 1261 πυ-
1738 1226 1784 1263 15

245 1289 317 1348 ρὸς
342 1289 537 1348 εὐπορία·
574 1290 643 1331 καὶ
667 1284 720 1332 αὗ
744 1287 821 1345 τὴν
843 1288 1000 1340 ἔξωθεν
1027 1286 1254 1331 ἐπεισόδιον
1285 1287 1450 1345 θέρμην
1485 1286 1728 1342 ἐνδυμάτων

242 1376 287 1402 τε
314 1357 553 1416 ὖφαιρέσεσι
579 1360 647 1402 καὶ
678 1358 838 1414 ἀνέμων
867 1365 1031 1408 πνοαῖς·
1078 1357 1178 1409 τούς
1198 1357 1242 1401 δ’
1274 1356 1446 1401 ἔνδοθεν
1464 1358 1729 1423 τικτομένους

243 1428 446 1486 πυρετοὺς·
474 1428 518 1479 ἐξ
554 1426 735 1485 ἐγκάτων
770 1426 986 1484 δύσμαχον
1012 1425 1114 1471 εἶναι
1143 1429 1210 1470 καὶ
1235 1426 1351 1484 μάλα
1375 1425 1729 1484 ἀνανταγώνιστον

239 1503 402 1557 χρῆμα.
476 1496 556 1557 (ς.)
581 1498 634 1542 Οἱ
651 1499 695 1542 δὲ
716 1498 784 1542 διὰ
802 1498 875 1542 τὸν
895 1497 1242 1554 Καντακουζηνὸν
1259 1495 1459 1557 ἐξόριστοι
1477 1499 1546 1540 καὶ
1566 1500 1730 1554 δεσμῶ-

203 1571 327 1621 Βται,
365 1568 433 1610 καὶ
455 1565 545 1611 ὅσοι
563 1565 802 1625 λεληθότως
822 1569 863 1612 ἐν
882 1574 974 1619 ταῖς
992 1564 1134 1611 πόλεσι
1152 1567 1207 1611 τὰ
1225 1568 1377 1612 ἐκείνου
1398 1567 1602 1611 διετέλουν
1621 1586 1728 1627 φρο-
1740 1573 1788 1610 20

243 1642 432 1691 νοῧντες,
466 1636 666 1696 μετέωροι
693 1644 785 1689 ταῖς
807 1638 963 1682 ἐλπίσιν
993 1633 1103 1695 ἦσαν
1122 1636 1244 1695 ἐάρος
1271 1637 1544 1691 ἐπισείοντος,
1583 1638 1730 1695 εὐμενῆ

245 1705 591 1763 καταστήσεσθαί
607 1724 724 1767 σφισι
745 1708 821 1765 τὴν
844 1705 987 1764 τύχην.
1029 1707 1125 1750 ἀλλ’
1150 1706 1235 1765 ἄρα
1257 1702 1366 1764 ἦσαν
1393 1704 1554 1764 μάταια
1575 1707 1627 1751 τὰ
1647 1712 1732 1752 τῶν

247 1777 435 1821 ἐλπίδων.
475 1774 530 1828 ὥς
562 1777 642 1836 γὰρ
681 1778 746 1820 ἐπὶ
767 1775 1065 1837 μανδραβόλου
1089 1777 1141 1820 τὰ
1165 1778 1316 1821 ἐκείνου
1350 1779 1544 1839 διηνεκῶς
1573 1775 1730 1837 ἐχώρει.

247 1876 412 1910 suamque
432 1875 518 1910 erga
535 1863 630 1900 illum
646 1864 900 1901 observantiam
920 1876 959 1900 re
977 1863 1226 1909 significarent,
1247 1864 1307 1899 illo
1327 1864 1461 1900 scilicet
1478 1864 1581 1900 noxio
1599 1864 1733 1911 impetu

250 1911 569 1956 violentissimaque
590 1912 878 1947 remuneratione.
933 1911 1036 1956 (IV.)
1068 1910 1243 1956 Utrinque
1265 1911 1378 1956 igitur
1403 1911 1576 1946 interdum
1605 1924 1734 1946 excur-

248 1962 389 1999 rentes,
412 1969 501 1992 nunc
522 1957 628 2003 aliqui
645 1970 688 1992 ex
706 1958 950 2004 Didymoticho
972 1957 1121 1999 milites,
1145 1969 1235 1992 nunc
1261 1969 1304 1992 ex
1327 1958 1516 1993 Orestiade
1538 1958 1733 2004 vicinisque

251 2004 439 2050 oppidulis,
456 2004 594 2038 multam
613 2004 695 2039 inde
714 2006 782 2039 huc
795 2005 971 2051 praedam,
990 2005 1197 2049 multamque
1214 2004 1295 2038 hinc
1313 2005 1395 2039 illuc
1412 2004 1610 2050 abigebant.
1633 2006 1734 2040 Neu-

250 2050 299 2085 tri
320 2054 433 2085 autem
452 2054 613 2096 poterant
631 2051 791 2094 vincere,
815 2054 918 2097 atque
937 2050 988 2085 ita.
1007 2050 1109 2085 finem
1129 2050 1338 2085 contentioni
1356 2051 1550 2097 imponere:
1575 2052 1639 2087 sed
1656 2053 1735 2086 fru-

252 2102 326 2132 stra
350 2096 485 2143 quidem
504 2097 680 2132 instabant
701 2097 769 2132 sibi
794 2097 968 2143 utrinque.
1011 2098 1128 2132 Urbes
1146 2102 1261 2132 autem
1278 2103 1446 2145 perpetuo
1464 2098 1750 2138 conficiebantur*

252 2155 275 2178 a
292 2155 330 2178 se
346 2143 495 2198 invicem
521 2144 646 2179 sensim
671 2148 775 2200 atque
801 2143 978 2191 paulatim.
1025 2144 1074 2178 Et
1103 2148 1179 2179 erat
1202 2144 1268 2189 (ut
1287 2144 1450 2200 videtur)
1475 2145 1638 2191 placitum
1658 2145 1734 2180 Deo

252 2201 294 2226 ac
317 2189 459 2225 caelesti
478 2189 618 2226 decreto
638 2196 826 2234 sancitum,
849 2195 888 2225 ut
901 2191 1005 2225 urbes
1027 2195 1282 2235 attererentur,
1307 2203 1531 2238 pecuniisque
1552 2196 1588 2227 et
1604 2193 1735 2227 honore

253 2242 290 2272 et
306 2236 488 2283 dignitatis
509 2237 620 2282 gradu
667 2249 706 2272 er
728 2237 846 2272 civiles
870 2237 947 2272 illos
966 2241 1077 2272 motus
1097 2237 1338 2283 spoliarentur.
1386 2239 1466 2284 (V.)
1491 2240 1541 2274 Et
1557 2240 1735 2274 Cantacu-

252 2294 357 2318 zenus
374 2282 510 2329 quidem
527 2283 629 2318 civile
665 2284 764 2319 ellum
779 2295 856 2319 cum
874 2287 1016 2319 externo
1034 2295 1246 2330 comparans,
1270 2285 1550 2332 expendensque,
1568 2291 1735 2332 quantum

252 2330 396 2364 alterum
416 2330 460 2364 ab
478 2329 588 2365 altero
613 2329 759 2366 distaret
781 2334 816 2365 et
832 2331 1078 2366 excederetur:
1107 2330 1210 2366 civile
1229 2332 1367 2377 quidem
1386 2332 1510 2367 bellum
1531 2332 1656 2378 frigori
1674 2344 1735 2367 ca-

253 2375 390 2422 lorique
420 2376 716 2420 febricitantium3
751 2377 875 2412 bellum
895 2388 980 2411 vero
1008 2382 1185 2412 externum
1229 2378 1336 2413 calori
1375 2378 1507 2413 aestivo
1540 2378 1734 2424 frigorique

253 2422 398 2457 hiberno
425 2422 546 2458 simile·
567 2435 645 2458 esse
669 2423 868 2459 dictitabat:
909 2423 1055 2459 alterum
1085 2435 1207 2470 nempe
1244 2435 1287 2460 ex
1312 2425 1366 2459 his
1392 2425 1436 2459 ab
1461 2426 1569 2460 altero
1595 2425 1735 2460 multum

254 2469 386 2504 excedi.
434 2469 576 2516 Frigori
600 2470 689 2505 enim
713 2470 855 2512 hiemis,
888 2470 979 2516 quod
999 2473 1176 2505 externum
1197 2475 1269 2514 est,
1293 2471 1398 2506 facile
1417 2483 1493 2507 esse
1511 2471 1735 2507 vestimento-

254 2526 331 2551 rum
355 2516 554 2551 accessione
577 2521 682 2563 atque
707 2516 798 2562 ignis
822 2516 923 2562 copia
940 2517 1091 2559 mederi3
1114 2529 1235 2552 rursus
1255 2518 1403 2553 calorem
1423 2519 1586 2561 aestatis,
1611 2522 1735 2564 utpote

256 2565 436 2596 externum
455 2567 561 2609 atque
582 2563 826 2606 adventitium,
850 2563 1036 2598 subtractis
1052 2563 1265 2599 vestimentis
1285 2576 1327 2599 ac
1346 2575 1412 2610 per
1430 2570 1610 2599 ventorum
1628 2565 1735 2599 flatus

254 2608 442 2655 temperari
461 2620 585 2655 posse:
609 2610 726 2645 febres
746 2613 879 2652 autem,
902 2614 1022 2655 utpote
1043 2610 1251 2646 intrinsecus
1277 2623 1320 2645 ex
1344 2611 1429 2657 ipsis
1455 2611 1647 2646 visceribus
1673 2623 1737 2646 na-

255 2659 323 2697 tas,
347 2666 419 2690 rem
438 2667 514 2690 esse
540 2655 736 2692 indomitam
761 2661 866 2703 atque
891 2655 1155 2692 ineluctabilem.
1208 2657 1308 2702 (VI.)
1333 2657 1362 2692 Ii
1381 2669 1496 2703 porro,
1518 2658 1576 2704 qui
1594 2662 1737 2705 propter

255 2701 536 2736 Cantacuzenum
561 2708 623 2738 aut
642 2703 849 2745 exulabant,
873 2706 933 2738 aut
951 2703 988 2737 in
1004 2703 1152 2738 vinculis
1173 2707 1283 2746 erant,
1307 2703 1435 2750 quique
1459 2704 1498 2738 in
1517 2705 1659 2740 urbibus
1682 2709 1737 2739 ta-

254 2747 326 2782 cite
347 2748 399 2782 illi
419 2749 604 2792 favebant,
635 2749 663 2784 ii
682 2750 819 2796 inquam
844 2760 982 2791 omnes,
1004 2761 1089 2784 vere
1107 2754 1315 2796 appetente,
1348 2762 1411 2796 spe
1434 2751 1655 2798 erigebantur
1675 2751 1738 2785 be·-

254 2793 420 2839 nignioris
439 2794 476 2829 in
495 2800 666 2842 posterum
686 2797 855 2831 fortunae.
904 2795 977 2831 Sed
997 2800 1097 2831 erant
1116 2808 1226 2832 vanae
1243 2797 1379 2832 illorum
1396 2809 1488 2844 spes.
1535 2798 1632 2834 Illius
1648 2797 1738 2834 enim

256 2851 333 2884 res,
356 2843 396 2877 ut
415 2841 518 2887 vulgo
544 2842 642 2878 aiunt
665 2843 710 2879 de
726 2842 975 2887 Mandrabola,
999 2842 1157 2889 quotidie
1175 2843 1211 2879 in
1230 2843 1332 2890 peius
1353 2843 1599 2890 procedebant.
