1794 3172
348 134 668 183 HISTORIAE
694 132 1072 181 BYZANTINAE
1098 131 1242 180 XVII.
1260 140 1303 182 2.
1462 127 1565 177 849
1602 123 1606 127 ’

74 248 340 303 Βυζαντίων,
394 244 657 305 ἐξεκροόοντο
698 242 967 302 πανταχόθεν
1004 245 1074 289 καὶ
1113 241 1302 304 ἀπῄεσαν
1334 240 1562 303 τραῦματα
1584 252 1623 286 Δ.
1639 254 1679 286 c.
1695 247 1789 289 1348

73 323 245 363 πλεῖστα
267 315 482 374 λαβόντες·
517 317 624 374 πλὴν
646 314 712 360 ὅτι
727 312 1218 374 θαλαττοκρατήσαντες,
1251 312 1309 366 ὥς
1326 313 1552 371 ἐβούλοντό
1562 301 1789 383 lingula-ozam

73 406 121 432 τε
149 390 218 432 καὶ
244 387 375 432 πάλαι
404 388 694 444 ἐμηχανῶντο,
729 385 779 429 οὔ
811 383 942 441 μόνον
971 382 1114 435 πάσας
1141 385 1372 442 ἐχειροῦντο
1402 385 1482 436 τὰς
1519 386 1565 438 ἐξ

69 456 375 515 Ἑλλησπόντου
387 459 597 515 καταίρειν
611 457 654 507 ἐς
665 452 895 509 Βυζάντιον
905 454 1168 512 ἐπειγομένας
1185 455 1423 513 φορτηγοῧς
1441 459 1561 512 νῆας,

46 527 186 571 5ἀλλὰ
204 530 273 572 καὶ
295 527 392 572 ὅσαι
418 527 496 583 τὴν
515 527 794 582 σιτοπομπίαν
815 523 1000 581 ἐκόμιζον
1018 525 1063 567 ἐκ
1081 529 1157 568 τοῦ
1175 525 1371 576 Εὐξείνου
1378 559 1392 579 ,
1423 524 1566 576 πάσας

75 599 220 654 ἐπίσης
242 596 376 656 εἶργον
405 601 480 641 τοῦ
508 597 678 640 εἴσπλου
713 597 782 639 καὶ
812 595 1202 653 ἐξηνδραποδίζοντο
1216 608 1228 619 ·
1274 592 1332 646 ὥς
1369 595 1564 639 ἐντεῦθεν

74 665 225 712 σπάνιν
254 667 495 726 ἐγγενέσθαι
532 671 586 724 τῇ
612 663 729 710 πόλει
757 666 874 709 σίτου
909 666 980 709 καὶ
1007 669 1092 708 τῶν
1118 663 1256 716 ἄλλως
1277 663 1455 721 ἐχόντων
1472 666 1602 717 ἐπι-Ε

73 739 262 794 τηδείων.
318 735 409 797 (ς’.)
440 734 502 780 ‘H
527 737 573 779 δὲ
590 737 756 791 βασιλὶς
773 732 955 793 Εἰρήνη,
994 738 1071 778 τοῦ
1093 732 1337 792 πράγματος
1354 737 1565 794 αι’φνιδίου

74 806 424 863 συμπεπτωκότος
459 806 567 864 αῧτῇ
595 808 663 849 καὶ
695 809 781 850 τῶν
810 803 1031 863 προσόδων
1065 803 1438 860 ἀποκεκλεισμένων
1455 823 1567 849 παν-

19 879 66 914 10
77 875 285 933 ταχόθεν,
318 874 581 935 στρατιώτας
610 876 687 932 μὲν
717 875 880 932 ὀλίγους
908 876 954 918 ἐκ
978 878 1064 918 τῶν
1082 873 1408 933 παρατυχόντων
1430 877 1567 919 δοῦσα

74 951 136 1007 τῷ
165 947 243 1006 υἱῷ
270 946 508 1003 Μανουὴλ,
537 943 745 1006 ἐπιτρόπῳ
776 941 1006 1002 τηνικαῦτά
1025 961 1070 1001 γε
1099 942 1186 988 &vu
1203 950 1288 988 τῶν
1307 946 1564 1000 Βυζαντίων,

74 1017 272 1074 περιϊέναι
302 1017 379 1073 τὴν
408 1014 529 1060 πόλιν
569 1016 725 1059 ἐκέλευε
761 1017 831 1059 καὶ
865 1012 1210 1072 παραθαῤῥύνειν
1242 1013 1300 1065 ὥς
1329 1013 1460 1066 ἔξεστι
1489 1015 1565 1059 τόν

76 1085 202 1143 ὄχλον
222 1088 281 1138 εἷς
306 1086 495 1142 ἄμυναν·
530 1089 760 1144 πειρᾶσθαι
791 1085 838 1128 δὲ
866 1082 1236 1142 διαπεραιούμενον
1263 1085 1333 1127 καὶ
1349 1084 1471 1128 ’κατὰ
1491 1089 1607 1141 τῆςΕ·

74 1161 160 1200 τῶν
190 1158 397 1212 πολεμίων
426 1153 610 1207 πόλεως,
647 1151 991 1212 ἀπροσδοκήτως
1019 1155 1089 1197 καὶ
1115 1154 1348 1212 αι’φνιδιόυς
1367 1151 1568 1210 ποιούμε-

19 1228 65 1265 15
77 1244 148 1270 νον
181 1225 259 1276 τὰς
287 1224 479 1284 ἐφόδους.
519 1224 542 1269 ὃ
572 1224 624 1281 δὴ
646 1222 811 1282 νύκτωρ
839 1225 908 1267 καὶ
940 1222 1043 1280 μεθ’
1068 1221 1228 1282 ἡμέραν
1255 1227 1386 1267 ποιῶν
1416 1224 1568 1276 ἐκεῖνος

74 1295 190 1340 ἔκαεν
208 1294 289 1340 ὅσα
309 1297 471 1352 τείχους
487 1295 604 1345 ἐκτὸς
624 1290 734 1350 ἦσαν
752 1293 896 1345 αὐτοῖς
914 1291 1123 1351 προαύλια
1143 1294 1211 1336 καὶ
1232 1291 1440 1350 οἰκήματα
1459 1289 1587 1352 πρός’

73 1365 319 1423 καταγωγὴν
334 1370 420 1410 τῶν
441 1366 485 1417 ἐξ
505 1365 720 1422 ἐμπορίας.
758 1362 865 1420 αὕτη
886 1364 932 1407 δὲ
951 1363 1084 1420 συχνὰ
1104 1368 1188 1407 τῶν
1205 1365 1449 1417 Βυζαντίων
1466 1364 1567 1415 τούς

73 1435 327 1493 προέχοντας
372 1434 723 1492 μεταπεμπομένη
764 1431 905 1491 λόγοις
932 1431 1040 1489 ὅμοῢ
1082 1435 1152 1476 καὶ
1172 1440 1378 1491 χρησταῖς
1407 1435 1565 1478 ἐλπίσιν

73 1505 385 1563 εὗθυμοτέρους
415 1506 628 1558 καθίστα,
664 1505 734 1547 καὶ
767 1504 961 1559 ἐβεβαίου
990 1501 1040 1546 τὸ
1073 1500 1298 1561 πρόθυμον
1316 1508 1462 1561 σφῶν,
1494 1505 1565 1547 καὶ

18 1572 209 1635 Ξῦρᾴους
242 1575 320 1631 τὴν
349 1574 494 1631 ’ψυχὴν
524 1572 728 1632 εἰργάζετο
761 1573 865 1630 πρὸς
894 1572 968 1617 τὸν
999 1569 1194 1628 πόλεμον.
1253 1571 1349 1632 (Ζ.)
1376 1572 1488 1630 ’Ἠδη
1518 1573 1696 1623 δὲΡ.535

76 1644 155 1688 κάκ
176 1645 381 1699 βασιλέως
403 1644 559 1695 ἔξωθεν
586 1643 714 1702 ᾇτἐσαν
735 1646 987 1700 στρατιῶται
1015 1640 1224 1699 σποράδες
1241 1641 1359 1686 ἄλλοι
1382 1642 1565 1687 ἄλλοθεν

75 1715 119 1764 ἐς
140 1712 374 1767 Βυζάντιον
395 1715 465 1757 καὶ
501 1711 616 1770 λόγοι
646 1709 1023 1770 παραμυθούμενοι
1041 1712 1298 1765 Βυζαντίους
1323 1713 1393 1755 καὶ
1422 1730 1565 1771 παρα-

75 1782 356 1839 κελευόμενοι,
391 1783 453 1840 μὴ
478 1782 691 1833 πεπτωκὸς
709 1781 817 1832 ὅλως
848 1779 1089 1837 κτήσασθαι
1113 1779 1312 1840 φρόνημα
1351 1781 1459 1840 πρὸς
1484 1783 1572 1839 τὴν·

75 1851 403 1913 ἀπροσδοκήτως
421 1854 710 1910 ἐπενεχθεῖσαν
728 1853 901 1909 ταυτηνὶ
919 1849 1164 1911 συμφοράν·
1197 1852 1306 1909 μηδὲ
1323 1851 1402 1911 γὰρ
1421 1852 1562 1905 ἀνέξε-

75 2010 137 2047 tiis
155 2011 298 2047 fortiter
314 2010 634 2059 propugnantibus,
657 2009 811 2057 undique
829 2009 880 2046 illi
898 2008 1176 2056 repellebantur,
1199 2008 1384 2056 multisque
1401 2010 1563 2046 vulneri-

74 2059 140 2094 bus
159 2059 316 2105 acceptis
333 2060 559 2095 recedebant.
606 2060 736 2094 Verum
756 2058 861 2093 iidem
886 2056 991 2092 maris
1018 2056 1165 2103 imperio
1189 2056 1313 2103 potiti,
1336 2057 1386 2092 ita
1403 2064 1443 2092 ut
1462 2058 1561 2093 vole-

74 2106 161 2140 bant
184 2111 222 2139 et
238 2111 277 2140 ut
293 2105 424 2152 pridem
443 2106 633 2141 machinati
655 2106 806 2147 fuerant,
824 2116 892 2139 non
908 2103 1007 2138 modo
1023 2105 1205 2138 universas
1223 2105 1575 2150 comprehendebant.

75 2151 256 2187 onerarias
272 2163 393 2196 naves,
411 2164 502 2199 quae
519 2153 563 2187 ab
584 2152 812 2198 Hellesponto
831 2150 1038 2196 Byzantium
1057 2150 1222 2186 advenire
1243 2150 1475 2194 festinarent3
1498 2151 1562 2186 sed

77 2203 115 2233 et
134 2210 361 2245 quaecunque
377 2211 421 2234 ex
436 2200 549 2234 Ponto
567 2198 707 2233 Euxino
731 2198 938 2233 frumentum
958 2197 1193 2239 adveherent,
1216 2209 1276 2233 eas
1292 2198 1425 2243 pariter
1443 2209 1561 2233 omnes

77 2251 200 2291 portus
219 2244 367 2282 accessu
393 2246 559 2281 arcebant
585 2245 890 2291 diripiebantque3
918 2244 1119 2290 factumque
1143 2244 1246 2286 inde,
1284 2250 1325 2279 ut
1343 2245 1505 2280 frumenti
1523 2247 1561 2278 et

76 2292 221 2327 aliarum
242 2303 357 2327 rerum
384 2292 656 2328 necessariarum
686 2290 806 2337 inopia
831 2290 868 2325 in
891 2291 978 2326 urbe
1001 2290 1180 2326 existeret.
1226 2291 1327 2336 (Vl.)
1352 2290 1560 2337 Imperatrix

77 2343 193 2374 autem
216 2339 330 2381 Irene,
357 2339 414 2374 cui
431 2339 524 2374 istud
541 2339 719 2384 negotium
735 2337 950 2384 repentinum
968 2337 1163 2380 acciderat,
1191 2349 1266 2373 cum
1285 2349 1332 2372 ex
1353 2338 1442 2373 omni
1458 2342 1560 2383 parte

77 2390 284 2420 commeatus
300 2391 419 2420 essent
442 2386 646 2427 interclusi,
674 2385 795 2431 paucis
814 2383 999 2427 militibus,
1026 2384 1084 2430 qui
1100 2385 1192 2419 forte
1210 2384 1378 2427 aderant,
1403 2382 1560 2418 manueli

75 2431 148 2465 filio
172 2431 251 2466 urbi
271 2435 342 2468 tum
363 2433 544 2478 praefecto
560 2432 722 2473 traditis,
750 2431 851 2466 iubet
866 2431 1074 2476 Byzantium
1089 2430 1285 2473 circumire,
1306 2435 1343 2465 et
1363 2430 1406 2465 ad
1424 2431 1560 2464 hostem

75 2477 350 2523 propulsandum
374 2479 507 2515 animos
524 2486 688 2524 quantum
708 2475 787 2513 fieri
810 2477 942 2524 poterit
964 2477 1173 2513 multitudini
1191 2478 1341 2513 addere:
1364 2484 1435 2511 tum
1455 2475 1559 2510 etiam

76 2524 170 2559 freto
191 2525 341 2559 traiecto
370 2526 563 2570 periculum
586 2526 704 2560 facere
723 2529 761 2559 et
783 2523 932 2560 hostium
952 2524 1071 2559 urbem
1096 2524 1283 2570 improviso
1308 2535 1350 2557 ac
1368 2524 1560 2569 derepente

76 2569 233 2612 adoriri;
256 2571 348 2616 quod
364 2571 425 2607 ille
446 2572 505 2606 diu
522 2577 694 2618 noctuque
712 2571 849 2617 agitans
871 2570 984 2606 omnia
999 2569 1175 2612 incendit,
1192 2581 1280 2616 quae
1298 2569 1350 2603 illi
1370 2575 1468 2604 extra
1484 2580 1562 2603 mu-

76 2627 152 2651 rum
174 2617 340 2652 suburbia
363 2623 402 2652 et
422 2618 582 2653 aedificia
598 2618 792 2660 habebant,
814 2616 1036 2672 receptandis
1054 2617 1224 2652 mercibus
1245 2615 1430 2651 destinata.
1475 2615 1562 2661 ipsa

77 2674 163 2698 vero
186 2663 431 2709 Byzantiorum
449 2665 616 2710 primores
634 2664 793 2708 arcessit,
819 2664 935 2699 verbu
952 2668 988 2698 et
1004 2664 1097 2698 bona
1112 2675 1175 2710 spe
1189 2667 1327 2698 recreat
1347 2661 1478 2697 animos
1498 2672 1561 2696 eo-

75 2720 174 2751 rum,
198 2714 236 2743 et
259 2709 447 2746 alacriores
473 2710 518 2746 ad
544 2711 670 2746 bellum
693 2709 951 2756 suscipiendum
977 2709 1105 2746 reddit.
1159 2710 1276 2755 (vn.)
1299 2709 1372 2743 Iam
1391 2713 1503 2743 autem
1522 2709 1561 2742 et

76 2754 163 2790 foris
179 2755 242 2790 alii
262 2755 401 2792 aliunde
418 2757 566 2803 sparsim
584 2758 713 2793 milites
730 2756 937 2802 Byzantium
954 2757 999 2791 ab
1016 2756 1224 2802 imperatore
1238 2754 1334 2789 missi
1352 2754 1560 2796 veniebant3
1578 2790 1582 2792 .

75 2812 210 2836 necnon
229 2801 255 2836 ii
275 2802 405 2845 nuncii,
421 2804 482 2850 qui
496 2804 688 2849 Byzantios
706 2803 922 2846 solarentur,
940 2803 1252 2848 hortarenturque,
1272 2813 1317 2835 ne
1333 2806 1479 2847 propter
1494 2801 1563 2835 im-

76 2848 252 2894 provisam
266 2847 362 2886 illam
371 2849 505 2887 cladem
514 2851 583 2887 sibi
595 2850 726 2888 illatam
738 2850 863 2889 animia
885 2860 1031 2898 prorsus
1042 2848 1288 2896 conciderente
1309 2847 1472 2886 necenim
1482 2845 1562 2887 fieti
