1794 3172
344 124 663 179 HISTORIAE
692 131 1069 178 BYZANTINAE
1095 131 1218 176 ΧΠ.
1248 139 1290 180 2.
1452 128 1549 176 801

64 248 228 288 θᾶττον
257 241 286 300 ἢ
316 243 427 287 κατὰ
456 243 535 301 τὴν
573 244 737 287 ἐκείνων
768 240 970 299 βούλησιν
1006 249 1097 294 τοῖς
1136 240 1352 302 ἡμετέροις
1388 247 1555 300 λαιμοῖς
1576 255 1663 288 A.c.
1682 252 1776 290 134⁷

63 311 391 371 προσαράξωμεν
402 347 417 367 ,
452 316 520 357 καὶ
548 315 619 356 ‘lm
650 313 766 371 παρὰ
790 318 993 370 τοσοῦτον
1016 310 1238 371 πικρότερα
1255 318 1340 358 τῶν
1362 302 1775 384 διωγμῶνιωζέἓὲοῖὼ

62 382 119 427 τὰ
144 388 229 427 τῶν
258 383 448 438 ἄμοιβῶν
477 380 802 439 καρπωσιόμεθα
830 383 928 439 τέλη
941 416 956 436 ,
986 381 1173 441 παρόσον
1191 381 1287 427 τότε
1300 384 1377 440 μὲν
1395 384 1555 436 ἐλπίδες
1687 373 1696 382 ⁰

64 452 305 508 εὐδαίμονες
323 450 442 508 ἦμῶν
465 453 513 497 τὸ
531 451 731 508 ἧδόμενον
749 452 924 507 ἔβοσκον
938 466 949 476 ·
985 457 1059 496 νῦν
1079 453 1125 496 δὲ
1142 454 1210 495 καὶ
1232 453 1309 505 τὰς
1329 457 1415 498 τῶν
1439 455 1554 497 ἐλπί-

33 523 152 572 5δων
169 524 357 580 γλυκείας
385 522 519 580 αὔρας
546 521 567 566 ὅ
588 522 662 572 σὸς
678 519 798 578 ἡμῶν
816 524 860 565 ἐκ
878 525 953 565 τοῦ
975 526 1218 581 προφανοῦς
1238 521 1453 582 ἀφῄρηται
1469 532 1595 568 rra-E

62 590 158 649 τήρ.
198 590 300 635 εἶναι
320 592 399 651 γὰρ
419 597 506 636 τῶν
527 590 722 635 ἁπάντων
744 589 859 647 οἶμαι
875 592 1050 649 μηδένα,
1090 592 1136 643 ὃς
1160 591 1213 636 ἂν
1232 593 1402 651 ἐνέχυρα
1422 595 1554 653 παρέ-

57 665 215 717 χεσθαι
244 660 439 716 δύναιτο,
485 662 546 718 μὴ
575 659 767 705 θάνατον
798 660 901 706 εἶναι
921 660 1135 718 ταχύπουν
1165 662 1296 714 εὐθὺς
1314 663 1369 707 τὰ
1385 662 1553 709 πάντων

60 729 181 787 ἡμῶν
200 732 383 787 ἐπιτίμια
414 731 520 790 πρὸς
548 736 624 788 τῆς
643 731 1039 788 βασιλίδοςἌννης,
1075 730 1137 783 οἷς
1156 730 1370 789 δήπουθεν
1390 735 1553 786 ἐξέσται

63 803 135 858 ζῇν
160 799 266 856 μετά
286 818 330 858 γε
363 801 438 856 τὴν
467 806 542 845 τοῦ
569 806 647 845 σοῦ
668 801 828 860 πατρὸς
855 800 1111 859 ἀπαλλαγήν.
1150 802 1247 860 φέρε
1276 805 1439 858 τοίνυν,
1475 804 1553 856 ἕως

6 884 51 918 10
61 868 181 926 ἡμῶν
213 871 352 915 αὐτῶν
379 869 497 927 ἡμεῖς
526 873 649 927 ἐσμεν
679 870 840 930 κύριοι,
872 871 1059 929 γενναῖόν
1086 888 1127 915 τι
1147 874 1301 930 δρᾶσαι
1321 873 1552 931 προθυμή-

58 945 177 996 θη-τι,
215 948 309 992 ταῖς
328 942 448 997 ἓμαῖς
465 939 568 998 ὑπὲρ
592 946 670 985 σοῦ
688 943 756 985 καὶ
778 939 899 997 ἡμῶν
919 940 1168 998 πειθόμενος
1186 947 1460 998 συμβουλαῖς,
1492 944 1547 988 ἵν’

59 1008 219 1054 οὖτωσί
235 1028 325 1062 πως
346 1011 420 1055 τὸν
451 1010 623 1070 αἰσχρὸν
655 1013 724 1054 καὶ
744 1010 871 1055 ἀκλεᾶ
894 1013 1084 1056 κίνδυνον
1099 1011 1449 1070 ἀποκρούσασθαι
1472 1016 1590 1060 δι’-Ε

57 1085 269 1136 νηθῶμεν.
303 1081 432 1139 μέρος
451 1081 532 1140 γὰρ
556 1085 632 1138 τῆς
658 1081 760 1138 ὅλης
782 1081 915 1139 ἀρχῆς
939 1079 1193 1139 ὑφελόμενος
1222 1084 1374 1126 οἰκείαν
1404 1089 1549 1144 σαυτῷ

57 1148 412 1208 περιποιήσασθαι
443 1148 751 1210 προθυμήθητι
779 1153 1018 1206 βασιλείαν,
1061 1154 1182 1206 ζῶντι
1210 1153 1287 1209 μὲν
1305 1150 1547 1210 ὖπήκουσαν
1569 1177 1575 1183 ·

1 1231 46 1267 15
59 1225 118 1279 τῷ
141 1225 202 1280 σῷ
229 1223 380 1279 πατρὶ,
411 1225 648 1265 τελευτῶντι
677 1222 746 1275 δὲ,
783 1219 1025 1278 ἰδιότροπον
1053 1222 1252 1280 ἐσομένην
1280 1239 1347 1267 σοι
1374 1229 1451 1267 τοῦ
1477 1226 1548 1283 ζῇν

56 1288 311 1347 καταφύγων
329 1291 530 1350 ἀσφαλές.
568 1293 683 1336 δυοῖν
703 1291 784 1349 γὰρ
806 1290 999 1335 ἐντεῦθεν
1018 1290 1118 1349 ἡμῖν
1136 1292 1251 1337 ἔσται
1270 1291 1481 1351 θάτερον,
1518 1293 1546 1351 ἢ

54 1359 131 1416 τὴν
154 1358 370 1414 σώζουσαν
395 1362 439 1404 ἔκ
470 1362 715 1421 τάσφαλοῦς
741 1360 1092 1418 κατακτήσασθαι
1121 1361 1276 1420 τύχην,
1314 1362 1342 1419 ἢ
1364 1368 1449 1408 τῶν
1468 1368 1546 1408 τοῦ

54 1428 264 1486 παρόντος
281 1429 551 1488 ἀπηλλάχθαι
583 1431 660 1488 τὴν
690 1433 889 1488 ταχίστην
907 1434 1004 1488 βίου
1026 1434 1259 1492 δυσχερῶν·
1296 1431 1359 1484 οἷς
1378 1435 1679 1490 συνεζη-Ρ.504

54 1500 166 1544 κε’ναι
175 1534 190 1554 ,
220 1499 364 1557 μόνοις
387 1500 487 1545 εἶναι
505 1502 690 1561 φορητὸν
708 1503 873 1552 ἐκείνοις
892 1500 1007 1558 οἶμαι
1018 1536 1033 1556 ,
1069 1500 1132 1553 οἷς
1162 1502 1238 1546 οὐκ
1257 1502 1380 1560 ἄχαρι
1399 1505 1546 1561 φαίνε-

0 1583 124 1619 Ξοται
149 1571 246 1614 οὐδὲ
274 1570 443 1629 σφόδρα
470 1570 724 1627 κακόδαιμον
732 1605 747 1626 ,
780 1569 999 1629 μάρτυρας
1029 1576 1107 1628 τῆς
1132 1570 1331 1628 αῗσχύνης
1360 1573 1430 1615 διὰ
1444 1575 1543 1628 βίου

53 1641 131 1692 τὰς
147 1638 223 1684 τοῦ
241 1638 359 1696 ἡλίου
381 1646 607 1695 κεκτῆσθαι
626 1640 800 1698 αὖγάς.”
824 1641 922 1684 ἀλλ’
935 1639 957 1684 ὃ
975 1642 1052 1697 μὲν
1062 1640 1391 1698 ἈσὰνἸωάννης
1402 1641 1543 1686 τοιάν-

54 1713 99 1754 δε
123 1710 216 1754 τινὰ
235 1708 380 1768 διεξῄει
405 1711 480 1767 τὴν
506 1711 750 1767 συμβουλὴν
774 1710 878 1769 πρὸς
903 1711 978 1754 τὸν
1008 1711 1258 1770 ἀδελφιδοῦν
1284 1714 1538 1767 Marem-ov,

53 1780 189 1840 ἑαυτῷ
205 1797 248 1824 τε
267 1780 438 1839 κάκείνῳ
457 1782 526 1824 καὶ
540 1782 746 1838 συγγενέσι
764 1782 832 1824 καὶ
846 1782 983 1839 φίλοις
998 1780 1294 1839 προμνώμενος
1308 1781 1360 1825 τὸ
1372 1780 1542 1826 ἀκίνδυ-

51 1868 135 1895 νον.
159 1850 248 1910 (Γ.)
268 1850 391 1908 Πρὸς
411 1850 458 1894 ὃν
478 1849 501 1894 ὅ
520 1850 769 1909 ἀδελφιδοῦς
778 1853 1015 1902 ΙΠατθαῖος
1034 1851 1226 1908 ἠμείβετο
1245 1849 1359 1896 τάδε.
1387 1852 1542 1910 »κᾶγὼ

140 1962 178 1998 2.
199 1957 493 2008 προσαρᾶξωμεν
513 1960 613 1997 Boiv.
637 1972 703 2009 pro
724 1958 952 2008 προσαῤῥᾶξ.

49 2053 123 2088 lent
138 2053 408 2097 admoveremus,
432 2057 538 2100 atque
552 2058 594 2090 ut
610 2066 683 2089 eam
700 2054 956 2101 perciperemus
973 2054 1107 2089 demum
1122 2053 1323 2098 mercedem,
1342 2066 1432 2102 quae
1449 2056 1536 2102 ipsis

49 2101 155 2145 fugae
173 2101 343 2135 aerumnis
368 2113 409 2135 eo
426 2106 520 2136 esset
539 2103 716 2144 acerbior,
740 2102 835 2148 quod
852 2102 921 2136 illis
941 2102 1079 2148 quidem
1101 2102 1315 2147 temporibus
1334 2102 1536 2148 praeclarae

48 2159 129 2192 spes
148 2147 375 2192 cupiditatem
395 2155 548 2183 nostram
575 2149 735 2191 alebant3
756 2160 846 2184 nunc
866 2160 950 2183 vero
972 2149 1084 2195 ipsam
1110 2160 1246 2195 quoque
1267 2149 1346 2195 spei
1366 2150 1534 2184 suavissi=

45 2205 135 2228 mam
154 2205 272 2228 auram
289 2200 369 2229 tuus
388 2194 490 2230 nobis
507 2200 609 2242 pater
629 2201 751 2242 aperte
767 2195 907 2242 eripuit.
953 2196 1134 2231 Neminem
1151 2196 1241 2230 enim
1258 2202 1343 2242 puto
1360 2208 1450 2238 esse,
1474 2197 1535 2243 qui

46 2240 251 2287 pignoribus
271 2241 378 2276 firmis
396 2253 522 2277 cavere
547 2242 646 2276 uobis
670 2242 802 2288 possit,
825 2254 894 2277 non
912 2248 1107 2278 curaturam
1127 2254 1205 2277 esse
1230 2244 1363 2278 Annam
1382 2243 1534 2289 impera-

46 2287 189 2330 tricem,
218 2293 258 2322 ut
280 2300 398 2323 omnes
415 2289 487 2323 cita
506 2294 616 2324 morte
638 2290 756 2324 statim
779 2289 982 2335 puniamur,
1005 2289 1065 2336 qui
1088 2289 1227 2334 parenti
1246 2295 1307 2324 tuo
1326 2290 1533 2336 superstites

45 2334 156 2368 futuri
174 2346 303 2372 sumus.
350 2337 427 2381 Age
448 2335 570 2381 igitur,
595 2336 755 2382 quamdiu
779 2348 892 2371 sumus
910 2337 1021 2370 nostri
1035 2336 1140 2379 iuris,
1163 2337 1376 2382 praeclarum
1399 2337 1532 2371 facinus

45 2380 368 2428 concipe,‘meisque
384 2381 436 2416 tui
454 2390 490 2418 et
505 2383 575 2417 mei
590 2395 695 2418 causa
713 2382 865 2418 consiliis
880 2383 1081 2428 obsequere,
1093 2394 1161 2429 quo
1177 2395 1240 2418 uos
1257 2388 1362 2429 turpe
1379 2389 1416 2418 et
1430 2383 1534 2428 igno-

45 2427 115 2461 bile
132 2428 322 2474 periculum
339 2429 391 2463 sic
409 2430 656 2475 propulsemus.
703 2429 830 2464 Totius
846 2430 983 2475 imperii
999 2435 1102 2476 parte
1118 2430 1247 2472 ablata,
1272 2430 1449 2476 proprium
1467 2429 1534 2464 tibi

44 2485 171 2519 parare
193 2474 374 2521 imperium
401 2476 552 2519 enitare,
577 2476 669 2522 quod
696 2477 834 2522 parenti
857 2477 994 2523 quidem
1018 2482 1102 2519 tuo,
1124 2477 1205 2512 dum
1225 2477 1257 2512 is
1280 2477 1435 2510 victurus
1462 2480 1531 2522 est,

43 2520 271 2564 subiiciatur3
301 2534 345 2557 eo
373 2531 485 2557 autem
507 2529 660 2566 mortuo,
685 2523 858 2569 peculiare
877 2523 924 2558 sit
942 2528 980 2558 et
1001 2523 1134 2558 firmum
1157 2523 1222 2559 tibi
1249 2523 1369 2558 salutis
1397 2523 1532 2568 praesi-

42 2567 148 2601 dium.
195 2567 348 2603 Duorum
370 2569 459 2604 enim
482 2569 627 2604 alterum
645 2571 743 2604 nobis
761 2570 843 2605 inde
863 2571 1021 2605 futurum
1035 2574 1111 2613 est,
1134 2574 1173 2605 ut
1191 2574 1250 2605 aut
1265 2569 1380 2605 securi
1397 2569 1531 2604 saluta-

43 2625 115 2648 rem
133 2613 306 2650 fortunam
325 2626 591 2662 consequamur,
615 2622 676 2651 aut
695 2617 891 2663 praesentis
908 2617 1005 2651 vitae
1020 2616 1276 2652 calamitatibus
1299 2627 1399 2661 quam
1419 2616 1530 2651 celer·

42 2659 128 2694 rime
147 2660 350 2702 h'berernur3
372 2663 498 2708 quibus
516 2664 687 2698 interesse
706 2663 890 2699 tolerabile
909 2663 954 2698 iis
975 2663 1146 2699 duntaxat
1164 2675 1242 2698 esse
1259 2663 1418 2698 existimo
1430 2688 1441 2704 ,
1466 2662 1528 2708 qui

41 2717 108 2740 nou
126 2706 300 2752 ingratum
315 2708 400 2743 illud
419 2714 456 2744 et
471 2710 694 2745 miserrimum
709 2715 852 2755 putant,
878 2710 983 2745 solem
996 2710 1127 2746 habere
1140 2710 1350 2755 ignominiae
1369 2720 1453 2743 suae
1469 2716 1527 2743 te-

42 2758 130 2787 stem
148 2754 384 2799 perpetuum.'’
417 2757 518 2791 Haec
534 2757 681 2791 loannes
699 2760 830 2792 Asanes
848 2757 1029 2792 matthaeo
1045 2757 1174 2792 sororis
1192 2768 1275 2791 suae
1295 2755 1366 2790 filio
1384 2756 1420 2790 in
1435 2756 1527 2790 hunc

41 2799 119 2833 fere
143 2799 279 2836 modum
302 2801 431 2845 suasit,
454 2803 508 2837 sui
527 2807 563 2837 et
578 2803 692 2845 illius,
717 2803 798 2838 item
817 2810 1043 2850 cognatorum
1071 2807 1109 2838 et
1132 2803 1318 2839 amicorum
1345 2802 1526 2837 securitati

42 2846 268 2894 prospiciens.
315 2848 419 2895 (111.)
436 2849 636 2886 Matthaeus
653 2862 738 2886 vero
755 2862 802 2886 ex
820 2862 941 2887 sorore
959 2862 1068 2898 nepos
1083 2849 1139 2886 his
1156 2850 1251 2886 illum
1268 2850 1427 2898 excepit:
1449 2848 1526 2894 „11-
