1794 3172
241 146 375 194 1084
643 149 960 196 NICEPHORI
987 148 1312 195 GREGORAE

19 272 56 306 A.
75 270 120 304 Μ.
133 269 224 306 6859
240 267 357 314 θεῖος
376 262 525 311 ἐκεῖνος
551 260 656 318 ἀνὴρ
677 266 853 304 ποιεῖται
875 257 1012 317 λόγον,
1038 252 1072 320 ᾧ
1093 265 1181 310 τοῖς
1199 259 1416 303 ἐθέλουσιν
1439 258 1617 315 ἓντυχεῒν
1637 259 1724 312 ἐξέ-

72 315 178 353 lnd.4
205 350 342 399 Εσται
361 336 516 387 μαθεῖν
537 328 793 386 τελεώτερον.
839 328 938 386 ἡμῖν
961 330 1040 388 γὰρ
1063 329 1202 386 ἥκιστ’
1226 330 1268 373 ἒν
1289 334 1348 389 τῷ
1373 327 1549 388 παρόντι
1569 329 1724 386 σχολὴν

242 402 411 459 ἄγουσι,
452 400 521 443 διὰ
544 399 619 455 τὴν
632 401 679 450 ,ἐς
697 400 749 442 τὰ
773 396 917 457 πρόσω
940 400 1148 455 σπουδὴν,
1181 399 1341 456 βραχέα
1360 403 1444 443 τῶν
1472 400 1601 443 θείων
1622 400 1723 442 ἐκεί-

241 490 324 516 νων
355 470 518 527 ἀνδρῶν
548 471 753 512 ἐνταυθοῖ
777 469 1022 526 προτιθέναι
1056 469 1269 521 δέδοκται,
1312 470 1381 512 καὶ
1414 466 1494 512 ὅσα
1520 468 1625 526 πρὸς
1650 467 1724 511 τὸν

242 539 396 584 σκοπὸν
420 539 706 596 ἀφοσιοῦσθαι
723 537 880 595 χρεών·
917 538 971 581 τὰ
987 538 1029 581 δ’
1055 537 1148 594 ἑξῆς
1177 544 1265 588 τοῖς
1294 538 1564 593 βουλομένοις
1585 534 1754 595 παρή-5

245 627 394 665 καμεν,
433 610 619 660 ἔξουσίας
654 606 848 666 ἀφθόνου
870 609 1063 663 διηνεκῶς
1089 607 1343 666 ἦνεῳγμένης
1370 605 1512 651 ἅπασι.
1558 605 1725 666 συνῳδὰ

204 683 464 736 Ε’τοιγαροῢν
485 680 553 721 καὶ
574 676 735 735 ὃμέγας
754 678 917 727 ἐκείνοις
938 678 1156 727 Βασίλειος
1180 674 1342 734 φάσκει,
1375 674 1432 728 ὥς
1447 674 1510 733 ,,ἣ
1535 681 1612 735 τῆς
1633 678 1727 719 δια-

242 753 427 804 λεκτικῆς
449 745 622 803 δύναμις
645 745 776 803 τεῖχός
805 747 891 789 ἐστι
910 753 998 796 τοῖς
1026 744 1230 802 δόγμασιν
1238 780 1253 800 ,
1292 746 1367 790 οὐκ
1390 747 1501 790 ἐῶσα
1526 745 1634 790 αὐτὰ
1659 745 1728 788 εὗ-

244 817 482 877 διάρπαστα
503 815 604 861 εἶναι
626 818 694 859 καὶ
718 813 907 859 εὐάλωτοι
928 823 1016 865 τοῖς
1037 816 1348 871 βουλομένοις.”
1381 815 1434 859 τὰ
1456 813 1728 874 παραπλήσια

247 889 292 932 δὲ
321 890 388 931 καὶ
409 886 430 931 ὃ
453 892 570 936 θεῖος
597 886 756 937 &figam
776 883 940 936 τούτοις
960 884 1269 942 Χρυσόστομος
1282 919 1295 939 ,
1330 885 1469 943 ,,πρὸς
1492 886 1568 941 μὲν
1585 884 1724 940 βίου,”
1738 890 1784 926 10

246 957 388 1014 λέγων,
409 954 701 1011 ,,κατάστασιν
721 955 893 1013 ἀρίστην
911 956 1004 1010 βίος
1018 956 1157 1013 ἕτερος
1179 958 1236 1006 εἷς
1259 955 1332 999 τὸν
1351 955 1443 998 ἴσον
1466 954 1517 999 ἂν
1540 952 1728 1011 ε’ναγάγοι

246 1030 381 1083 ζῆλον.
421 1025 521 1070 ὅταν
541 1026 586 1068 δὲ
609 1027 699 1082 περὶ
726 1023 915 1082 δόγματα
939 1029 1042 1083 νοσῇ
1061 1023 1087 1081 ἡ
1105 1024 1221 1081 ψυχὴ
1243 1025 1298 1068 τὰ
1321 1023 1459 1079 νόθα,
1498 1023 1630 1080 πολλὴ
1651 1027 1727 1068 τοῦ

93 1107 137 1142 P.
155 1106 222 1143 681
248 1094 369 1154 λόγου
392 1097 578 1139 ἐνταῦθα
600 1092 626 1150 ἧ
646 1096 786 1152 χρεία,
822 1094 870 1137 οὗ
892 1094 995 1152 πρὸς
1014 1094 1089 1150 τὴν
1107 1099 1191 1138 τῶν
1218 1095 1374 1138 οἰκείων
1395 1092 1628 1153 ἀσφάλειαν
1646 1090 1729 1149 μό-

92 1176 137 1212 V.
156 1174 226 1213 549
250 1184 349 1220 νον,
386 1164 495 1209 ἀλλὰ
515 1166 584 1207 καὶ
607 1163 711 1220 πρὸς
737 1163 835 1214 τοὺς
857 1163 1012 1214 ἔξωθεν
1039 1164 1256 1217 πολέμους.
1302 1167 1338 1207 εἴ
1353 1165 1430 1219 μὲν
1451 1162 1530 1222 γάρ
1560 1180 1623 1214 τις
1649 1162 1729 1218 ἔχει

225 1235 324 1292 -τὴν
353 1233 563 1291 μάχαιραν
584 1238 659 1277 τοῦ
681 1231 913 1289 πνεύματος
941 1235 1008 1277 καὶ
1036 1233 1190 1291 θυρεὸν
1217 1234 1393 1284 πίστεως
1420 1238 1634 1287 τοιοῦτον,
1673 1229 1727 1282 ὥς
1741 1242 1786 1279 15

249 1303 462 1349 δύνασθαι
488 1308 823 1360 θαυματουργεΐν
852 1302 930 1346 κάκ
959 1308 1044 1347 τῶν
1071 1304 1298 1361 τεραστίων
1318 1303 1367 1347 τὸ
1396 1307 1481 1346 τῶν
1507 1299 1729 1358 ἀναισχύν-

248 1392 333 1419 των
351 1370 598 1432 ἐμφράττειν
617 1370 776 1427 στόμα,
814 1371 934 1416 οὐδὲν
954 1372 1004 1416 ἂν
1025 1373 1156 1416 δέοιτο
1183 1376 1259 1428 τῆς
1280 1372 1361 1416 ἀπὸ
1383 1376 1456 1416 τοῦ
1477 1371 1601 1428 λόγου
1622 1376 1730 1427 βοη-

248 1445 370 1494 θείας
383 1457 393 1468 ”
413 1446 574 1498 μᾶλλον
587 1443 632 1485 δὲ
651 1442 747 1485 οὐδὲ
765 1439 858 1485 τότε
879 1440 1085 1499 ἄχρηστος
1103 1441 1128 1498 ἡ
1150 1440 1300 1485 τούτου
1325 1439 1493 1500 φύσις.”
1529 1441 1634 1485 ἀλλὰ
1663 1442 1732 1484 καὶ

212 1512 277 1560 Bo
299 1511 541 1565 θαυμάσιος
560 1510 658 1555 τάδε
680 1510 1061 1567 διὲξεισιΜάξιμος.
1102 1513 1235 1567 „diga
1254 1512 1592 1570 λογικῆς,”φησὶ,
1616 1512 1730 1565 ,,δυ-

249 1581 413 1639 νάμεως
447 1581 737 1638 ε’πιστημονικὴ
773 1585 922 1638 γνῶσις
962 1582 1035 1625 οὐκ
1067 1580 1178 1624 ἔστι·
1216 1583 1283 1624 καὶ
1316 1580 1503 1638 γνώσεως
1528 1582 1657 1639 χωρὶς
1680 1579 1728 1624 οὗ
1740 1590 1787 1627 20

250 1654 494 1698 συνίσταται
514 1652 675 1705 πίστις,
713 1650 794 1708 ἀφ’
820 1644 871 1707 ἧς
890 1651 937 1694 τὸ
968 1651 1095 1695 καλὸν
1124 1650 1303 1706 γέννημα
1325 1648 1552 1709 πρόεισινῆ
1576 1649 1730 1700 ἐλπίς.”

252 1723 319 1766 καὶ
348 1723 427 1782 ἐπὶΙ
442 1718 605 1771 τούτοις
626 1719 647 1764 ὅ
670 1725 787 1771 θεῖος
808 1721 852 1763 ἐκ
872 1719 1107 1777 Δαμάσκου
1126 1722 1227 1778 φησὶ
1244 1718 1457 1777 Ἰωάννης·
1490 1718 1585 1775 ,,ὦς
1608 1722 1643 1764 εἷ
1663 1719 1731 1763 καὶ

253 1791 370 1851 παρὰ
397 1795 481 1835 τῶν
509 1789 666 1843 ἔξωθεν
695 1787 900 1850 χρήσιμόν
929 1808 970 1835 τι
1001 1789 1308 1851 καρπώσασθαι
1343 1792 1641 1848 δυνηθείημεν,
1681 1788 1728 1834 οὗ

254 1924 472 1971 terrogare.'’
516 1925 663 1960 Multum
683 1923 807 1961 deinde
824 1925 881 1962 vir
899 1925 968 1962 iste
992 1925 1131 1962 divinus
1156 1927 1262 1963 habet
1279 1937 1486 1969 sermonem,
1508 1937 1608 1973 quem
1627 1936 1732 1963 accu-

254 1973 368 2007 ratius
388 1972 522 2007 discere
549 1978 711 2018 poterunt
734 1973 927 2019 quicunque
954 1974 1070 2019 legere
1095 1975 1189 2009 illum
1216 1975 1402 2009 voluerint.
1449 1973 1538 2009 Nam
1564 1985 1639 2007 cum
1667 1972 1733 2007 im-

254 2018 528 2065 praesentiarum
553 2019 650 2053 nobis
677 2020 722 2054 ad
752 2019 917 2054 ulteriora
933 2021 1176 2056 festinantibus
1193 2021 1276 2056 nihil
1298 2021 1361 2055 otii
1382 2021 1450 2064 sit,
1474 2031 1587 2066 pauca
1609 2020 1732 2054 saltem

257 2064 446 2099 divinorum
463 2065 633 2100 hominum
653 2065 787 2100 illorum
803 2067 911 2101 verba
930 2068 986 2102 hic
1005 2080 1195 2114 proponere
1215 2068 1323 2102 visum
1350 2071 1425 2110 est,
1449 2072 1610 2113 quantum
1639 2065 1733 2101 scili-

258 2115 315 2146 cet
338 2110 490 2146 instituti
514 2111 746 2158 operisssratio
770 2124 791 2147 a
810 2113 910 2148 nobis
937 2115 1109 2159 pustulam
1134 2118 1273 2149 caetera
1290 2126 1374 2149 vero
1397 2114 1514 2159 legere
1536 2112 1732 2148 volentibus

256 2157 469 2203 reliquimus,
492 2170 568 2193 cum
587 2170 721 2204 semper
737 2159 848 2204 ampla
865 2161 997 2195 cunctis
1015 2167 1054 2196 ut
1071 2162 1109 2196 id
1128 2161 1258 2196 faciant
1277 2161 1358 2196 data
1376 2160 1423 2195 sit
1440 2164 1607 2206 potestas.
1638 2159 1732 2193 Con·

259 2208 359 2238 sonat
379 2203 483 2238 etiam
510 2204 578 2239 illis
603 2216 746 2250 magnus
759 2206 937 2249 Basilius,
961 2208 1020 2242 ubi
1047 2209 1117 2250 ait,
1141 2208 1344 2242 dialecticae
1362 2206 1565 2252 disciplinae
1585 2205 1733 2241 faculta-

257 2254 327 2285 tem
347 2262 425 2285 esse
441 2250 551 2285 instar
567 2251 666 2294 muri,
692 2263 755 2286 nec
776 2253 989 2298 permittere,
1007 2258 1048 2289 ut
1064 2255 1224 2300 dogmata
1242 2254 1472 2300 diripiantur,
1497 2257 1557 2287 aut
1576 2264 1598 2286 a.
1614 2252 1735 2287 volen-

257 2297 355 2332 tibus
380 2296 482 2331 facile
507 2302 758 2343 expugnentur.
814 2299 878 2333 His
906 2301 980 2335 fere
1003 2301 1128 2336 similia
1160 2301 1294 2347 profert
1324 2300 1423 2334 divus
1453 2299 1735 2345 chrysostomus,

258 2343 320 2378 ubi
335 2343 387 2378 sic
405 2343 577 2389 loquitur:
600 2345 718 2389 „quod
731 2349 867 2389 spectat
889 2347 931 2381 ad
951 2349 1111 2393 optimam
1129 2349 1224 2382 vitae
1240 2346 1501 2389 institutionem,
1525 2345 1668 2380 alterius
1679 2345 1734 2379 vi-

257 2394 297 2425 ta
317 2393 435 2435 posset
452 2401 514 2424 nos
536 2391 581 2425 ad
599 2391 694 2425 vitae
711 2391 830 2426 similis
851 2394 1109 2429 aemulationem
1126 2394 1301 2428 inducere.
1335 2393 1407 2427 Sed
1425 2404 1499 2428 cum
1518 2393 1628 2427 anima
1648 2403 1734 2438 spu-

258 2436 389 2471 riorum
407 2440 511 2482 atque
530 2436 797 2472 adulterinorum
817 2440 933 2474 morbo
953 2441 1149 2486 dogmatum
1165 2439 1342 2482 laborarit,
1363 2444 1445 2475 tunc
1461 2439 1566 2474 multa
1583 2443 1638 2474 est
1658 2450 1735 2474 ser-

259 2483 367 2518 monis
384 2488 421 2518 et
440 2483 616 2518 doctrinae
634 2484 842 2527 necessitas;
865 2497 931 2521 non
948 2488 1054 2522 solum
1080 2493 1119 2522 ut
1135 2491 1254 2521 nostra
1272 2485 1341 2521 sint
1364 2486 1399 2520 in
1421 2490 1517 2527 tuto,
1539 2485 1602 2520 sed
1629 2486 1733 2520 etiam

258 2533 298 2564 ut
316 2530 481 2564 adversus
501 2533 646 2565 externa
664 2530 753 2565 bella
772 2533 972 2568 muniamur.
1012 2535 1104 2569 Nam
1126 2534 1156 2568 si
1175 2533 1252 2579 quis
1269 2533 1420 2578 gladium
1437 2533 1580 2579 spiritus
1598 2536 1635 2567 et
1654 2544 1734 2567 scu-

259 2579 332 2611 tum
353 2576 454 2611 Fidei
476 2576 546 2611 tale
563 2577 712 2618 habeat,
735 2582 775 2612 ut
790 2579 954 2614 miracula
976 2581 1082 2616 edere
1103 2584 1208 2626 atque
1223 2580 1266 2614 iis
1287 2579 1390 2614 editis
1410 2579 1654 2628 impudentium
1672 2590 1734 2613 ora

260 2623 442 2658 obstruere
468 2623 597 2669 possit,
621 2624 784 2658 sermonis
811 2626 867 2660 vel
891 2626 1071 2662 doctrinae
1097 2626 1227 2663 auxilio
1247 2626 1442 2672 neutiquam
1460 2637 1546 2672 opus
1569 2626 1733 2660 haberet:

260 2667 327 2703 imo
345 2681 428 2704 vero
445 2681 556 2716 neque
571 2673 655 2705 tunc
672 2669 811 2706 inutiles
831 2683 876 2706 ex
895 2679 1019 2708 natura
1036 2685 1102 2708 sua
1119 2671 1270 2708 forent.”
1293 2673 1364 2707 Sed
1382 2678 1419 2708 et
1436 2672 1602 2707 mirabilis
1618 2671 1734 2706 Maxi-

262 2725 338 2749 mus
363 2715 500 2750 alicubi
516 2715 565 2751 sic
587 2716 747 2751 disserit:
771 2719 874 2761 „sine
899 2720 1061 2755 rationali
1084 2720 1249 2755 facultate
1270 2719 1364 2754 nulla
1383 2724 1438 2755 est
1457 2718 1648 2754 scientifica
1672 2730 1733 2753 co-

261 2760 393 2806 gniti03
417 2767 453 2797 et
468 2763 599 2808 absque
619 2762 814 2809 cognitione
836 2777 904 2799 non
930 2766 1089 2802 consistit
1113 2766 1236 2808 Fides,
1261 2777 1303 2800 ex
1322 2778 1391 2812 qua
1417 2765 1602 2813 progenies
1629 2776 1734 2812 prae-

261 2808 459 2855 clara‚spes
477 2808 652 2851 videlicet,
671 2810 883 2846 enascitur.'’
908 2812 1039 2858 Agmen
1058 2813 1194 2849 claudet
1211 2813 1311 2847 divus
1327 2813 1472 2848 loannes
1486 2813 1732 2855 Damascenus,

261 2853 323 2899 qui
349 2854 402 2890 sic
420 2854 492 2890 ait:
516 2855 573 2899 „si
599 2855 684 2903 quid
703 2857 860 2904 profanis
879 2869 900 2894 e
918 2859 1148 2909 scriptoribus
1167 2858 1325 2896 utilitatis
1338 2859 1521 2907 percipere
1551 2858 1732 2907 possimus,
