1794 3172
257 125 359 176 674
643 131 959 178 NICEPHORI
985 129 1312 177 GREGORAE

36 257 75 289 A.
95 254 142 288 M.
157 243 315 301 6851μὴ
341 239 595 300 βουλόμενον
625 244 803 301 ἰσχυρῶς
829 239 1016 298 ε’μάστιξε
1042 245 1118 298 τῆς
1143 245 1307 297 ψυχῆς,
1343 236 1508 293 τούτοις
1538 240 1583 285 δ’
1608 239 1748 301 ἴφεσις

82 303 151 337 lud.
166 301 210 338 Π
259 313 467 368 νεωτέρων
486 311 714 369 συνήκμαζε
734 317 928 370 ταραχῶν
951 313 1019 354 καὶ
1041 309 1258 369 θορύβων,
1297 312 1365 354 καὶ
1384 311 1491 355 κατὰ
1510 316 1593 356 τῶν
1613 316 1746 355 πλου-

259 384 360 428 σίων
381 380 408 439 ἦ
426 385 634 439 βασκανία
651 386 734 425 τῶν
753 382 990 440 ὀφθαλμῶν
1010 381 1193 434 ἐτείνετο,
1230 381 1298 423 καὶ
1319 380 1367 424 τὸ
1386 381 1558 436 μανικὸν
1579 381 1742 437 ἠσκεῖτο

261 450 429 511 σφόδρα
461 456 535 508 τῆς
562 450 740 508 γνώμης.
813 450 911 511 (Δ.)
951 448 1123 494 Τούτων
1155 449 1202 493 δ’
1241 448 1375 501 οὕτως
1401 451 1658 509 διῃρημένων
1679 453 1743 495 δι-

260 526 366 580 πλῇ,
404 522 472 564 καὶ
490 522 606 579 τρίτη
628 518 756 578 μοῖρά
780 538 840 571 τις
869 521 1008 570 αὐτοῖς
1036 517 1231 577 ἐπεφύετο
1252 518 1546 578 συρφετώδης,
1584 522 1774 564 δικαιο-5

132 589 390 646 Ρ,4216ύνης
422 590 515 647 πέρι
542 592 610 634 καὶ
639 590 800 641 ἀδικίας
829 590 946 634 οὐδὲν
980 591 1203 643 ἐπαΐουσα,
1253 590 1351 632 ἀλλ’
1389 589 1568 647 ἀγομένη
1590 589 1746 651 ῥαδίως

261 658 454 718 καθάπερ
478 658 607 703 ὅπλον
629 667 716 711 τοῖς
735 659 844 717 ἄγειν
862 660 1076 703 ἐθέλουσιν
1087 693 1101 713 ,
1141 657 1236 702 ὅποι
1256 659 1303 704 τὸ
1324 658 1512 711 αἷίθαδες
1531 658 1747 718 ὑφηγεῖται

259 734 335 787 τῆς
354 727 542 787 γνώμης,
579 730 643 772 ἐπὶ
661 728 826 789 πονήρῳ
846 734 928 773 τῶν
947 729 1262 787 φθονουμένων.
1301 728 1395 773 οὕτε
1414 729 1492 788 γὰρ
1516 729 1748 790 αὐτονομίᾳ

261 796 467 845 δουλεύειν
486 797 594 842 οἶδεν
613 797 634 843 ὅ
658 801 789 856 δῆμος
807 794 941 853 οὗτος,
981 798 1074 842 οὔτε
1095 796 1237 854 νόμοις
1260 799 1425 857 ἀνδρῶν
1445 803 1659 852 παλαιῶν,
1697 799 1747 842 τὸ

262 871 333 928 ζῇν
358 870 401 913 ἐν
420 875 511 919 ταῖς
530 870 692 924 βίβλοις
715 866 903 925 ἐχόντων,
937 869 1127 912 κάκεῖθεν
1150 868 1205 912 τὰ
1239 868 1429 913 πολιτικὰ
1459 867 1746 928 ῥυθμιζόντων
1762 876 1794 911 1(

262 936 510 997 πράγματα,
550 940 619 981 καὶ
644 945 731 989 τοῖς
758 943 841 982 τῶν
872 937 1037 983 ἀτόπων
1070 935 1290 995 κινήμασιν
1324 939 1445 991 ἕξεων
1467 939 1572 996 πρὸς
1604 939 1651 982 τὸ
1680 938 1750 982 εὕ-

224 1011 417 1064 Βδαιμον
435 1006 772 1064 νομοθετούντων
793 1008 859 1052 ἇεί
869 1023 879 1032 ·
917 1008 1013 1052 ἀλλ’
1026 1042 1040 1063 ,
1080 1007 1216 1067 ὥσπερ
1236 1006 1456 1066 θαλάττης
1477 1007 1643 1064 κύματα
1666 1012 1750 1051 πᾶ-

266 1095 333 1122 σιν
363 1078 616 1136 ἀγριαίνουσι
644 1076 870 1134 πνεύμασιν
900 1078 1074 1137 εὐχερῶς
1101 1076 1319 1123 ὑπείκοντα
1340 1078 1415 1130 τὰς
1438 1081 1653 1134 δυστυχεῖς
1671 1096 1751 1122 κα-

264 1146 465 1192 ταδῦουσι
483 1152 565 1191 τῶν
587 1145 774 1191 ὁλκάδων
802 1146 1061 1206 αὐτάνδρους
1068 1182 1081 1202 ,
1121 1148 1254 1201 οὕτως
1276 1143 1390 1193 οὗτοι
1417 1148 1493 1200 τὰς
1510 1153 1593 1192 τῶν
1611 1148 1752 1192 εὔδαι-

264 1216 404 1274 μόνων
445 1219 575 1268 οἰκίας
619 1219 662 1260 ἐκ
700 1216 879 1276 βάθρων
910 1218 1208 1276 ἀνατρέποντες
1241 1219 1289 1263 τὸ
1324 1219 1519 1275 πολέμιον
1558 1218 1748 1276 ἀκρατῶς
1764 1226 1794 1262 1έ

266 1288 374 1332 κατὰ
394 1291 469 1344 τῆς
486 1291 569 1331 τῶν
601 1287 762 1332 ἀθλίων
782 1292 961 1347 κεφαλῆς
981 1289 1220 1348 ἐπιφέρουσι
1250 1290 1370 1348 ξίφος
1391 1288 1571 1347 ἀφειδῶς
1589 1290 1657 1332 καὶ
1679 1286 1752 1340 ξύν

264 1374 310 1415 γε
342 1355 450 1417 λόγῳ
486 1357 633 1402 οὐδενί.
708 1357 795 1418 (Ε.)
841 1359 1142 1415 Πεπλασμένης
1175 1355 1248 1403 οὖν
1270 1359 1422 1418 ἀρτίως
1449 1361 1505 1410 εἲς
1527 1358 1599 1402 τὸν
1618 1361 1752 1415 δῆμον

267 1427 432 1486 ῥυείσης
452 1425 617 1485 φήμης,
657 1425 712 1479 ὥς
741 1434 828 1479 τοῖς
853 1426 1019 1489 πλούτῳ
1045 1431 1113 1472 καὶ
1145 1429 1286 1488 ἀγροῖς
1308 1431 1378 1473 καὶ
1398 1426 1637 1485 βοσκήμασι
1656 1429 1754 1486 βρί-

228 1501 420 1542 Οθουσιν
457 1495 713 1541 ἀναπετάσαι
754 1497 830 1549 τὰς
871 1503 946 1555 τῆς
975 1497 1131 1550 πόλεως
1159 1497 1295 1551 πύλας
1332 1497 1473 1558 κρύφα
1507 1499 1753 1554 μελετηθείη

262 1570 321 1627 τῷ
349 1571 517 1623 βασιλεῖ
542 1570 873 1628 Καντακουζηνῷ
897 1569 974 1626 τὴν
1004 1570 1151 1626 ζημίαν
1173 1570 1221 1614 οὗ
1242 1570 1462 1628 φέρουσιν,
1499 1571 1556 1619 εἷς
1576 1568 1751 1612 ἄντίπα-
1764 1576 1794 1611 21

264 1640 338 1680 λον
360 1636 538 1693 ἔστησαν
554 1644 707 1696 μοῖραν
735 1638 773 1681 οἳ
795 1637 976 1682 πλούτου
1001 1641 1069 1682 καὶ
1093 1638 1217 1697 δόξης
1235 1640 1434 1698 ἐφιέμενοι
1454 1639 1646 1695 πένητες,
1686 1639 1756 1681 καὶ

265 1706 341 1763 τὴν
363 1705 586 1766 ἀνάρρησιν
608 1712 684 1751 τοῦ
707 1706 912 1763 ὀνόματος
933 1714 1008 1753 τοῦ
1030 1711 1234 1765 βασιλέως
1249 1707 1443 1753 Ἰωάννου
1465 1713 1539 1753 τοῦ
1561 1712 1757 1752 Παλαισ-

267 1775 391 1834 λόγου
420 1776 526 1831 μετὰ
558 1782 632 1834 τῆς
663 1778 822 1836 μητρὸς
854 1780 918 1822 ἐπὶ
936 1779 1066 1836 με’σης
1095 1796 1139 1822 τε
1161 1778 1388 1839 διαρρήδην
1407 1778 1565 1835 ὕμνουν
1583 1782 1658 1834 τῆς
1677 1776 1758 1821 πό-

271 1850 373 1898 λεως
407 1848 476 1890 καὶ
522 1844 610 1903 ἅμα
640 1848 845 1905 Ζηλωτάς
891 1853 1005 1908 σφᾶς
1038 1848 1191 1902 αὐτοῦς
1222 1847 1515 1906 ἐπωνόμαζον,
1581 1845 1758 1904 ὀνόμασι

273 2004 419 2044 leverat,
444 2006 590 2049 angusta
610 2016 650 2040 re
668 2005 813 2041 animum
832 2007 970 2043 acribus
987 2007 1134 2043 stimulis
1150 2010 1308 2053 urgente,
1330 2006 1357 2042 ii
1374 2007 1554 2042 turbarum
1577 2009 1614 2041 et
1631 2006 1761 2040 tumul-

207 2061 211 2067 ·
275 2054 371 2084 tuum
395 2061 560 2086 novorum
585 2053 776 2097 cupiditate
797 2055 1002 2098 fervebant,
1034 2058 1070 2090 et
1096 2054 1271 2090 oculorum
1298 2055 1544 2101 malignitatem
1566 2053 1603 2088 in
1630 2053 1758 2088 divites

276 2096 520 2139 intendebant,
546 2103 582 2132 et
601 2100 749 2134 furorem
773 2101 876 2136 animi
896 2102 950 2137 sui
975 2101 1175 2147 gestiebant
1195 2113 1370 2137 exercere.
1418 2102 1516 2146 (IV.)
1539 2100 1607 2136 His
1630 2100 1682 2135 ita
1703 2099 1760 2134 bi-

276 2143 401 2197 fariam
421 2143 562 2186 divisis,
586 2146 688 2180 etiam
704 2147 810 2182 tertia
829 2149 993 2194 quaedam
1013 2150 1125 2184 factio.
1141 2149 1308 2192 accessit,
1331 2149 1441 2195 plebis
1459 2148 1644 2189 colluvies,
1667 2158 1760 2193 quae

278 2190 324 2224 (le
344 2201 418 2244 iure
435 2195 494 2224 aut
516 2190 646 2235 iniuria>
661 2193 744 2228 nihil
763 2194 946 2241 quidquam
968 2196 1087 2238 audit3
1111 2196 1173 2230 sed
1192 2195 1295 2230 facile
1313 2202 1473 2242 tanquam
1497 2195 1760 2230 instrumentum

278 2248 308 2290 a.
323 2237 476 2281 quolibet
498 2237 634 2272 volente
655 2240 825 2283 trahitur,
848 2254 1051 2288 quocunque
1077 2242 1180 2278 animi
1205 2242 1320 2288 praeit
1342 2242 1559 2289 pervicacia,
1583 2242 1619 2276 in
1641 2240 1761 2286 perni-

278 2295 366 2318 ciem
386 2294 502 2337 eorum
526 2284 648 2328 quibus
669 2286 855 2323 invidetur.
902 2290 1027 2335 Neque
1048 2289 1136 2324 enim
1163 2289 1329 2324 eiusmodi
1355 2290 1509 2324 homines
1528 2300 1623 2323 suam
1645 2286 1764 2321 libidi-

278 2329 550 2384 nem-domniam
574 2331 666 2366 ferre
695 2339 859 2378 possunt,
884 2347 996 2382 neque
1020 2339 1221 2371 constitutas
1251 2337 1294 2371 ab
1315 2336 1466 2382 antiquis
1483 2337 1601 2381 leges;
1625 2334 1686 2380 qui
1706 2333 1761 2368 vi-

272 2382 342 2412 tam
362 2388 399 2411 in
419 2377 518 2411 libris
543 2383 746 2423 perpetuam
768 2381 917 2424 habent,
942 2389 1048 2428 atque
1070 2383 1152 2418 inde
1175 2382 1389 2429 respublicas
1410 2382 1600 2417 ordinando
1623 2388 1660 2415 et
1678 2392 1762 2426 pra-

272 2434 395 2459 vorum
415 2423 601 2478 affectuum
634 2430 745 2460 motus
778 2428 984 2472 corrigendo
1016 2430 1186 2464 hominum
1212 2429 1375 2465 felicitati
1400 2441 1535 2475 semper
1561 2428 1762 2463 consulunt:

273 2470 348 2512 sed,
371 2471 482 2505 veluti
498 2481 601 2504 maris
620 2471 747 2513 fluctus
768 2474 908 2509 cuilibet
926 2481 1029 2511 vento
1050 2477 1220 2511 saevienti
1237 2476 1342 2511 facile
1362 2477 1592 2521 obsequentes
1609 2474 1764 2509 infelicia

273 2516 416 2562 navigia
431 2516 520 2562 ipsis
539 2528 615 2551 cum
634 2519 823 2554 hominibus
844 2529 1013 2567 mergunt,
1039 2523 1090 2557 sic
1104 2523 1163 2558 isti
1182 2523 1328 2559 divitum
1347 2522 1464 2557 domos
1483 2522 1642 2556 funditus
1661 2532 1764 2555 ever-

273 2568 395 2618 tentes
401 2563 558 2618 hostilem
569 2564 721 2610 gladium
732 2566 767 2600 in
784 2566 982 2603 miserorum
1000 2575 1104 2615 caput
1120 2569 1224 2605 foede
1244 2576 1281 2605 et
1300 2570 1508 2615 impotenter
1525 2569 1599 2603 sine
1617 2568 1686 2604 ulla
1705 2579 1764 2602 ra-

274 2611 371 2646 tione
386 2614 566 2665 incutiunt.
579 2656 589 2665 ·
615 2611 699 2656 (V.)
724 2612 809 2647 Cum
829 2614 948 2659 itaque
966 2616 1057 2650 fama
1076 2628 1198 2652 recens
1216 2616 1364 2651 conficta
1381 2617 1426 2651 ad
1449 2615 1607 2661 populum
1630 2626 1766 2650 manas-

273 2662 348 2700 set,
372 2669 431 2693 eos
451 2668 510 2703 qul
534 2658 658 2703 opibus
678 2663 713 2693 et
732 2659 826 2704 agris
848 2664 884 2694 et
907 2672 947 2695 re
971 2664 1135 2708 pecuaria
1161 2664 1398 2705 abundarent,
1431 2662 1628 2697 damnorum
1654 2662 1765 2707 impa-

274 2704 425 2747 tientes,
445 2704 644 2758 decrevisse
672 2706 757 2740 clam
783 2706 878 2741 urbis
906 2714 1026 2753 portas
1053 2709 1249 2756 imperatori
1281 2710 1527 2744 Cantacuzeno
1554 2709 1715 2755 aperire,
1738 2707 1786 2742 ii·

274 2762 462 2798 pauperes,
481 2761 539 2796 qul
554 2762 658 2797 opum
677 2756 712 2786 et
735 2752 866 2797 gloriae
884 2759 1088 2800 appetentes
1114 2762 1236 2797 erant,
1263 2767 1306 2791 ex
1324 2756 1471 2791 adverso
1492 2755 1766 2796 insurrexerunt,

277 2803 316 2832 et
339 2802 409 2832 tam
439 2797 580 2832 Ioannis
607 2797 808 2844 Palaeologi
835 2799 1052 2845 imperatoris
1075 2815 1175 2848 quam
1198 2803 1289 2838 illius
1312 2802 1433 2839 matris
1456 2813 1578 2837 nomen
1602 2803 1638 2837 in
1654 2801 1767 2837 media

277 2845 365 2881 urbe
381 2844 474 2882 clare
492 2849 529 2881 et
547 2848 667 2892 aperte
685 2845 922 2891 celebrarunt,
948 2848 1116 2896 iidemque
1134 2861 1173 2886 se
1192 2850 1333 2887 Zelotas
1353 2854 1606 2898 nuncuparunt,
1630 2850 1766 2897 specio-
