1794 3172
325 126 642 175 HISTORIAE
669 129 1044 178 BYZANTINAE
1072 129 1214 177 XXII.
1244 138 1282 180 1.
1403 126 1534 177 1039

46 232 123 282 οὖν
149 233 339 294 ἑπόμενοι
360 240 429 283 καὶ
451 237 570 296 ὖμεῖς
591 239 721 299 ἐκείνῃ
739 244 793 299 τῇ
806 240 911 303 ’θείᾳ
938 241 1006 285 καὶ
1025 241 1282 302 οἶκουμενικῇ
1304 244 1389 288 τῶν
1406 242 1534 288 πατέ·
1556 250 1646 287 Α.σ.
1662 250 1751 288 1851

46 325 130 366 ρων
159 306 322 369 συνόδῳ
357 308 412 353 τὰ
441 308 566 366 ὅμοια
592 310 691 354 κάπὶ
719 315 779 370 τῷ
816 314 1008 373 Παλαμᾷ
1028 310 1285 369 πεπράχατε,
1323 312 1424 357 κάπὶ
1447 300 1752 382 τοῖςωὲοῗὲἕὼ

45 375 203 433 ὁμοίοις
221 377 349 422 αὖτὸν
368 378 567 431 ἐδέξασθε
577 413 591 435 ,
630 379 764 437 ἔργοις
783 377 883 436 ἡμῖν
909 380 964 425 τὰ
981 385 1059 438 τῆς
1078 380 1245 439 γνώμης
1271 382 1528 439 ἐνδείξασθε,

44 446 256 509 παρ’ῥησία
275 447 330 492 τὰ
349 446 575 506 γράμματα
599 450 817 507 φέροντες·
853 452 922 494 καὶ
941 448 1142 509 ὅμόφρων
1172 449 1271 508 ὑμῖν
1293 450 1453 508 ἔσομαι.
1498 455 1536 498 εἶ

14 517 92 560 ὅδὲ
124 519 318 573 διανομαὶ
348 522 480 576 γερῶν
521 520 589 562 καὶ
610 523 828 576 βασιλικῆς
858 520 1064 578 τραπέζης
1091 521 1230 579 τρυφὴ
1267 523 1338 566 καὶ
1361 520 1529 581 χρημά-

42 603 127 630 των
155 586 348 645 ἄφθονος
364 589 542 646 χορηγία
567 589 855 647 συνεχέστερον
884 589 1138 647 ἀντλουμένη
1173 598 1262 642 τοῖς
1288 593 1567 647 βαλαντίοιςΒ

40 653 160 711 ὖμῶν
192 658 262 700 καὶ
299 656 348 700 τὸ
381 663 531 715 χαῖρον
569 663 644 715 τῆς
669 664 810 715 ψυχῆς
844 660 1038 704 ἐντεῦθεν
1067 661 1346 718 ἐφελκομένη,
1393 679 1527 720 προσ·
1550 675 1684 713 V.527

41 726 198 770 κείσθω
219 727 245 770 δ
251 725 265 742 ²
285 725 374 783 ἅμα
393 729 463 771 καὶ
483 731 568 772 τῶν
586 728 880 786 προσηκόντων
908 729 1072 787 ἀπειρία
1097 730 1204 786 μετὰ
1225 735 1300 787 τῆς
1321 731 1528 787 ἀμαθίας,

41 795 196 856 ῥᾳδίως
233 793 489 852 ἐξόμνυσθαι
523 797 577 842 τὰ
609 795 764 856 πάτρια
797 799 955 843 πέπεικε
996 798 1186 857 δόγματα
1223 802 1292 844 καὶ
1331 800 1408 858 τὴν
1444 805 1530 846 τῶν

0 863 320 910 [Οκαθεστιότων
347 868 534 922 νομίμων
573 870 782 925 φαυλίζειν
815 869 1038 926 εὐγένειαν,
1086 869 1234 913 εἰδέναι
1265 870 1425 929 χρεὼν,
1471 869 1529 924 ὥς

40 934 174 985 οὐδεὶς
192 933 292 992 ἡμῖν
312 935 478 993 οὐδαμῆ
508 954 608 981 ποτε
628 940 843 989 κοινωνίας
871 939 1064 995 ἐγγίνεται
1084 936 1250 997 τρόπος.
1298 939 1375 996 οὐχ
1400 933 1528 997 ἧττον

38 1004 118 1062 γὰρ
137 1003 189 1048 ἂν
209 1000 238 1064 ᾗ
262 1006 370 1063 φωτὶ
392 1006 496 1063 πρὸς
524 1004 696 1062 σκότος,
729 1010 798 1051 καὶ
827 1006 984 1066 γαλήνῃ
1004 1008 1109 1065 πρὸς
1130 1010 1396 1060 διαποντίους
1424 1007 1564 1053 xib-C

38 1076 186 1125 δωνας.
260 1074 350 1134 (Γ.)
382 1075 548 1119 Ἐκεῖνοι
571 1078 649 1132 μὲν
679 1072 754 1120 οὖν
775 1077 836 1134 μὴ
858 1079 1000 1135 χρείαν
1021 1077 1123 1122 εἶναι
1144 1079 1344 1134 λιβέλλων
1364 1078 1528 1138 ἔφασαν

37 1144 243 1188 ἐνταυθοῖ
244 1177 259 1198 ,
295 1146 404 1200 μηδὲ
421 1143 622 1190 τοιούτων
645 1147 787 1204 σφίσιν
806 1147 1029 1204 ἀπαίτησιν
1049 1152 1136 1192 νῦν.
1172 1146 1302 1204 νόμον
1321 1148 1403 1208 γὰρ
1422 1147 1525 1194 εἶναι

3 1213 236 1268 5λιβέλλων
266 1211 460 1258 ἁπάντων
482 1213 752 1274 στερρότερον
785 1217 834 1261 τὸ
864 1219 982 1275 σφίσι
1012 1217 1252 1275 δεδεγμένον
1283 1235 1327 1263 τε
1352 1220 1422 1263 καὶ
1452 1221 1523 1263 δε-

36 1284 248 1341 δογμένον.
285 1285 376 1342 περὶ
400 1286 426 1328 δ
433 1284 447 1300 ³
472 1279 530 1329 ὧν
551 1285 693 1337 αὐτοῖς
711 1286 934 1344 γέγραπται
953 1287 1025 1331 νέα
1042 1289 1326 1345 ψηφίσματα,
1363 1290 1432 1332 καὶ
1451 1306 1524 1333 το-

32 1357 303 1411 μογραφικῶν
331 1353 646 1411 συνθημάτων,
685 1355 804 1400 αὐτοὶ
833 1355 998 1407 ἑαυτοῖς
1026 1357 1085 1413 μὴ
1109 1355 1366 1413 κεκομικόσιν
1396 1358 1523 1414 ε’μέμ-

33 1421 166 1480 φοντό
194 1440 240 1467 τε
278 1425 348 1467 καὶ
380 1424 423 1474 ἔς
450 1424 527 1481 τὴν
555 1429 632 1482 τῆς
662 1423 803 1482 λήθης
833 1424 1068 1482 αὐτόνομον
1092 1429 1318 1485 τυραννίδα
1345 1427 1423 1484 τὴν
1445 1433 1522 1472 τοῦ

34 1490 276 1547 συμβάντος
309 1495 560 1551 διαμαρτίαν
601 1494 800 1553 ἀνέφερον
816 1509 826 1519 ’
872 1494 896 1539 ὃ
936 1497 1139 1553 διορθοῦν
1181 1495 1258 1551 τὴν
1294 1494 1561 1555 ὖστεραίανΙ)

0 1577 22 1610 0
35 1559 202 1619 σφόδρα
221 1563 527 1619 ἐπηγγέλλοντο.
600 1563 696 1622 (A.)
721 1564 851 1620 Μηδὲ
868 1564 948 1622 γὰρ
968 1563 1069 1608 εἶναι
1088 1569 1172 1608 τῶν
1192 1563 1383 1619 εἰκότων,
1410 1566 1520 1623 πλὴν

33 1631 218 1686 ἐκείνων,
256 1630 406 1687 λόγους
437 1630 543 1687 ὁμοῦ
573 1637 632 1692 τῷ
662 1634 854 1690 πληγέντι
885 1634 1180 1689 διαλυομένους
1208 1634 1296 1692 ἀέρι
1323 1634 1515 1690 κομίζειν,

32 1699 217 1759 ἔφασκον
243 1699 378 1758 ἔγωγε.
424 1705 586 1756 μᾶλλον
605 1702 684 1760 γὰρ
710 1702 764 1746 ἂν
792 1701 924 1746 ε’κεῖνά
944 1721 987 1761 γε
1005 1707 1156 1761 χρῆναι
1179 1712 1307 1748 ποιεῖν
1334 1705 1515 1762 ἐμφανῆ,

31 1771 128 1828 πρὶν
149 1769 176 1827 ἢ
200 1770 376 1822 ἐκείνους
404 1769 571 1822 αὐτούς.
614 1773 700 1816 ἐπεὶ
724 1773 793 1816 καὶ
815 1771 869 1816 τὰ
891 1777 989 1817 θεῖα
1017 1780 1105 1825 τοῖς
1124 1771 1374 1826 ἀποστόλοις
1394 1774 1517 1832 εὐαγ-

125 1870 183 1906 16.
206 1867 302 1906 νὲων
320 1867 575 1915 ψηφισμάτων
595 1871 687 1907 coni.
703 1871 806 1907 Boiv.
867 1886 870 1888 ’

30 1947 150 1985 nere.”
174 1949 215 1984 Si
231 1949 340 1995 igitur
359 1949 532 1995 (aiebam)
550 1955 773 1987 sacrosancto
791 1953 828 1987 et
845 1951 1002 1998 generali
1013 1952 1155 1987 Patrum
1167 1952 1324 1990 Concilio
1339 1951 1409 1999 ipsi
1425 1964 1512 2000 quo-⁴

29 2007 99 2041 que
122 1996 305 2041 obsequuti
329 2008 404 2031 cum
427 1998 569 2033 Palama
596 1999 648 2034 sic
672 1998 816 2044 egistis,
839 2011 984 2045 eumque
1000 1999 1125 2034 iisdem
1144 2000 1396 2035 conditionibus
1412 2012 1512 2035 rece-

28 2042 154 2089 pistis3
176 2042 245 2077 iam
263 2054 349 2085 vos,
372 2043 506 2089 scripta
533 2045 593 2079 illa
615 2045 730 2091 palam
756 2046 994 2091 proferentes,
1018 2046 1164 2081 animum
1190 2059 1230 2082 re
1254 2046 1450 2090 declarate,
1473 2051 1511 2083 et

27 2100 82 2124 me
96 2089 197 2124 vobis
214 2089 483 2125 consentientem
504 2090 679 2126 habetote.
726 2091 829 2134 Quod
847 2092 879 2127 si
897 2097 934 2127 et
953 2092 1104 2139 praemia
1124 2093 1332 2136 distributa,
1357 2098 1394 2128 et
1414 2105 1510 2128 men-

29 2146 90 2170 sae
107 2135 349 2181 imperatoriae
369 2136 489 2179 luxus,
513 2142 549 2171 et
565 2137 666 2183 larga
688 2139 855 2184 pecuniae
874 2139 976 2186 copia
993 2140 1030 2174 in
1051 2143 1186 2175 vestros
1208 2140 1364 2176 sacculos
1380 2139 1512 2186 iugiter

28 2181 184 2217 defluens
215 2188 252 2217 et
282 2182 450 2224 animum,
481 2195 524 2217 ea
555 2189 656 2230 parte
686 2196 757 2230 qua
784 2185 947 2230 gaudium
973 2186 1102 2228 sentit,
1127 2187 1250 2222 blande
1277 2186 1452 2229 alliciens,
1477 2185 1509 2221 si

28 2228 179 2274 denique
193 2229 252 2274 (ut
269 2234 306 2264 et
324 2230 389 2264 boc
407 2228 590 2276 addamus)
607 2230 716 2264 officii
733 2231 905 2276 ignoratio
923 2237 960 2267 et
975 2233 1115 2268 inscitia
1130 2234 1231 2269 vobis
1249 2238 1510 2280 persuaserunt,

27 2274 132 2309 facile
161 2280 199 2310 ut
234 2276 376 2311 Patrum
404 2275 566 2320 dogmata
590 2276 775 2312 eiurat-etis
804 2282 842 2312 et
867 2279 1128 2315 constitutarum
1152 2280 1268 2326 legum
1295 2279 1508 2317 nobilitatem

28 2321 129 2368 parvi
148 2321 331 2365 faceretis3
356 2323 422 2357 hoc
440 2322 567 2358 scitote
579 2348 591 2365 ‚
615 2323 708 2358 nullo
729 2328 830 2370 pacto
848 2324 926 2360 fieri
944 2337 1068 2372 posse,
1093 2331 1133 2362 ut
1149 2327 1218 2362 ulla
1244 2338 1392 2373 unquam
1414 2325 1508 2363 inter

27 2379 91 2403 nos
120 2368 307 2403 communio
338 2369 408 2411 sit3
433 2381 502 2404 non
526 2370 637 2414 magis
656 2370 812 2413 scilicet,
835 2382 937 2417 quam
966 2380 1027 2407 aut
1049 2373 1120 2408 luci
1148 2385 1225 2408 cum
1249 2373 1421 2414 tenebris,
1445 2378 1508 2411 aut

28 2414 208 2449 serenitati
231 2426 306 2450 cum
332 2415 520 2450 saevientis
543 2416 658 2462 pelagi
685 2417 861 2455 fluctibus.
913 2418 1018 2464 (ΙΠ.)
1041 2420 1087 2454 At
1106 2419 1158 2454 illi
1185 2432 1249 2455 nec
1274 2418 1398 2454 libellis
1419 2427 1507 2463 opus

28 2471 105 2494 esse
122 2459 157 2494 in
177 2461 373 2506 praesenti,
396 2473 461 2497 nec
478 2462 564 2498 talia
581 2474 672 2498 nunc
690 2463 862 2509 exigenda
880 2465 924 2499 ab
944 2478 982 2500 se
1002 2465 1152 2501 aiebant.
1197 2467 1286 2502 Nam
1307 2464 1398 2510 quod
1416 2462 1508 2510 ipsis

26 2507 251 2552 approbatum
280 2507 523 2555 decretumque
552 2515 662 2552 esset,
686 2510 721 2544 id
749 2510 860 2555 legem
885 2523 960 2547 esse
984 2512 1138 2548 omnibus
1158 2512 1283 2547 libellis
1309 2510 1504 2546 firmiorem.

27 2553 132 2594 Quod
149 2552 193 2587 ad
222 2565 313 2588 nova
333 2554 496 2598 decreta,
520 2567 610 2602 quae
629 2556 869 2602 scripsissent,
892 2563 929 2594 et
954 2558 999 2593 ad
1028 2558 1187 2604 synodici
1214 2557 1314 2593 Tomi
1334 2555 1503 2591 constitu-

26 2599 140 2634 tiones
159 2600 344 2642 attineret3
368 2613 410 2636 ea
437 2602 519 2647 quia
536 2614 603 2638 non
629 2603 847 2647 attulissent,
870 2617 910 2640 se
935 2604 1031 2650 ipsos
1050 2605 1272 2646 incusabant,
1298 2607 1334 2637 et
1355 2603 1430 2637 eius
1449 2601 1503 2637 rei

32 2645 168 2691 culpam
195 2646 417 2682 conferebant
441 2648 479 2682 in
506 2649 709 2684 oblivionem
721 2677 732 2692 ,
754 2650 852 2685 cuius
870 2655 1026 2698 potestas
1045 2662 1173 2686 summa
1188 2655 1224 2685 et
1242 2649 1426 2696 tyrannica
1444 2659 1502 2683 es·-

25 2698 101 2734 set3
125 2696 228 2733 atque
252 2692 288 2726 id
316 2698 494 2738 peccatum
522 2701 662 2741 postera
687 2696 746 2731 die
767 2702 984 2732 correcturos
1005 2710 1044 2732 se
1060 2698 1228 2732 affirmate
1245 2695 1502 2742 promittebant.

25 2738 127 2783 (lv.)
160 2737 345 2778 Enimvero
375 2741 542 2786 negabam
569 2753 634 2788 ego
667 2743 794 2779 rationi
822 2748 1083 2779 consentaneum
1104 2756 1201 2784 esse,
1227 2748 1289 2777 aut
1314 2741 1393 2776 aliis
1417 2753 1503 2776 cou-

25 2784 147 2819 venire
171 2790 411 2832 praeterquam
426 2787 527 2829 istis,
550 2788 715 2824 eiusmodi
735 2790 844 2826 verba
861 2790 1008 2833 afferre,
1030 2801 1119 2836 quae
1138 2792 1220 2824 aere
1238 2799 1401 2835 percusso
1425 2793 1502 2822 sta-
1527 2817 1529 2819 .

25 2830 87 2867 tim
105 2836 374 2875 evanescet-eun
393 2833 494 2870 immo
509 2833 571 2871 illa
591 2834 755 2878 decreta,
779 2837 876 2884 prius
898 2848 1001 2883 quam
1022 2836 1092 2884 ipsi
1112 2841 1372 2881 comparerent,
1395 2844 1500 2880 opor-
