1794 3172
261 160 393 211 1004
657 165 978 214 NICEPHORI
1003 165 1336 212 GREGORAE

37 289 78 324 A.
95 287 139 322 M.
158 285 250 324 6859
260 277 476 337 τηθέντος,
500 276 618 329 εῗδώς
638 296 680 322 τε
704 275 792 333 ἅμα
813 278 880 321 καὶ
903 276 1004 320 ἴδιὸν
1021 272 1184 335 μεγάλῳ
1206 275 1587 334 στρατηγουμένους
1607 279 1733 335 θυμῷ

100 332 207 370 Ind'4
258 349 331 394 τὸν
359 347 535 404 βασιλέα
571 347 675 391 καθ’
717 344 837 402 ἦμῶν
874 344 1218 403 προοιμιάζεσθαι
1253 347 1434 390 θέλοντα
1475 344 1620 400 λόγους
1657 345 1734 401 τὴν

257 416 449 476 πρώτην,
485 414 584 460 ὅσον
605 416 795 475 ἐφικτὸν,
826 415 1064 459 ἀνέστελλον
1089 414 1239 472 ἔφοδον
1261 414 1381 472 ἔγωγ’
1415 414 1565 469 αὐτὸς,
1600 415 1665 457 ἐπὶ
1683 414 1732 457 τὸ

256 487 518 545 προκείμενον
545 488 613 529 καὶ
632 486 680 529 τὸ
702 483 902 543 πρότερον
924 485 1036 541 ἴχνος
1061 488 1137 527 τοῦ
1159 482 1281 540 λόγου
1318 482 1526 543 (φάσκων)
1563 483 1734 527 ἐπανέλ-

222 561 429 611 Βθωμεν,
466 552 522 605 ὥς
545 554 596 598 ἂν
621 553 642 599 ὃ
663 553 784 612 λόγος
802 554 909 598 καθ’
936 554 1076 610 εἱρμὸν
1099 552 1253 597 ὁδεύων
1274 552 1434 610 λήξεσιν
1452 551 1611 609 ἐντύχοι
1624 562 1763 609 χρη-5

256 631 388 675 σταῖς.
441 623 489 667 οὗ
520 624 598 682 γὰρ
631 623 682 668 ἂν
710 623 942 682 φθάνοιμεν
972 623 1107 673 ἄλλως
1133 630 1329 680 κρημνοῖς
1359 624 1426 666 καὶ
1459 621 1638 681 φάραγξι
1665 623 1734 664 καὶ

258 693 472 743 σκοπέλοις
491 692 662 745 ἀτόποις
682 696 806 737 εἰπεῖν
829 694 1156 751 περιπίπτοντες,
1191 695 1259 735 καὶ
1289 690 1474 742 πλάνους
1492 691 1735 741 ἀντλοῦντες

256 767 341 807 τῶν
375 762 607 814 Ὀδυσσέως
637 763 975 821 χαλεπωτέρους·
1022 764 1090 805 καὶ
1119 762 1167 805 οὗ
1197 762 1312 812 τέλος
1347 759 1548 819 θορύβων
1578 758 1675 817 ἡμῖν
1711 757 1733 803 ὅ

255 831 401 890 παρὼν
423 830 537 875 ἔσται
565 832 709 890 καιρὸς
730 831 979 890 ἐγγυώμενος
988 864 1002 886 ,
1039 832 1136 874 ἀλλ’
1168 831 1295 887 ἀρχὰς
1315 829 1517 888 θορύβων
1549 830 1621 887 ἐφ’
1647 828 1734 872 ἐτέ-

257 918 346 959 ροις
365 899 514 958 ἑτέρων
523 933 537 955 ,
577 902 674 944 κάπὶ
693 904 886 959 διωγμοῖς
909 904 1111 959 διωγμῶν.
1149 905 1284 944 ταῦτα
1304 900 1417 959 παρὰ
1437 900 1513 956 τὴν
1534 897 1734 958 πρόθεσιν
1748 907 1791 942 10

257 975 334 1026 τῆς
352 966 495 1026 ψυχῆς
518 970 710 1026 ἀκηκοότι
736 976 795 1030 τῷ
809 976 994 1027 βασιλεῖ,
1033 970 1081 1014 οὗ
1104 968 1335 1027 προθύμως
1357 971 1432 1025 μὲν
1460 969 1555 1013 οὐδ’
1580 969 1734 1011 ἀνεπα-

215 1039 407 1096 Εχθέσιν
438 1039 610 1095 ἤθεσιν,
653 1039 856 1084 ἐνδιδόναι
881 1040 925 1083 δ’
952 1036 1024 1084 οὗν
1055 1041 1250 1097 ἐξεγένετο
1277 1037 1414 1098 βραχύ
1438 1056 1500 1093 τι,
1538 1040 1606 1081 καὶ
1635 1036 1734 1081 ὅσον

257 1106 583 1167 ἀφοσιώσασθαι
626 1109 702 1166 τὴν
744 1115 828 1154 τῶν
867 1108 1084 1168 παρόντων
1122 1107 1323 1153 ὗπόνοιὰν
1364 1126 1407 1152 τε
1449 1109 1518 1151 καὶ
1558 1107 1731 1162 νέμεσιν.

258 1177 354 1237 (A.)
382 1177 512 1222 Ὅθεν
539 1177 717 1223 εἴσιιὺνὸ
749 1177 1035 1236 ἀναγινώσκων
1064 1179 1194 1235 ἀρχὴν
1221 1180 1392 1222 ἐποιεῖτο
1426 1178 1660 1234 κεφαλαίων
1685 1175 1733 1219 τὸ

257 1247 468 1305 τέταρτον,
514 1248 568 1290 τὰ
598 1248 675 1306 γὰρ
703 1250 800 1305 τρία
821 1251 882 1306 ’τῇ
913 1250 1136 1307 προτεραίᾳ
1169 1247 1419 1304 ἀνίγνωσταί
1445 1263 1488 1289 τε
1517 1247 1585 1288 καὶ
1611 1244 1733 1288 κατέ-
1747 1253 1790 1289 15

256 1332 458 1373 γνωσται,
492 1316 551 1372 μὴ
581 1319 834 1373 δυνηθέντος
860 1322 934 1360 τοῦ
966 1315 1219 1374 γεγραφότος
1242 1320 1309 1359 καὶ
1333 1312 1736 1372 βεβλασφημηκότος

258 1383 458 1443 ἰατρεύειν
483 1385 600 1428 οὐδὲν
623 1387 788 1443 οὐδαμῆ
797 1420 811 1441 ,
847 1386 894 1430 οὐ
915 1385 1074 1440 μᾶλλόν
1090 1403 1132 1442 γε
1153 1385 1179 1441 ἢ
1200 1387 1336 1435 λίθοις
1354 1384 1524 1440 ὀπτικὴν
1545 1401 1733 1441 προσαρ-

220 1459 254 1494 F
263 1445 427 1510 μόττειν
449 1453 634 1510 δύναμιν.
680 1455 800 1511 μόλις
829 1451 902 1499 οὖν
928 1457 996 1498 καὶ
1021 1450 1127 1510 μετὰ
1143 1453 1256 1509 μάλα
1276 1458 1439 1512 μακροῧ
1459 1458 1533 1496 τοῦ
1553 1458 1627 1509 τῆς
1645 1465 1734 1507 ψυ-

252 1528 332 1580 χῆς
359 1523 552 1567 ἀκουσίου
584 1528 821 1581 λαληθῆναι
850 1524 1202 1581 συγχωρηθέντων
1229 1522 1319 1574 ἑνὸς
1349 1525 1417 1566 καὶ
1449 1524 1565 1566 δυοῖν
1602 1539 1732 1580 κεφα-

255 1594 408 1646 λαίων,
441 1590 698 1647 ὅΠαλαμᾶς
727 1592 1021 1649 αἰσχυνόμενος
1057 1588 1183 1643 αὖθις
1211 1593 1276 1636 ἐπὶ
1310 1594 1492 1650 μετρίοις
1522 1591 1597 1635 οὐκ
1616 1591 1788 1648 ἤνεγ-ΞΟ

256 1679 345 1715 κεν,
386 1660 457 1704 ἅτε
484 1665 643 1716 μᾶλλον
663 1662 747 1719 ἤδη
777 1667 964 1720 συνορῶν
993 1663 1060 1705 καὶ
1083 1666 1168 1706 τῶν
1186 1664 1318 1720 φίλων
1346 1659 1575 1705 ἐπισκόπων
1601 1662 1733 1711 ἐνίους

254 1732 587 1789 ταραττομένους
605 1730 709 1790 πρός
727 1749 770 1789 γε
788 1732 836 1776 τὸ
855 1730 1112 1789 ὑπερβάλλον
1130 1736 1214 1775 τῶν
1231 1729 1413 1776 ἐκτόπων
1426 1732 1584 1774 ἐκείνων
1595 1735 1731 1785 βλασ-

256 1804 424 1857 φημιῶν
436 1832 450 1854 ,
490 1802 559 1844 καὶ
585 1805 786 1860 θορυβεῖν
805 1798 1111 1860 ἐπιχειρούντων
1135 1802 1260 1845 ἐκεῖνο
1281 1801 1329 1844 τὸ
1354 1805 1474 1857 βῆμα
1483 1833 1499 1854 ,
1535 1802 1603 1843 καὶ
1625 1800 1730 1844 ἀπο-

255 1931 346 1967 hunc
371 1932 505 1967 modum
527 1932 713 1976 tribunali,
748 1946 824 1969 cum
852 1937 887 1969 et
911 1933 1033 1969 scirem
1060 1936 1097 1969 et
1119 1932 1272 1968 viderem
1297 1931 1538 1979 imperatorem
1562 1932 1730 1968 adversus

254 1990 319 2013 nos
339 1979 488 2024 praefari
512 1979 562 2014 sic
579 1980 691 2022 velle,
715 1984 754 2015 ut
768 1981 803 2015 in
822 1981 897 2015 eius
914 1981 1029 2015 verbis
1049 1992 1171 2025 magna
1185 1979 1418 2014 dominaretur
1436 1980 1628 2021 iracundia,
1653 1981 1730 2026 pri-

254 2023 342 2059 inam
359 2024 437 2070 ipse
454 2025 732 2071 impressionem,
755 2027 969 2072 quantumin
990 2039 1042 2062 me
1070 2028 1157 2069 fuit,
1180 2026 1354 2072 repressi:
1386 2037 1428 2061 ac
1453 2038 1514 2060 nos
1540 2027 1652 2071 (dixi)
1684 2025 1730 2060 ad

253 2071 729 2117 propositumargumentum
757 2078 794 2108 et
820 2073 863 2107 ad
891 2073 1080 2108 institutam
1103 2073 1386 2118 disceptationem
1417 2073 1591 2118 prioribus
1619 2073 1731 2107 vesti-

253 2116 323 2162 giis
340 2117 529 2152 insistendo
546 2119 724 2153 redeamus
737 2144 748 2162 ,
772 2123 810 2153 ut
827 2121 912 2154 haec
931 2119 1119 2165 disputatio
1141 2119 1262 2154 ordine
1280 2118 1468 2164 procedat,
1491 2119 1646 2165 adeoque
1667 2120 1731 2153 bo-

254 2173 334 2197 num
356 2163 484 2197 exitum
510 2165 687 2199 sortiatur.
744 2165 883 2211 Alioqui
908 2167 1025 2201 facere
1050 2166 1142 2200 haud
1174 2177 1375 2212 possumus,
1408 2165 1492 2211 quin
1522 2165 1729 2211 praecipites

255 2219 415 2250 tuamne,
439 2220 480 2243 ac
498 2213 659 2255 tanquam
676 2211 712 2245 in
729 2212 912 2256 voragines
932 2213 1060 2255 delati,
1085 2217 1145 2247 aut
1163 2212 1207 2247 ad
1235 2212 1393 2257 scopulos
1414 2211 1522 2254 allisi,
1546 2212 1583 2246 in
1609 2213 1731 2247 absur-

257 2255 304 2290 da
319 2254 524 2297 incidamus,
551 2262 587 2290 et
609 2257 782 2292 erroribus
807 2259 1025 2302 gravioribus
1049 2260 1214 2294 iactemur
1234 2269 1334 2304 quam
1364 2257 1488 2303 quibus
1516 2257 1591 2303 ipse
1621 2258 1731 2302 Ulys-

258 2312 338 2336 ses=
361 2312 425 2336 nec
441 2302 541 2336 finem
558 2303 678 2345 nobis,
703 2304 764 2339 sed
780 2304 923 2339 aliarum
940 2317 983 2339 ex
1000 2305 1075 2340 aliis
1093 2306 1268 2339 turbarum
1295 2305 1636 2350 persecutionumque
1662 2304 1732 2338 ini-

257 2347 365 2389 tium,
389 2347 573 2382 hodiernus
593 2349 667 2384 dies
697 2349 889 2395 spondebit.
937 2351 1002 2386 His
1028 2352 1219 2396 imperator
1240 2355 1380 2396 praeter
1406 2350 1611 2384 sententiam
1631 2350 1732 2384 audi-

259 2392 330 2436 tis,
355 2393 400 2428 de
415 2394 630 2430 vehementia
649 2396 798 2439 remisit;
822 2409 889 2432 non
932 2397 1044 2433 uidem
1064 2398 1231 2438 libenter,
1255 2407 1321 2430 nec
1340 2407 1432 2431 more
1453 2396 1530 2431 eius
1555 2396 1617 2442 qui
1637 2396 1730 2431 haud

256 2441 484 2485 gravaretur,
515 2441 647 2476 remisit
672 2445 787 2477 tamen
818 2443 919 2489 paulu
935 2456 1012 2489 um,
1048 2448 1211 2489 quantum
1233 2442 1368 2477 scilicet
1402 2454 1545 2477 necesse
1573 2447 1651 2477 erat
1684 2442 1730 2477 ad

257 2485 485 2532 suspicionem
514 2490 551 2522 et
575 2487 843 2533 indignationem
872 2501 988 2525 eorum
1017 2490 1076 2537 qui
1097 2490 1240 2524 aderant
1268 2489 1498 2526 amovendam.
1545 2489 1647 2534 (lv.)
1669 2488 1731 2523 In-

255 2543 397 2577 gressus
423 2532 544 2579 itaque
567 2533 680 2568 lector
712 2547 734 2570 a
763 2535 878 2581 capite
906 2541 1027 2583 quarto
1060 2547 1201 2571 exorsus
1227 2538 1294 2572 est.
1349 2535 1440 2570 Nam
1474 2535 1645 2581 superiori
1670 2534 1729 2569 die

255 2578 326 2614 tria
342 2578 495 2624 perlecta
515 2582 552 2614 et
573 2579 730 2616 damnata
753 2581 910 2617 fuerant:
935 2595 978 2618 ac
1005 2582 1088 2618 nulli
1114 2580 1244 2616 mederi
1264 2581 1293 2615 is
1316 2593 1337 2616 a
1353 2593 1420 2627 quo
1443 2582 1575 2627 scripta
1601 2585 1637 2616 et
1664 2581 1730 2615 im-

254 2624 314 2670 pie
332 2625 558 2671 pronunciata
575 2630 676 2661 erant
692 2628 761 2662 ullo
783 2629 881 2663 modo
901 2633 1074 2674 potuerat,
1095 2639 1163 2663 non
1181 2627 1290 2672 magis
1309 2639 1411 2673 quam
1427 2628 1601 2673 lapidibus
1616 2628 1728 2662 facul-

253 2673 359 2706 tatem
389 2671 530 2707 videndi
553 2673 818 2709 accommodare.
865 2674 950 2710 Cum
979 2675 1088 2722 igitur
1107 2685 1210 2709 unum
1233 2678 1270 2707 et
1289 2674 1435 2708 alterum
1455 2679 1561 2719 caput
1586 2673 1728 2708 recitari

251 2727 358 2762 aegre
376 2721 413 2752 et
438 2718 618 2754 voluntate
645 2720 824 2755 admodum
848 2726 1066 2768 repugnante
1093 2720 1294 2767 permissum
1325 2724 1440 2762 esset,
1465 2720 1624 2754 Palamas
1646 2730 1728 2754 rur-

254 2774 330 2797 sum
355 2763 486 2809 pudore
514 2765 660 2800 affectus
683 2777 751 2800 non
777 2766 857 2800 tulit
882 2768 1026 2813 amplius
1045 2766 1239 2807 moderate,
1265 2766 1466 2811 praesertim
1493 2766 1554 2801 ubi
1581 2765 1727 2800 dilecto-

251 2819 327 2843 rum
343 2809 445 2845 etiam
466 2810 704 2858 episcoporum
726 2813 904 2847 nonnullos
927 2813 1019 2849 vidit
1043 2814 1116 2849 blas
1142 2813 1325 2848 hemiarum
1346 2812 1479 2847 illarum
1506 2812 1610 2847 nimia
1634 2811 1727 2846 inso-

251 2854 359 2891 lentia
373 2857 609 2894 vehementius
625 2858 694 2895 iam
713 2859 936 2903 commoveri,
960 2863 997 2896 et
1016 2859 1068 2895 illi
1082 2858 1247 2896 tribunali
1270 2859 1392 2895 turbas
1410 2858 1524 2902 ciere,
1546 2858 1727 2906 palamque
