1794 3172
211 146 312 199 658
628 150 949 199 NICEPHom
976 123 1306 197 GREGORAE

0 280 26 310 ι.
44 274 88 310 Μ.
107 274 199 313 6851
212 283 279 319 τες
314 264 560 324 ἀγνοοῦνται
589 260 734 322 λάθρα
763 259 839 319 τὴν
873 259 981 319 ὕλην,
1001 261 1237 315 ἐσθίοντες,
1275 259 1419 320 μέχρις
1438 258 1491 306 ἂν
1512 262 1570 312 εἷς
1595 259 1708 318 ὕψος

35 325 107 360 1¹¹⁶·
119 324 163 362 Π·
212 336 514 395 ἅναῤῥιπίσωσι
544 333 592 377 τὸ
622 333 805 390 μεμηνὸς
837 337 912 389 τῆς
934 330 1112 391 φλογός·
1162 330 1272 375 οὕτω
1294 331 1347 388 δὴ
1369 333 1438 375 καὶ
1459 332 1591 389 αὐτὴν
1610 334 1709 390 ἐφε-

213 404 399 465 δρεύσειν
424 406 466 455 ἐς
496 404 556 447 ἀεὶ
592 411 683 454 ταῖς
713 407 787 459 τῆς
818 404 1006 455 ἐξουσίας
1036 402 1193 456 ἐλπίσι,
1241 401 1386 460 μέχρις
1408 400 1460 446 ἂν
1489 405 1710 454 συνεξετα-

217 476 363 532 ζομένη
385 482 471 524 τοῖς
492 476 612 527 ζῶσιν
636 474 774 531 ἕτερον
798 471 877 534 δρᾷ
899 471 1219 530 περιεζωσμένον
1239 470 1293 514 τὰ
1321 476 1513 531 σκῆπτρα
1532 477 1610 529 τῆς
1631 473 1710 530 ἀρ-

174 551 303 603 Οχῆς.
342 544 470 608 αὗτρς
502 541 736 586 δὲ’τούτων
767 541 961 586 ἁπάντων
994 542 1042 586 τὸ
1073 546 1148 598 τῆς
1184 543 1417 599 συγγενείας
1447 540 1745 601 προτιμήσαςό

216 614 530 671 ἀνομοθέτητον
572 614 732 656 δίκαιον
766 618 842 657 τοῦ
881 613 956 667 μὲν
995 612 1268 670 ἀναιροῦντος
1311 613 1504 670 ἐφείσατο
1536 615 1706 671 ξίφους’

213 687 257 729 ἐν
284 684 453 743 ἀδέσμῳ
495 682 538 726 δ’
573 678 646 727 οὖν
684 683 909 740 προσέταξε
943 686 1164 741 τηρεῖσθαι
1207 679 1366 739 ταύτην
1405 687 1596 743 φρουρᾷ·
1640 684 1712 726 ἵνα

210 755 271 812 μὴ
299 751 590 812 παραπλήσιον
620 747 749 805 αὖθίς
771 771 811 797 τι
843 751 1002 811 δράσῃ,
1041 750 1236 810 καθάπερ
1265 750 1334 796 ὅτε
1365 753 1470 811 πρὸς
1498 753 1714 812 Ἀνδρονί-

213 843 288 869 κου
320 828 395 868 τοῦ
424 823 628 879 βασιλέως
661 825 703 867 ἐν
739 825 1023 881 Θεσσαλονίκῃ
1056 827 1349 880 μετενεχθεῖσα
1367 821 1508 884 χρόνῳ
1538 822 1713 882 ὕστερον

210 894 338 955 ᾤχετο
370 892 515 952 λάθρα
553 898 745 951 φυγοῦσα
777 896 834 944 εἷς
869 893 946 949 τὴν
974 898 1058 936 τῶν
1098 890 1363 951 Ἀκαρνάνων
1402 889 1532 945 αὖθις
1562 891 1709 951 ἀρχήν.
1727 897 1772 932 10

172 964 325 1009 Βᾶλλὰ
347 968 480 1008 ταῦτα
498 964 576 1019 μὲν
598 966 641 1008 ἐν
665 971 753 1015 τοῖς
775 962 868 1021 ἑξῆς
893 963 1181 1023 διαρκέστερον
1202 961 1527 1023 ἀφηγησόμεθα.
1566 968 1641 1009 νῦν
1665 963 1712 1007 δ’

215 1037 340 1079 ἐκεῖσε
363 1031 559 1089 ἐπάνειμι.
1480 1092 1482 1095 ¹

85 1099 208 1182 *⁷333
322 1103 368 1158 ζ’.
400 1101 641 1160 Ἀναλαβών
678 1103 758 1162 γὰρ
788 1101 811 1147 ὅ
843 1103 1039 1160 βασιλεῦς
1081 1103 1160 1155 τὰς
1191 1101 1345 1148 ἑαυτοῦ
1376 1102 1572 1160 δυνάμεις
1582 1137 1596 1158 ,
1646 1105 1717 1147 καὶ

217 1174 307 1231 ἅμα
344 1171 443 1225 τοὺς
480 1175 524 1217 ἐκ
558 1173 763 1232 Βερροιάς
791 1175 1243 1233 ἐστρατολογημένους,
1291 1174 1355 1234 ᾔει
1391 1174 1496 1234 πρὸς
1522 1174 1600 1225 τὰς
1630 1178 1715 1218 τῶν

219 1244 552 1291 Θεσσαλονικέων
580 1245 832 1301 ἐπαγγελίας.
880 1243 1020 1304 κρύφα
1051 1245 1130 1304 γὰρ
1159 1246 1316 1289 ἐκεῖθεν
1349 1244 1448 1289 ἔνιοι
1468 1242 1606 1304 τούτῳ
1631 1246 1715 1288 διε-
1729 1246 1774 1283 15

213 1313 477 1372 μηνύσαντο,
527 1316 562 1358 εἲ
592 1318 755 1358 θᾶττον
786 1313 813 1372 ἢ
858 1320 941 1359 τῶν
974 1314 1083 1360 οὕτω
1112 1315 1454 1373 βεβουλευμένων
1482 1315 1717 1359 αἲσθέσθαι

214 1385 288 1429 τὸν
321 1387 454 1441 δῆμον
501 1384 556 1428 ἴοι
593 1386 657 1428 ἐπὶ
697 1384 752 1429 τὰ,
780 1386 918 1443 τείχη,
967 1385 1118 1447 ῥᾳδίαν
1145 1385 1277 1445 εὖρεῖν
1305 1385 1366 1430 δι’
1402 1386 1542 1431 αὐτῶν
1577 1385 1654 1442 τὴν
1674 1386 1719 1436 ἐς

213 1456 291 1512 τὴν
310 1453 429 1499 πόλιν
448 1453 647 1512 πάροδον.
686 1453 760 1498 ἷών
795 1473 840 1514 γε
878 1455 962 1513 μὴν
998 1456 1099 1514 ἔγνω
1137 1456 1214 1513 τὴν
1237 1457 1463 1514 ἐπιβουλὴν
1484 1455 1654 1516 ῥυεῖσαν
1675 1456 1718 1507 ἐς

176 1525 294 1576 Ὲτὰς
327 1530 402 1569 τοῦ
437 1523 572 1582 δήμου
609 1526 791 1583 φατρίας
826 1529 892 1570 καὶ
913 1526 1018 1584 πρὸς
1051 1527 1221 1583 θυμοὺς
1239 1525 1509 1584 ὅπλομάχους
1534 1526 1718 1584 ἀναφλέ-

214 1598 346 1647 ξασαν
377 1593 567 1647 ἅπαντας
600 1594 708 1639 κατά
738 1613 783 1640 τε
814 1601 899 1641 τῶν
944 1595 1175 1653 ἐπιβούλων
1199 1600 1268 1642 καὶ
1297 1598 1442 1643 αὐτοῦ.
1481 1597 1546 1641 διὸ
1570 1597 1622 1654 δὴ
1647 1597 1776 1640 zaim

216 1663 512 1724 ἀπρακτούοας
541 1665 774 1725 ἀνειληφὼς
794 1668 872 1718 τὰς
900 1668 1095 1712 ἐντεῦθεν
1126 1669 1296 1720 ἐλπίδας
1332 1669 1395 1711 ἐπὶ
1420 1667 1629 1726 Βέῤῥοιαν
1650 1667 1720 1710 εὖ-

86 1736 301 1787 num-239
337 1735 563 1794 ἀναχωρεῖν
606 1739 779 1781 ἐποιεῖτο
822 1738 893 1782 διὰ
924 1741 1125 1795 σπουδῆς.
1201 1738 1295 1799 (Β.)
1327 1738 1419 1782 Ἐπὶ
1446 1736 1611 1788 τούτοις
1638 1737 1719 1796 γὰρ

221 1807 290 1850 καὶ
324 1804 346 1849 ὃ
375 1805 605 1859 Βυζάντιος
643 1807 889 1853 κατέπλευσε
916 1807 1065 1870 στόλος
1105 1810 1147 1859 ἐς
1178 1809 1226 1853 τὸ
1261 1813 1347 1853 τῶν
1380 1807 1720 1853 Θεσσαλονικέων

224 1876 397 1920 ἐπίνειον
405 1910 421 1931 ,
458 1874 666 1937 ναύαρχον
690 1877 793 1934 ἔχων
818 1879 997 1932 Ἀλέξιον
1021 1879 1095 1923 τὸν
1122 1878 1381 1924 Ἀπόκαυκον
1424 1880 1494 1923 καὶ
1521 1877 1722 1935 ναυτικὴν

226 2033 291 2070 leis
313 2033 489 2069 abstrusus
518 2036 697 2082 ignoratur
721 2040 756 2073 et
784 2038 937 2074 fomitem
962 2038 1113 2074 latenter
1137 2037 1274 2081 exedit,
1297 2037 1408 2074 donec
1428 2039 1600 2074 furentem
1620 2038 1722 2074 flam-

225 2092 315 2115 ·mam
343 2092 475 2116 sursum
501 2085 665 2128 ventilem
698 2086 749 2120 ita
774 2092 810 2120 et
835 2086 945 2132 ipsam
974 2086 1012 2122 in
1038 2097 1133 2132 spem
1163 2086 1364 2120 dominandi
1390 2098 1526 2132 semper
1552 2087 1722 2122 intentam

227 2128 319 2170 fore,
333 2128 496 2174 quamdiu
513 2130 602 2165 vivis
620 2137 844 2168 annumerata
861 2133 1005 2168 alterum
1025 2145 1087 2168 suo
1099 2138 1240 2179 sceptro
1259 2139 1418 2168 ornatum
1436 2136 1646 2179 adspectura
1664 2145 1722 2168 es-

228 2179 294 2209 set.
306 2221 315 2230 .
344 2178 388 2209 At
405 2175 464 2210 ille
482 2179 697 2222 cognationis
715 2180 788 2226 ius,
814 2180 906 2227 quod
924 2193 993 2215 non
1012 2180 1090 2226 lege
1112 2182 1173 2215 sed
1191 2185 1315 2216 natura
1334 2180 1480 2224 nititur',
1507 2180 1606 2227 prius
1625 2181 1724 2215 hisce

228 2221 384 2277 omnibus
408 2222 559 2276 liabens,
591 2225 741 2270 gladium
769 2227 812 2261 ab
841 2227 916 2262 eius
942 2227 1049 2263 caede
1078 2227 1269 2270 abstinuit,
1303 2239 1344 2262 ac
1364 2227 1476 2274 ipsam
1501 2229 1539 2263 in
1563 2227 1724 2263 custodia

228 2268 376 2304 vmculis
394 2267 536 2304 hberam
555 2274 687 2307 servari
707 2274 827 2316 iussit3
852 2286 895 2313 ne
915 2275 1000 2321 quid
1017 2274 1088 2310 tale
1108 2275 1232 2310 iterum
1258 2274 1506 2318 committeret,
1532 2275 1636 2321 quale
1654 2275 1725 2309 iam

225 2320 351 2357 antea,
381 2326 456 2370 ¹cum
477 2318 519 2351 ab
533 2319 728 2354 Andronico
750 2320 958 2367 imperatore
967 2322 1252 2357 Thessalonicam
1274 2322 1443 2357 translata
1459 2323 1547 2358 clam
1564 2322 1725 2368 aliquan-

225 2365 263 2396 to
283 2365 368 2418 post·
381 2374 416 2396 m
437 2364 648 2409 provinciam
667 2378 759 2402 suam
780 2368 1006 2403 Acarnaniam
1028 2381 1150 2404 rursus
1177 2369 1326 2416 aufugit.
1375 2370 1448 2405 Sed
1473 2370 1562 2405 haec
1585 2369 1725 2416 quidem

225 2408 336 2443 fumus
359 2409 451 2444 mfra
471 2422 692 2457 exponemus.
739 2415 843 2449 Nunc
864 2426 948 2450 vero
971 2416 1052 2452 illuc
1073 2417 1192 2451 redeo.

251 2500 262 2511 ⁵
317 2457 352 2493 7.
377 2456 582 2503 Imperator,
606 2471 684 2494 cum
703 2464 739 2495 et
756 2474 837 2496 suas
856 2463 974 2508 copias
991 2469 1028 2499 et
1049 2464 1265 2510 conscriptos
1280 2463 1482 2498 Berrhoeae
1497 2462 1624 2498 milites
1643 2464 1725 2497 coe-

225 2507 358 2549 gisset,
384 2504 530 2540 contulit
554 2517 592 2539 se
615 2506 920 2551 Thessalonicam,
952 2509 997 2545 iis
1018 2511 1197 2557 promissis
1221 2511 1406 2553 inductus,
1431 2521 1522 2557 quae
1548 2510 1616 2544 sibi
1642 2509 1725 2544 inde

222 2548 470 2586 afferebantur.
528 2551 624 2587 Clam
640 2553 743 2607 ‘enim'
763 2554 860 2589 illinc
887 2555 1028 2601 quidam
1054 2557 1114 2592 isti
1138 2557 1445 2604 significaverant,
1483 2557 1514 2592 si
1541 2562 1727 2602 antequam

222 2595 373 2650 populus
394 2608 437 2631 ea
454 2609 543 2644 quae
560 2599 718 2635 medntati
740 2606 857 2636 essent
879 2605 1120 2648 persensisset,
1146 2605 1191 2640 ad
1209 2616 1324 2640 muros
1342 2605 1419 2650 ipse
1436 2604 1726 2651 progrederetur,

104 2684 120 2698 n
221 2642 362 2698 facilem
385 2654 500 2680 eorum
516 2657 624 2692 opera
642 2646 795 2683 futurum
815 2648 866 2682 illi
888 2649 923 2684 in
944 2652 1064 2686 urbem
1080 2651 1285 2698 ingressum.
1320 2652 1368 2686 At
1388 2651 1445 2686 hic
1462 2663 1540 2686 cum
1558 2650 1725 2693 venisset,

222 2693 363 2744 acpepnt
380 2701 537 2747 manasse
557 2692 602 2727 ad
624 2693 778 2738 plebeias
794 2694 963 2731 factiones
983 2698 1082 2732 huius
1100 2699 1351 2741 coniurationis
1370 2710 1502 2740 auram,
1526 2702 1562 2733 et
1579 2697 1727 2733 omnium

223 2747 354 2771 ammos
377 2748 528 2783 pugnaci
554 2739 701 2785 quodam
729 2741 846 2776 furore
870 2742 1136 2780 inflammavisse
1150 2772 1160 2789 ,
1182 2751 1255 2781 tum
1279 2746 1317 2781 in
1342 2746 1563 2788 coniuratos,
1595 2749 1669 2779 tum
1691 2744 1728 2779 in

223 2781 504 2840 Qantacuzepum
531 2785 656 2831 ipsum.
703 2787 957 2833 Quamobrem,
990 2803 1054 2837 spe
1079 2792 1175 2828 illinc
1201 2805 1341 2840 quoque
1367 2792 1490 2835 irrita,
1514 2792 1727 2827 Berrhoeam

222 2828 489 2887 diligentissime
517 2843 699 2878 regressus
720 2839 786 2870 est.
834 2835 920 2881 (ΙΙ.)
944 2838 1071 2874 Statim
1097 2839 1186 2875 enim
1218 2840 1262 2875 ab
1290 2839 1345 2876 his
1368 2839 1507 2886 appulit
1534 2843 1572 2874 et
1587 2839 1728 2886 Byzan-

227 2880 304 2913 tana
320 2876 445 2914 classis
462 2878 507 2915 ad
525 2879 872 2917 Thessalonicensem
894 2888 1031 2930 portum
1042 2911 1052 2930 ,
1077 2887 1291 2935 praefectum
1306 2887 1440 2923 habens
1460 2885 1616 2922 Alexium
1633 2887 1729 2933 Apo-
