<?xml version="1.0" encoding="UTF-8"?>
<!DOCTYPE html PUBLIC "-//W3C//DTD XHTML 1.0 Transitional//EN"
    "http://www.w3.org/TR/xhtml1/DTD/xhtml1-transitional.dtd">
<html xmlns="http://www.w3.org/1999/xhtml" xml:lang="en" lang="en">
 <head>
  <title>
</title>
<meta http-equiv="Content-Type" content="text/html;charset=utf-8" />
  <meta name='ocr-system' content='tesseract 3.04.00' />
  <meta name='ocr-capabilities' content='ocr_page ocr_carea ocr_par ocr_line ocrx_word'/>
</head>
<body>
  <div class='ocr_page' id='page_1' title='image "./corpusscriptorum39niebuoft_0601.png"; bbox 0 0 1794 3172; ppageno 0'>
   <div class='ocr_carea' id='block_1_1' title="bbox 587 122 1589 173">
    <p class='ocr_par' dir='ltr' id='par_1_1' title="bbox 587 122 1589 173">
     <span class='ocr_line' id='line_1_1' title="bbox 587 122 1589 173; baseline 0.003 -3"><span class='ocrx_word' id='word_1_1' title='bbox 587 125 1077 173; x_wconf 83' lang='lat' dir='ltr'><strong>ANNOTATIONES.</strong></span> <span class='ocrx_word' id='word_1_2' title='bbox 1455 122 1480 171; x_wconf 90' lang='lat'>1</span> <span class='ocrx_word' id='word_1_3' title='bbox 1492 122 1589 173; x_wconf 84' lang='lat'><strong>159</strong></span> 
     </span>
    </p>
   </div>
   <div class='ocr_carea' id='block_1_2' title="bbox 41 229 1586 344">
    <p class='ocr_par' dir='ltr' id='par_1_2' title="bbox 41 229 1586 344">
     <span class='ocr_line' id='line_1_2' title="bbox 157 229 1586 291; baseline 0.004 -19"><span class='ocrx_word' id='word_1_4' title='bbox 157 231 262 285; x_wconf 83' lang='grc' dir='ltr'><strong>Ρα3.</strong></span> <span class='ocrx_word' id='word_1_5' title='bbox 291 234 374 282; x_wconf 85' lang='grc'><strong>44,</strong></span> <span class='ocrx_word' id='word_1_6' title='bbox 403 236 445 276; x_wconf 91' lang='grc'><strong>7.</strong></span> <span class='ocrx_word' id='word_1_7' title='bbox 511 235 573 290; x_wconf 80' lang='grc' dir='ltr'><strong>Τῇ</strong></span> <span class='ocrx_word' id='word_1_8' title='bbox 592 229 668 285; x_wconf 80' lang='grc' dir='ltr'><strong>μὲν</strong></span> <span class='ocrx_word' id='word_1_9' title='bbox 688 233 867 286; x_wconf 79' lang='grc' dir='ltr'><strong><em>βασιλίδι</em></strong></span> <span class='ocrx_word' id='word_1_10' title='bbox 884 230 1067 291; x_wconf 77' lang='grc' dir='ltr'><strong><em>Εἰρήνῃ]</em></strong></span> <span class='ocrx_word' id='word_1_11' title='bbox 1095 234 1195 275; x_wconf 78' lang='lat' dir='ltr'><strong>Inde</strong></span> <span class='ocrx_word' id='word_1_12' title='bbox 1216 234 1360 289; x_wconf 83' lang='lat' dir='ltr'><strong>incipit</strong></span> <span class='ocrx_word' id='word_1_13' title='bbox 1378 235 1485 276; x_wconf 87' lang='lat' dir='ltr'><strong>liber</strong></span> <span class='ocrx_word' id='word_1_14' title='bbox 1507 243 1586 278; x_wconf 83' lang='lat' dir='ltr'><strong>ter-</strong></span> 
     </span>
     <span class='ocr_line' id='line_1_3' title="bbox 41 290 1584 344; baseline 0.004 -14"><span class='ocrx_word' id='word_1_15' title='bbox 41 290 121 330; x_wconf 84' lang='lat' dir='ltr'><strong>tius</strong></span> <span class='ocrx_word' id='word_1_16' title='bbox 142 292 184 331; x_wconf 90' lang='lat' dir='ltr'><strong>in</strong></span> <span class='ocrx_word' id='word_1_17' title='bbox 206 291 307 331; x_wconf 82' lang='lat' dir='ltr'><strong>eod.</strong></span> <span class='ocrx_word' id='word_1_18' title='bbox 327 292 425 343; x_wconf 82' lang='lat' dir='ltr'><strong>Reg</strong></span> <span class='ocrx_word' id='word_1_19' title='bbox 445 294 572 335; x_wconf 80' lang='lat'><strong>2078.</strong></span> <span class='ocrx_word' id='word_1_20' title='bbox 593 291 636 329; x_wconf 90' lang='lat' dir='ltr'><strong>in</strong></span> <span class='ocrx_word' id='word_1_21' title='bbox 653 305 735 344; x_wconf 91' lang='lat' dir='ltr'><strong>quo</strong></span> <span class='ocrx_word' id='word_1_22' title='bbox 754 298 794 332; x_wconf 89' lang='lat' dir='ltr'><strong>et</strong></span> <span class='ocrx_word' id='word_1_23' title='bbox 820 291 1004 344; x_wconf 76' lang='lat' dir='ltr'><strong>capitum</strong></span> <span class='ocrx_word' id='word_1_24' title='bbox 1025 292 1173 333; x_wconf 88' lang='lat' dir='ltr'><strong>divisio</strong></span> <span class='ocrx_word' id='word_1_25' title='bbox 1188 292 1346 334; x_wconf 83' lang='lat' dir='ltr'><strong>diversa</strong></span> <span class='ocrx_word' id='word_1_26' title='bbox 1366 301 1430 335; x_wconf 87' lang='lat' dir='ltr'><strong>est</strong></span> <span class='ocrx_word' id='word_1_27' title='bbox 1451 309 1474 334; x_wconf 90' lang='lat' dir='ltr'><strong>a</strong></span> <span class='ocrx_word' id='word_1_28' title='bbox 1495 297 1584 336; x_wconf 81' lang='lat' dir='ltr'><strong>vul-</strong></span> 
     </span>
    </p>
   </div>
   <div class='ocr_carea' id='block_1_3' title="bbox 40 351 370 402">
    <p class='ocr_par' dir='ltr' id='par_1_3' title="bbox 40 351 370 402">
     <span class='ocr_line' id='line_1_4' title="bbox 40 351 370 402; baseline -0.009 -12"><span class='ocrx_word' id='word_1_29' title='bbox 40 351 157 402; x_wconf 86' lang='lat' dir='ltr'><strong>gatis.</strong></span> <span class='ocrx_word' id='word_1_30' title='bbox 216 362 370 390; x_wconf 62' lang='lat' dir='ltr'><strong>Bonus.</strong></span> 
     </span>
    </p>
   </div>
   <div class='ocr_carea' id='block_1_4' title="bbox 154 401 1584 462">
    <p class='ocr_par' dir='ltr' id='par_1_4' title="bbox 154 401 1584 462">
     <span class='ocr_line' id='line_1_5' title="bbox 154 401 1584 462; baseline 0.003 -15"><span class='ocrx_word' id='word_1_31' title='bbox 154 406 365 461; x_wconf 78' lang='lat' dir='ltr'><strong>Pag.44,</strong></span> <span class='ocrx_word' id='word_1_32' title='bbox 402 407 468 448; x_wconf 90' lang='lat'><strong>18</strong></span> <span class='ocrx_word' id='word_1_33' title='bbox 526 401 778 461; x_wconf 82' lang='grc' dir='ltr'><strong>Σωσανδρα]</strong></span> <span class='ocrx_word' id='word_1_34' title='bbox 807 405 926 446; x_wconf 86' lang='lat' dir='ltr'><strong>Ubi</strong></span> <span class='ocrx_word' id='word_1_35' title='bbox 911 420 948 445; x_wconf 74' lang='grc' dir='ltr'>ιε</span> <span class='ocrx_word' id='word_1_36' title='bbox 969 405 1117 447; x_wconf 85' lang='lat' dir='ltr'><strong>deinde</strong></span> <span class='ocrx_word' id='word_1_37' title='bbox 1138 408 1323 462; x_wconf 74' lang='lat' dir='ltr'><strong>sepultus</strong></span> <span class='ocrx_word' id='word_1_38' title='bbox 1346 409 1448 458; x_wconf 85' lang='lat' dir='ltr'><strong>fuit.</strong></span> <span class='ocrx_word' id='word_1_39' title='bbox 1478 410 1584 451; x_wconf 82' lang='lat' dir='ltr'><strong>infra</strong></span> 
     </span>
    </p>
   </div>
   <div class='ocr_carea' id='block_1_5' title="bbox 38 464 1581 578">
    <p class='ocr_par' dir='ltr' id='par_1_5' title="bbox 38 464 1566 578">
     <span class='ocr_line' id='line_1_6' title="bbox 38 464 602 519; baseline -0.005 -14"><span class='ocrx_word' id='word_1_40' title='bbox 38 465 91 505; x_wconf 84' lang='lat' dir='ltr'><strong>ad</strong></span> <span class='ocrx_word' id='word_1_41' title='bbox 112 479 205 519; x_wconf 72' lang='lat' dir='ltr'><strong>pag.</strong></span> <span class='ocrx_word' id='word_1_42' title='bbox 229 467 298 508; x_wconf 85' lang='grc'><strong>30.</strong></span> <span class='ocrx_word' id='word_1_43' title='bbox 324 464 370 502; x_wconf 87' lang='grc' dir='ltr'><strong>Β.</strong></span> <span class='ocrx_word' id='word_1_44' title='bbox 425 476 602 502; x_wconf 61' lang='lat' dir='ltr'><strong>nucame-</strong></span> 
     </span>
     <span class='ocr_line' id='line_1_7' title="bbox 154 517 1581 578; baseline 0.002 -16"><span class='ocrx_word' id='word_1_45' title='bbox 154 522 258 575; x_wconf 68' lang='lat' dir='ltr'><strong>Peg.</strong></span> <span class='ocrx_word' id='word_1_46' title='bbox 287 521 367 572; x_wconf 86' lang='lat'>45,</span> <span class='ocrx_word' id='word_1_47' title='bbox 395 524 437 564; x_wconf 87' lang='grc'><strong>4</strong></span> <span class='ocrx_word' id='word_1_48' title='bbox 494 518 643 574; x_wconf 81' lang='grc' dir='ltr'><strong>Ἡμὲν</strong></span> <span class='ocrx_word' id='word_1_49' title='bbox 668 520 829 576; x_wconf 81' lang='grc' dir='ltr'>βασιλις</span> <span class='ocrx_word' id='word_1_50' title='bbox 856 517 1047 577; x_wconf 78' lang='grc' dir='ltr'><strong>Εἰρήνη]</strong></span> <span class='ocrx_word' id='word_1_51' title='bbox 1086 521 1279 577; x_wconf 86' lang='lat' dir='ltr'><strong>Acropol.</strong></span> <span class='ocrx_word' id='word_1_52' title='bbox 1308 537 1398 578; x_wconf 85' lang='lat' dir='ltr'><strong>cap.</strong></span> <span class='ocrx_word' id='word_1_53' title='bbox 1425 525 1581 567; x_wconf 84' lang='lat' dir='ltr'><strong>XXIX.</strong></span> 
     </span>
    </p>
   </div>
   <div class='ocr_carea' id='block_1_6' title="bbox 36 595 213 621">
    <p class='ocr_par' dir='ltr' id='par_1_6' title="bbox 36 595 213 621">
     <span class='ocr_line' id='line_1_8' title="bbox 36 595 213 621; baseline -0.018 0"><span class='ocrx_word' id='word_1_54' title='bbox 36 595 140 621; x_wconf 76' lang='lat' dir='ltr'>DUCA</span> <span class='ocrx_word' id='word_1_55' title='bbox 144 595 168 620; x_wconf 71' lang='lat' dir='ltr'><strong>X</strong></span> <span class='ocrx_word' id='word_1_56' title='bbox 174 595 213 618; x_wconf 77' lang='lat' dir='ltr'><strong>G·</strong></span> 
     </span>
    </p>
   </div>
   <div class='ocr_carea' id='block_1_7' title="bbox 37 629 1582 750">
    <p class='ocr_par' dir='ltr' id='par_1_7' title="bbox 37 629 1582 750">
     <span class='ocr_line' id='line_1_9' title="bbox 148 629 1582 692; baseline 0.001 -14"><span class='ocrx_word' id='word_1_57' title='bbox 148 636 251 689; x_wconf 77' lang='lat' dir='ltr'><strong>Pag.</strong></span> <span class='ocrx_word' id='word_1_58' title='bbox 281 633 361 683; x_wconf 85' lang='lat'>45,</span> <span class='ocrx_word' id='word_1_59' title='bbox 394 635 435 677; x_wconf 89' lang='lat'><strong>8·</strong></span> <span class='ocrx_word' id='word_1_60' title='bbox 490 630 608 687; x_wconf 80' lang='grc' dir='ltr'><strong>Λῧτη</strong></span> <span class='ocrx_word' id='word_1_61' title='bbox 632 633 677 676; x_wconf 80' lang='grc' dir='ltr'><strong>δὲ</strong></span> <span class='ocrx_word' id='word_1_62' title='bbox 702 629 758 689; x_wconf 77' lang='grc' dir='ltr'><strong>ἦν</strong></span> <span class='ocrx_word' id='word_1_63' title='bbox 778 633 933 688; x_wconf 83' lang='grc' dir='ltr'><strong>”Αννα]</strong></span> <span class='ocrx_word' id='word_1_64' title='bbox 960 635 1165 676; x_wconf 82' lang='lat' dir='ltr'><strong>Frederici</strong></span> <span class='ocrx_word' id='word_1_65' title='bbox 1198 635 1251 676; x_wconf 89' lang='lat' dir='ltr'><strong>II.</strong></span> <span class='ocrx_word' id='word_1_66' title='bbox 1275 638 1378 692; x_wconf 86' lang='lat' dir='ltr'><strong>imp.</strong></span> <span class='ocrx_word' id='word_1_67' title='bbox 1398 638 1480 678; x_wconf 86' lang='lat' dir='ltr'><strong>filia</strong></span> <span class='ocrx_word' id='word_1_68' title='bbox 1502 653 1582 678; x_wconf 87' lang='lat' dir='ltr'><strong>no-</strong></span> 
     </span>
     <span class='ocr_line' id='line_1_10' title="bbox 37 690 1582 750; baseline 0 -16"><span class='ocrx_word' id='word_1_69' title='bbox 37 694 132 744; x_wconf 84' lang='lat' dir='ltr'><strong>tha,</strong></span> <span class='ocrx_word' id='word_1_70' title='bbox 165 692 363 734; x_wconf 74' lang='lat' dir='ltr'><strong>manfredi</strong></span> <span class='ocrx_word' id='word_1_71' title='bbox 389 690 495 743; x_wconf 77' lang='lat' dir='ltr'><strong>regis</strong></span> <span class='ocrx_word' id='word_1_72' title='bbox 519 692 680 732; x_wconf 78' lang='lat' dir='ltr'><strong>Siciliae</strong></span> <span class='ocrx_word' id='word_1_73' title='bbox 706 707 834 736; x_wconf 86' lang='lat' dir='ltr'><strong>soror.</strong></span> <span class='ocrx_word' id='word_1_74' title='bbox 878 694 980 735; x_wconf 85' lang='lat' dir='ltr'>Vide</span> <span class='ocrx_word' id='word_1_75' title='bbox 999 694 1190 734; x_wconf 78' lang='lat' dir='ltr'><strong>Familias</strong></span> <span class='ocrx_word' id='word_1_76' title='bbox 1211 703 1371 736; x_wconf 86' lang='lat' dir='ltr'><strong>nostras</strong></span> <span class='ocrx_word' id='word_1_77' title='bbox 1391 697 1582 750; x_wconf 81' lang='lat' dir='ltr'><strong>Byzanti.</strong></span> 
     </span>
    </p>
   </div>
   <div class='ocr_carea' id='block_1_8' title="bbox 23 753 1577 1741">
    <p class='ocr_par' dir='ltr' id='par_1_8' title="bbox 36 753 562 806">
     <span class='ocr_line' id='line_1_11' title="bbox 36 753 562 806; baseline -0.008 -15"><span class='ocrx_word' id='word_1_78' title='bbox 36 766 108 791; x_wconf 85' lang='lat' dir='ltr'><strong>nas</strong></span> <span class='ocrx_word' id='word_1_79' title='bbox 133 766 229 806; x_wconf 83' lang='lat' dir='ltr'><strong>pag.</strong></span> <span class='ocrx_word' id='word_1_80' title='bbox 248 753 346 794; x_wconf 79' lang='grc'><strong>223.</strong></span> <span class='ocrx_word' id='word_1_81' title='bbox 385 763 562 789; x_wconf 69' lang='lat' dir='ltr'><strong>nucasc.</strong></span> 
     </span>
    </p>

    <p class='ocr_par' dir='ltr' id='par_1_9' title="bbox 152 807 1462 864">
     <span class='ocr_line' id='line_1_12' title="bbox 152 807 1462 864; baseline 0.001 -13"><span class='ocrx_word' id='word_1_82' title='bbox 152 812 251 864; x_wconf 81' lang='lat' dir='ltr'><strong>Pag-</strong></span> <span class='ocrx_word' id='word_1_83' title='bbox 279 808 362 858; x_wconf 84' lang='lat'><strong>45,</strong></span> <span class='ocrx_word' id='word_1_84' title='bbox 395 811 461 851; x_wconf 88' lang='lat'><strong>16.</strong></span> <span class='ocrx_word' id='word_1_85' title='bbox 521 807 814 862; x_wconf 81' lang='grc' dir='ltr'><strong>Μαρκεσίνης]</strong></span> <span class='ocrx_word' id='word_1_86' title='bbox 844 807 1141 862; x_wconf 79' lang='lat' dir='ltr'><strong>Acropol.cap.</strong></span> <span class='ocrx_word' id='word_1_87' title='bbox 1163 809 1247 849; x_wconf 86' lang='lat' dir='ltr'><strong>LII.</strong></span> <span class='ocrx_word' id='word_1_88' title='bbox 1285 824 1462 852; x_wconf 58' lang='lat' dir='ltr'><strong>uncam.</strong></span> 
     </span>
    </p>

    <p class='ocr_par' dir='ltr' id='par_1_10' title="bbox 31 876 1577 1048">
     <span class='ocr_line' id='line_1_13' title="bbox 152 876 1577 942; baseline 0.004 -27"><span class='ocrx_word' id='word_1_89' title='bbox 152 882 249 932; x_wconf 79' lang='lat' dir='ltr'><strong>Pag.</strong></span> <span class='ocrx_word' id='word_1_90' title='bbox 277 880 358 927; x_wconf 88' lang='lat'><strong>46,</strong></span> <span class='ocrx_word' id='word_1_91' title='bbox 387 881 429 921; x_wconf 82' lang='lat'><strong>3.</strong></span> <span class='ocrx_word' id='word_1_92' title='bbox 486 876 588 916; x_wconf 83' lang='lat' dir='ltr'><strong>Vide</strong></span> <span class='ocrx_word' id='word_1_93' title='bbox 618 877 827 942; x_wconf 84' lang='lat' dir='ltr'><strong>epistolam</strong></span> <span class='ocrx_word' id='word_1_94' title='bbox 860 878 1108 931; x_wconf 77' lang='lat' dir='ltr'><strong>encyclicam</strong></span> <span class='ocrx_word' id='word_1_95' title='bbox 1142 878 1268 931; x_wconf 84' lang='lat' dir='ltr'><strong>ipsius</strong></span> <span class='ocrx_word' id='word_1_96' title='bbox 1300 881 1577 934; x_wconf 81' lang='lat' dir='ltr'><strong>Blemmydae,</strong></span> 
     </span>
     <span class='ocr_line' id='line_1_14' title="bbox 35 934 1575 992; baseline 0.002 -16"><span class='ocrx_word' id='word_1_97' title='bbox 35 937 183 977; x_wconf 83' lang='lat' dir='ltr'><strong>editam</strong></span> <span class='ocrx_word' id='word_1_98' title='bbox 225 950 248 974; x_wconf 86' lang='lat' dir='ltr'><strong>a</strong></span> <span class='ocrx_word' id='word_1_99' title='bbox 286 937 420 975; x_wconf 85' lang='lat' dir='ltr'>Leone</span> <span class='ocrx_word' id='word_1_100' title='bbox 456 934 603 974; x_wconf 83' lang='lat' dir='ltr'><strong>Allatio</strong></span> <span class='ocrx_word' id='word_1_101' title='bbox 634 935 677 974; x_wconf 92' lang='lat' dir='ltr'><strong>in</strong></span> <span class='ocrx_word' id='word_1_102' title='bbox 709 935 819 974; x_wconf 84' lang='lat' dir='ltr'><strong>notis</strong></span> <span class='ocrx_word' id='word_1_103' title='bbox 853 936 906 975; x_wconf 86' lang='lat' dir='ltr'><strong>ad</strong></span> <span class='ocrx_word' id='word_1_104' title='bbox 945 936 1048 975; x_wconf 88' lang='lat' dir='ltr'><strong>Hist.</strong></span> <span class='ocrx_word' id='word_1_105' title='bbox 1092 936 1254 989; x_wconf 84' lang='lat' dir='ltr'><strong>Georgii</strong></span> <span class='ocrx_word' id='word_1_106' title='bbox 1291 938 1575 992; x_wconf 81' lang='lat' dir='ltr'><strong>Acropolitae,</strong></span> 
     </span>
     <span class='ocr_line' id='line_1_15' title="bbox 31 993 702 1048; baseline -0.006 -14"><span class='ocrx_word' id='word_1_107' title='bbox 31 1008 124 1048; x_wconf 83' lang='lat' dir='ltr'><strong>pag.</strong></span> <span class='ocrx_word' id='word_1_108' title='bbox 143 995 239 1038; x_wconf 80' lang='grc'><strong>254.</strong></span> <span class='ocrx_word' id='word_1_109' title='bbox 266 993 375 1032; x_wconf 86' lang='lat' dir='ltr'><strong>Edit.</strong></span> <span class='ocrx_word' id='word_1_110' title='bbox 392 993 490 1044; x_wconf 82' lang='lat' dir='ltr'><strong>Reg.</strong></span> <span class='ocrx_word' id='word_1_111' title='bbox 547 1006 702 1032; x_wconf 68' lang='lat' dir='ltr'><strong>nonus.</strong></span> 
     </span>
    </p>

    <p class='ocr_par' dir='ltr' id='par_1_11' title="bbox 23 1046 1575 1741">
     <span class='ocr_line' id='line_1_16' title="bbox 150 1046 1575 1118; baseline 0.001 -25"><span class='ocrx_word' id='word_1_112' title='bbox 150 1055 248 1105; x_wconf 85' lang='grc' dir='ltr'><strong>Ρσ3.</strong></span> <span class='ocrx_word' id='word_1_113' title='bbox 278 1053 456 1102; x_wconf 86' lang='lat' dir='ltr'><strong>46,1o.</strong></span> <span class='ocrx_word' id='word_1_114' title='bbox 516 1046 711 1092; x_wconf 82' lang='grc' dir='ltr'><strong>Κελεύσει</strong></span> <span class='ocrx_word' id='word_1_115' title='bbox 733 1053 810 1093; x_wconf 85' lang='grc' dir='ltr'><strong>τοῦ</strong></span> <span class='ocrx_word' id='word_1_116' title='bbox 833 1053 1076 1118; x_wconf 77' lang='grc' dir='ltr'><strong><em>καθηγητοῦ</em></strong></span> <span class='ocrx_word' id='word_1_117' title='bbox 1102 1049 1369 1106; x_wconf 78' lang='grc' dir='ltr'><strong>Βλεμμύδου]</strong></span> <span class='ocrx_word' id='word_1_118' title='bbox 1396 1051 1575 1094; x_wconf 76' lang='lat' dir='ltr'><strong>Abbaiis</strong></span> 
     </span>
     <span class='ocr_line' id='line_1_17' title="bbox 32 1110 1573 1163; baseline 0.001 -14"><span class='ocrx_word' id='word_1_119' title='bbox 32 1123 104 1149; x_wconf 87' lang='lat' dir='ltr'><strong>seu</strong></span> <span class='ocrx_word' id='word_1_120' title='bbox 127 1110 365 1162; x_wconf 76' lang='lat' dir='ltr'><strong>Hegumeni,</strong></span> <span class='ocrx_word' id='word_1_121' title='bbox 396 1121 476 1146; x_wconf 91' lang='lat' dir='ltr'><strong>non</strong></span> <span class='ocrx_word' id='word_1_122' title='bbox 498 1121 596 1146; x_wconf 82' lang='lat' dir='ltr'><strong>vero</strong></span> <span class='ocrx_word' id='word_1_123' title='bbox 622 1111 912 1163; x_wconf 73' lang='lat' dir='ltr'><strong>Praeceptoris,</strong></span> <span class='ocrx_word' id='word_1_124' title='bbox 942 1112 1004 1150; x_wconf 84' lang='lat' dir='ltr'><strong>uti</strong></span> <span class='ocrx_word' id='word_1_125' title='bbox 1027 1116 1206 1150; x_wconf 84' lang='lat' dir='ltr'><strong>verterat</strong></span> <span class='ocrx_word' id='word_1_126' title='bbox 1232 1110 1447 1163; x_wconf 79' lang='lat' dir='ltr'><strong>interpres.</strong></span> <span class='ocrx_word' id='word_1_127' title='bbox 1505 1111 1573 1151; x_wconf 91' lang='lat' dir='ltr'><strong>Sic</strong></span> 
     </span>
     <span class='ocr_line' id='line_1_18' title="bbox 31 1165 1571 1221; baseline 0.001 -14"><span class='ocrx_word' id='word_1_128' title='bbox 31 1169 136 1207; x_wconf 85' lang='lat' dir='ltr'><strong>enim</strong></span> <span class='ocrx_word' id='word_1_129' title='bbox 169 1166 314 1206; x_wconf 85' lang='lat' dir='ltr'><strong>Graeci</strong></span> <span class='ocrx_word' id='word_1_130' title='bbox 344 1165 575 1219; x_wconf 77' lang='lat' dir='ltr'><strong>piaefectos</strong></span> <span class='ocrx_word' id='word_1_131' title='bbox 611 1168 948 1208; x_wconf 82' lang='lat' dir='ltr'><strong>monasteriorum</strong></span> <span class='ocrx_word' id='word_1_132' title='bbox 982 1174 1145 1209; x_wconf 86' lang='lat' dir='ltr'><strong>vocant.</strong></span> <span class='ocrx_word' id='word_1_133' title='bbox 1212 1168 1435 1221; x_wconf 82' lang='lat' dir='ltr'><strong>Nicephori</strong></span> <span class='ocrx_word' id='word_1_134' title='bbox 1470 1181 1571 1209; x_wconf 82' lang='lat' dir='ltr'><strong>vero</strong></span> 
     </span>
     <span class='ocr_line' id='line_1_19' title="bbox 30 1223 1571 1279; baseline 0.001 -14"><span class='ocrx_word' id='word_1_135' title='bbox 30 1225 309 1278; x_wconf 83' lang='lat' dir='ltr'><strong>Blemmydae,</strong></span> <span class='ocrx_word' id='word_1_136' title='bbox 339 1223 417 1263; x_wconf 85' lang='lat' dir='ltr'><strong>viri</strong></span> <span class='ocrx_word' id='word_1_137' title='bbox 453 1229 540 1262; x_wconf 85' lang='lat' dir='ltr'><strong>tum</strong></span> <span class='ocrx_word' id='word_1_138' title='bbox 565 1224 793 1264; x_wconf 76' lang='lat' dir='ltr'><strong>eruditione</strong></span> <span class='ocrx_word' id='word_1_139' title='bbox 820 1232 904 1264; x_wconf 80' lang='lat' dir='ltr'><strong>tum</strong></span> <span class='ocrx_word' id='word_1_140' title='bbox 931 1226 1039 1265; x_wconf 78' lang='lat' dir='ltr'><strong>vitae</strong></span> <span class='ocrx_word' id='word_1_141' title='bbox 1062 1227 1271 1265; x_wconf 85' lang='lat' dir='ltr'><strong>sanctitate</strong></span> <span class='ocrx_word' id='word_1_142' title='bbox 1303 1226 1571 1279; x_wconf 86' lang='lat' dir='ltr'><strong>celeberrimi,</strong></span> 
     </span>
     <span class='ocr_line' id='line_1_20' title="bbox 30 1281 1568 1336; baseline 0.002 -14"><span class='ocrx_word' id='word_1_143' title='bbox 30 1284 203 1333; x_wconf 73' lang='lat' dir='ltr'><strong>elogium</strong></span> <span class='ocrx_word' id='word_1_144' title='bbox 224 1296 307 1321; x_wconf 90' lang='lat' dir='ltr'><strong>non</strong></span> <span class='ocrx_word' id='word_1_145' title='bbox 325 1281 449 1321; x_wconf 88' lang='lat' dir='ltr'><strong>semel</strong></span> <span class='ocrx_word' id='word_1_146' title='bbox 479 1281 756 1333; x_wconf 85' lang='lat' dir='ltr'><strong>perstringunt</strong></span> <span class='ocrx_word' id='word_1_147' title='bbox 786 1283 1021 1336; x_wconf 85' lang='lat' dir='ltr'><strong>Acropolita</strong></span> <span class='ocrx_word' id='word_1_148' title='bbox 1052 1297 1141 1335; x_wconf 90' lang='lat' dir='ltr'><strong>cap.</strong></span> <span class='ocrx_word' id='word_1_149' title='bbox 1169 1283 1344 1325; x_wconf 83' lang='lat' dir='ltr'><strong>XXXII.</strong></span> <span class='ocrx_word' id='word_1_150' title='bbox 1371 1282 1568 1325; x_wconf 82' lang='lat' dir='ltr'><strong>XXXIX.</strong></span> 
     </span>
     <span class='ocr_line' id='line_1_21' title="bbox 28 1338 1566 1394; baseline 0.001 -14"><span class='ocrx_word' id='word_1_151' title='bbox 28 1342 131 1382; x_wconf 84' lang='lat' dir='ltr'><strong>Llll.</strong></span> <span class='ocrx_word' id='word_1_152' title='bbox 174 1339 442 1393; x_wconf 81' lang='lat' dir='ltr'><strong>Pachymeres</strong></span> <span class='ocrx_word' id='word_1_153' title='bbox 461 1338 535 1379; x_wconf 84' lang='lat' dir='ltr'><strong>lib.</strong></span> <span class='ocrx_word' id='word_1_154' title='bbox 549 1339 635 1378; x_wconf 84' lang='lat' dir='ltr'><strong>VH.</strong></span> <span class='ocrx_word' id='word_1_155' title='bbox 658 1353 750 1393; x_wconf 85' lang='lat' dir='ltr'><strong>cap.</strong></span> <span class='ocrx_word' id='word_1_156' title='bbox 770 1340 841 1382; x_wconf 90' lang='lat' dir='ltr'><strong>lX.</strong></span> <span class='ocrx_word' id='word_1_157' title='bbox 863 1342 1063 1392; x_wconf 84' lang='lat' dir='ltr'><strong>Gregoras</strong></span> <span class='ocrx_word' id='word_1_158' title='bbox 1082 1340 1153 1381; x_wconf 92' lang='lat' dir='ltr'><strong>lib.</strong></span> <span class='ocrx_word' id='word_1_159' title='bbox 1175 1339 1223 1380; x_wconf 91' lang='lat' dir='ltr'><strong>V.</strong></span> <span class='ocrx_word' id='word_1_160' title='bbox 1245 1355 1335 1394; x_wconf 88' lang='lat' dir='ltr'><strong>cap.</strong></span> <span class='ocrx_word' id='word_1_161' title='bbox 1351 1341 1405 1380; x_wconf 85' lang='grc' dir='ltr'><strong>Π.</strong></span> <span class='ocrx_word' id='word_1_162' title='bbox 1428 1348 1469 1381; x_wconf 87' lang='lat' dir='ltr'><strong>et</strong></span> <span class='ocrx_word' id='word_1_163' title='bbox 1485 1342 1566 1394; x_wconf 88' lang='lat' dir='ltr'><strong>alii,</strong></span> 
     </span>
     <span class='ocr_line' id='line_1_22' title="bbox 28 1396 1567 1451; baseline 0.002 -14"><span class='ocrx_word' id='word_1_164' title='bbox 28 1413 130 1451; x_wconf 87' lang='lat' dir='ltr'><strong>quos</strong></span> <span class='ocrx_word' id='word_1_165' title='bbox 154 1399 292 1437; x_wconf 82' lang='lat' dir='ltr'><strong>laudat</strong></span> <span class='ocrx_word' id='word_1_166' title='bbox 308 1398 390 1436; x_wconf 87' lang='lat' dir='ltr'><strong>Leo</strong></span> <span class='ocrx_word' id='word_1_167' title='bbox 411 1396 583 1435; x_wconf 75' lang='lat' dir='ltr'><strong>Allatius</strong></span> <span class='ocrx_word' id='word_1_168' title='bbox 604 1396 673 1436; x_wconf 90' lang='lat' dir='ltr'><strong>lib.</strong></span> <span class='ocrx_word' id='word_1_169' title='bbox 692 1397 743 1437; x_wconf 87' lang='lat' dir='ltr'><strong>ll.</strong></span> <span class='ocrx_word' id='word_1_170' title='bbox 765 1398 816 1437; x_wconf 86' lang='lat' dir='ltr'><strong>de</strong></span> <span class='ocrx_word' id='word_1_171' title='bbox 840 1399 1051 1450; x_wconf 84' lang='lat' dir='ltr'><strong>utriusque</strong></span> <span class='ocrx_word' id='word_1_172' title='bbox 1071 1398 1275 1437; x_wconf 82' lang='lat' dir='ltr'><strong>Ecclesiae</strong></span> <span class='ocrx_word' id='word_1_173' title='bbox 1307 1399 1567 1440; x_wconf 83' lang='lat' dir='ltr'><strong>consensione</strong></span> 
     </span>
     <span class='ocr_line' id='line_1_23' title="bbox 28 1454 1566 1510; baseline 0 -14"><span class='ocrx_word' id='word_1_174' title='bbox 28 1471 118 1509; x_wconf 84' lang='lat' dir='ltr'><strong>cap.</strong></span> <span class='ocrx_word' id='word_1_175' title='bbox 131 1456 240 1496; x_wconf 84' lang='lat' dir='ltr'><strong>le.</strong></span> <span class='ocrx_word' id='word_1_176' title='bbox 260 1470 300 1494; x_wconf 87' lang='lat' dir='ltr'><strong>n.</strong></span> <span class='ocrx_word' id='word_1_177' title='bbox 319 1455 388 1494; x_wconf 88' lang='lat' dir='ltr'><strong>IV.</strong></span> <span class='ocrx_word' id='word_1_178' title='bbox 407 1454 492 1504; x_wconf 89' lang='lat' dir='ltr'><strong>ubi,</strong></span> <span class='ocrx_word' id='word_1_179' title='bbox 523 1461 568 1493; x_wconf 89' lang='lat' dir='ltr'><strong>ut</strong></span> <span class='ocrx_word' id='word_1_180' title='bbox 579 1461 620 1494; x_wconf 89' lang='lat' dir='ltr'><strong>et</strong></span> <span class='ocrx_word' id='word_1_181' title='bbox 641 1455 683 1493; x_wconf 89' lang='lat' dir='ltr'><strong>in</strong></span> <span class='ocrx_word' id='word_1_182' title='bbox 705 1456 811 1494; x_wconf 89' lang='lat' dir='ltr'><strong>notis</strong></span> <span class='ocrx_word' id='word_1_183' title='bbox 830 1456 880 1494; x_wconf 88' lang='lat' dir='ltr'><strong>ad</strong></span> <span class='ocrx_word' id='word_1_184' title='bbox 895 1456 1070 1495; x_wconf 88' lang='lat' dir='ltr'><strong>eiusdem</strong></span> <span class='ocrx_word' id='word_1_185' title='bbox 1091 1455 1349 1508; x_wconf 84' lang='lat' dir='ltr'><strong>Acropolitae</strong></span> <span class='ocrx_word' id='word_1_186' title='bbox 1370 1470 1459 1510; x_wconf 90' lang='lat' dir='ltr'><strong>cap.</strong></span> <span class='ocrx_word' id='word_1_187' title='bbox 1480 1457 1566 1501; x_wconf 89' lang='lat' dir='ltr'><strong>LII.</strong></span> 
     </span>
     <span class='ocr_line' id='line_1_24' title="bbox 25 1512 1565 1566; baseline 0.001 -14"><span class='ocrx_word' id='word_1_188' title='bbox 25 1513 285 1565; x_wconf 84' lang='lat' dir='ltr'><strong>Blemmydae</strong></span> <span class='ocrx_word' id='word_1_189' title='bbox 314 1512 524 1566; x_wconf 84' lang='lat' dir='ltr'><strong>epistolam</strong></span> <span class='ocrx_word' id='word_1_190' title='bbox 546 1512 816 1565; x_wconf 81' lang='lat' dir='ltr'><strong>encyclicam,</strong></span> <span class='ocrx_word' id='word_1_191' title='bbox 846 1515 1039 1566; x_wconf 88' lang='lat' dir='ltr'><strong>scriptam</strong></span> <span class='ocrx_word' id='word_1_192' title='bbox 1061 1520 1276 1565; x_wconf 88' lang='lat' dir='ltr'><strong>postquam</strong></span> <span class='ocrx_word' id='word_1_193' title='bbox 1299 1514 1565 1555; x_wconf 78' lang='lat' dir='ltr'><strong>marcesinam</strong></span> 
     </span>
     <span class='ocr_line' id='line_1_25' title="bbox 25 1568 1563 1624; baseline 0 -13"><span class='ocrx_word' id='word_1_194' title='bbox 25 1571 166 1624; x_wconf 86' lang='lat' dir='ltr'><strong>templi</strong></span> <span class='ocrx_word' id='word_1_195' title='bbox 182 1571 368 1621; x_wconf 79' lang='lat' dir='ltr'><strong>ingressu</strong></span> <span class='ocrx_word' id='word_1_196' title='bbox 393 1568 624 1622; x_wconf 89' lang='lat' dir='ltr'><strong>prohibuit,</strong></span> <span class='ocrx_word' id='word_1_197' title='bbox 654 1569 880 1623; x_wconf 73' lang='lat' dir='ltr'><strong>descripsit.</strong></span> <span class='ocrx_word' id='word_1_198' title='bbox 920 1571 977 1610; x_wconf 89' lang='lat' dir='ltr'><strong>De</strong></span> <span class='ocrx_word' id='word_1_199' title='bbox 994 1571 1255 1623; x_wconf 84' lang='lat' dir='ltr'><strong>Blemmydae</strong></span> <span class='ocrx_word' id='word_1_200' title='bbox 1274 1582 1375 1610; x_wconf 85' lang='lat' dir='ltr'><strong>vero</strong></span> <span class='ocrx_word' id='word_1_201' title='bbox 1397 1572 1563 1624; x_wconf 85' lang='lat' dir='ltr'><strong>scriptis</strong></span> 
     </span>
     <span class='ocr_line' id='line_1_26' title="bbox 26 1626 1561 1683; baseline 0 -15"><span class='ocrx_word' id='word_1_202' title='bbox 26 1629 224 1681; x_wconf 87' lang='lat' dir='ltr'><strong>quaedam</strong></span> <span class='ocrx_word' id='word_1_203' title='bbox 244 1627 377 1679; x_wconf 78' lang='lat' dir='ltr'><strong>attigit</strong></span> <span class='ocrx_word' id='word_1_204' title='bbox 394 1627 501 1666; x_wconf 86' lang='lat' dir='ltr'><strong>idem</strong></span> <span class='ocrx_word' id='word_1_205' title='bbox 520 1626 691 1666; x_wconf 84' lang='lat' dir='ltr'><strong>Allatius</strong></span> <span class='ocrx_word' id='word_1_206' title='bbox 714 1627 752 1669; x_wconf 85' lang='lat' dir='ltr'><strong>d.</strong></span> <span class='ocrx_word' id='word_1_207' title='bbox 766 1641 853 1682; x_wconf 85' lang='lat' dir='ltr'><strong>cap.</strong></span> <span class='ocrx_word' id='word_1_208' title='bbox 865 1627 974 1668; x_wconf 86' lang='lat' dir='ltr'><strong>XIV.</strong></span> <span class='ocrx_word' id='word_1_209' title='bbox 987 1629 1079 1668; x_wconf 88' lang='lat' dir='ltr'><strong>etin</strong></span> <span class='ocrx_word' id='word_1_210' title='bbox 1098 1630 1205 1668; x_wconf 82' lang='lat' dir='ltr'><strong>notis</strong></span> <span class='ocrx_word' id='word_1_211' title='bbox 1224 1628 1277 1668; x_wconf 87' lang='lat' dir='ltr'><strong>ad</strong></span> <span class='ocrx_word' id='word_1_212' title='bbox 1289 1642 1377 1683; x_wconf 87' lang='lat' dir='ltr'><strong>cap.</strong></span> <span class='ocrx_word' id='word_1_213' title='bbox 1388 1629 1561 1669; x_wconf 86' lang='lat' dir='ltr'><strong>XXXII.</strong></span> 
     </span>
     <span class='ocr_line' id='line_1_27' title="bbox 23 1687 447 1741; baseline -0.012 -14"><span class='ocrx_word' id='word_1_214' title='bbox 23 1687 447 1741; x_wconf 68' lang='lat' dir='ltr'><strong>Acropol.1›trcsxc.</strong></span> 
     </span>
    </p>
   </div>
   <div class='ocr_carea' id='block_1_9' title="bbox 24 1736 1560 1856">
    <p class='ocr_par' dir='ltr' id='par_1_12' title="bbox 24 1736 1560 1856">
     <span class='ocr_line' id='line_1_28' title="bbox 142 1736 1560 1815; baseline 0.002 -32"><span class='ocrx_word' id='word_1_215' title='bbox 142 1747 239 1797; x_wconf 87' lang='grc' dir='ltr'><strong>Ρσ3.</strong></span> <span class='ocrx_word' id='word_1_216' title='bbox 267 1746 344 1794; x_wconf 88' lang='grc'><strong>46,</strong></span> <span class='ocrx_word' id='word_1_217' title='bbox 376 1745 442 1786; x_wconf 88' lang='grc'><strong>17.</strong></span> <span class='ocrx_word' id='word_1_218' title='bbox 484 1737 709 1796; x_wconf 84' lang='grc' dir='ltr'><strong>Σκωμμασι</strong></span> <span class='ocrx_word' id='word_1_219' title='bbox 727 1736 889 1796; x_wconf 75' lang='grc' dir='ltr'><strong>βάλλων</strong></span> <span class='ocrx_word' id='word_1_220' title='bbox 908 1738 1058 1796; x_wconf 78' lang='grc' dir='ltr'><strong>αυτῆν,</strong></span> <span class='ocrx_word' id='word_1_221' title='bbox 1087 1741 1156 1784; x_wconf 84' lang='grc' dir='ltr'><strong>καὶ</strong></span> <span class='ocrx_word' id='word_1_222' title='bbox 1172 1739 1324 1815; x_wconf 70' lang='grc' dir='ltr'><strong>γλώττῃ</strong></span> <span class='ocrx_word' id='word_1_223' title='bbox 1343 1742 1414 1786; x_wconf 81' lang='grc' dir='ltr'><strong>καὶ</strong></span> <span class='ocrx_word' id='word_1_224' title='bbox 1433 1739 1560 1800; x_wconf 56' lang='lat' dir='ltr'><strong>ygnia-</strong></span> 
     </span>
     <span class='ocr_line' id='line_1_29' title="bbox 24 1775 1560 1856; baseline 0 -12"><span class='ocrx_word' id='word_1_225' title='bbox 24 1815 122 1856; x_wconf 84' lang='grc' dir='ltr'><strong><em>μασι</em></strong></span> <span class='ocrx_word' id='word_1_226' title='bbox 146 1775 353 1856; x_wconf 77' lang='grc' dir='ltr'><em>διασύρων</em></span> <span class='ocrx_word' id='word_1_227' title='bbox 376 1797 464 1852; x_wconf 62' lang='lat' dir='ltr'><strong>niel]</strong></span> <span class='ocrx_word' id='word_1_228' title='bbox 506 1799 610 1839; x_wconf 89' lang='lat' dir='ltr'><strong>Vide</strong></span> <span class='ocrx_word' id='word_1_229' title='bbox 633 1800 815 1852; x_wconf 69' lang='lat' dir='ltr'><strong>Blemm)</strong></span> <span class='ocrx_word' id='word_1_230' title='bbox 819 1800 894 1839; x_wconf 86' lang='lat' dir='ltr'><strong>dae</strong></span> <span class='ocrx_word' id='word_1_231' title='bbox 918 1801 1161 1849; x_wconf 83' lang='lat' dir='ltr'><strong>orationem,</strong></span> <span class='ocrx_word' id='word_1_232' title='bbox 1191 1800 1335 1843; x_wconf 79' lang='grc' dir='ltr'><strong>ὁποῖον</strong></span> <span class='ocrx_word' id='word_1_233' title='bbox 1361 1803 1426 1843; x_wconf 82' lang='grc' dir='ltr'><strong>δεῖ</strong></span> <span class='ocrx_word' id='word_1_234' title='bbox 1453 1799 1560 1844; x_wconf 78' lang='grc' dir='ltr'>εἶναι</span> 
     </span>
    </p>
   </div>
   <div class='ocr_carea' id='block_1_10' title="bbox 12 1832 1558 2885">
    <p class='ocr_par' dir='ltr' id='par_1_13' title="bbox 18 1832 1558 2145">
     <span class='ocr_line' id='line_1_30' title="bbox 21 1832 1558 1913; baseline -0.001 -13"><span class='ocrx_word' id='word_1_235' title='bbox 21 1857 95 1901; x_wconf 78' lang='grc' dir='ltr'><strong>τὸν</strong></span> <span class='ocrx_word' id='word_1_236' title='bbox 124 1858 314 1913; x_wconf 81' lang='grc' dir='ltr'><strong>βασιλέα,</strong></span> <span class='ocrx_word' id='word_1_237' title='bbox 346 1871 450 1911; x_wconf 86' lang='lat' dir='ltr'><strong>quae</strong></span> <span class='ocrx_word' id='word_1_238' title='bbox 474 1863 586 1897; x_wconf 76' lang='lat' dir='ltr'><strong>extat</strong></span> <span class='ocrx_word' id='word_1_239' title='bbox 605 1857 645 1896; x_wconf 89' lang='lat' dir='ltr'><strong>in</strong></span> <span class='ocrx_word' id='word_1_240' title='bbox 666 1857 767 1898; x_wconf 89' lang='lat' dir='ltr'><strong>Cod.</strong></span> <span class='ocrx_word' id='word_1_241' title='bbox 790 1858 887 1909; x_wconf 84' lang='lat' dir='ltr'><strong>Reg.</strong></span> <span class='ocrx_word' id='word_1_242' title='bbox 908 1861 1033 1902; x_wconf 74' lang='lat'><strong>3125.</strong></span> <span class='ocrx_word' id='word_1_243' title='bbox 1060 1858 1130 1896; x_wconf 88' lang='lat' dir='ltr'><strong>ubi</strong></span> <span class='ocrx_word' id='word_1_244' title='bbox 1147 1832 1276 1898; x_wconf 73' lang='lat' dir='ltr'><strong>llaec</strong></span> <span class='ocrx_word' id='word_1_245' title='bbox 1262 1859 1458 1913; x_wconf 71' lang='lat' dir='ltr'><strong>imprimis</strong></span> <span class='ocrx_word' id='word_1_246' title='bbox 1477 1874 1558 1899; x_wconf 89' lang='lat' dir='ltr'><strong>no—</strong></span> 
     </span>
     <span class='ocr_line' id='line_1_31' title="bbox 22 1911 1557 1982; baseline 0.001 -25"><span class='ocrx_word' id='word_1_247' title='bbox 22 1924 111 1957; x_wconf 76' lang='lat' dir='ltr'><strong>tatu</strong></span> <span class='ocrx_word' id='word_1_248' title='bbox 139 1918 281 1968; x_wconf 75' lang='lat' dir='ltr'><strong>digna,</strong></span> <span class='ocrx_word' id='word_1_249' title='bbox 309 1917 371 1965; x_wconf 85' lang='grc' dir='ltr'><strong>τίς</strong></span> <span class='ocrx_word' id='word_1_250' title='bbox 391 1931 469 1970; x_wconf 79' lang='grc' dir='ltr'><strong>γαρ</strong></span> <span class='ocrx_word' id='word_1_251' title='bbox 496 1911 572 1956; x_wconf 71' lang='grc' dir='ltr'><strong>οὐκ</strong></span> <span class='ocrx_word' id='word_1_252' title='bbox 602 1931 655 1956; x_wconf 82' lang='grc' dir='ltr'><strong>αν</strong></span> <span class='ocrx_word' id='word_1_253' title='bbox 680 1915 942 1968; x_wconf 78' lang='grc' dir='ltr'><strong>αἰσχυνθείη,</strong></span> <span class='ocrx_word' id='word_1_254' title='bbox 973 1915 1043 1957; x_wconf 82' lang='grc' dir='ltr'><strong>καὶ</strong></span> <span class='ocrx_word' id='word_1_255' title='bbox 1063 1912 1194 1982; x_wconf 81' lang='grc' dir='ltr'><strong>μόνον</strong></span> <span class='ocrx_word' id='word_1_256' title='bbox 1213 1916 1467 1970; x_wconf 77' lang='grc' dir='ltr'><strong>ἐνθυμηθεὶς</strong></span> <span class='ocrx_word' id='word_1_257' title='bbox 1484 1919 1557 1971; x_wconf 85' lang='grc' dir='ltr'><strong>βα-</strong></span> 
     </span>
     <span class='ocr_line' id='line_1_32' title="bbox 22 1969 1555 2043; baseline -0.001 -27"><span class='ocrx_word' id='word_1_258' title='bbox 22 1973 180 2028; x_wconf 80' lang='grc' dir='ltr'><strong>σιλικην</strong></span> <span class='ocrx_word' id='word_1_259' title='bbox 207 1970 428 2043; x_wconf 83' lang='grc' dir='ltr'><strong>σεμνότητα</strong></span> <span class='ocrx_word' id='word_1_260' title='bbox 461 1973 521 2022; x_wconf 81' lang='grc' dir='ltr'><strong>εἷς</strong></span> <span class='ocrx_word' id='word_1_261' title='bbox 549 1970 716 2025; x_wconf 83' lang='grc' dir='ltr'><strong>αἶσχοας</strong></span> <span class='ocrx_word' id='word_1_262' title='bbox 741 1971 811 2013; x_wconf 82' lang='grc' dir='ltr'><strong>καὶ</strong></span> <span class='ocrx_word' id='word_1_263' title='bbox 838 1969 1030 2043; x_wconf 63' lang='grc' dir='ltr'><strong>ἀπρεπεῖς</strong></span> <span class='ocrx_word' id='word_1_264' title='bbox 1065 1969 1232 2028; x_wconf 75' lang='grc' dir='ltr'>πράξεις</span> <span class='ocrx_word' id='word_1_265' title='bbox 1257 1974 1555 2028; x_wconf 79' lang='grc' dir='ltr'><strong>ἐμπίπτουσαν,</strong></span> 
     </span>
     <span class='ocr_line' id='line_1_33' title="bbox 19 2026 1554 2099; baseline 0 -25"><span class='ocrx_word' id='word_1_266' title='bbox 19 2033 122 2074; x_wconf 63' lang='lat' dir='ltr'><strong>aaz,</strong></span> <span class='ocrx_word' id='word_1_267' title='bbox 111 2028 319 2086; x_wconf 80' lang='grc' dir='ltr'><strong>παρόμοια</strong></span> <span class='ocrx_word' id='word_1_268' title='bbox 335 2026 594 2083; x_wconf 77' lang='grc' dir='ltr'><strong>πάσχουσαν,</strong></span> <span class='ocrx_word' id='word_1_269' title='bbox 625 2028 759 2085; x_wconf 80' lang='grc' dir='ltr'><strong>ω’σπερ</strong></span> <span class='ocrx_word' id='word_1_270' title='bbox 783 2029 891 2079; x_wconf 81' lang='grc' dir='ltr'>τινὲς</span> <span class='ocrx_word' id='word_1_271' title='bbox 923 2028 1004 2073; x_wconf 78' lang='grc' dir='ltr'><strong>υπὸ</strong></span> <span class='ocrx_word' id='word_1_272' title='bbox 1025 2033 1099 2085; x_wconf 80' lang='grc' dir='ltr'><strong>τῆς</strong></span> <span class='ocrx_word' id='word_1_273' title='bbox 1121 2030 1403 2099; x_wconf 80' lang='grc' dir='ltr'><strong>μυθευομένης</strong></span> <span class='ocrx_word' id='word_1_274' title='bbox 1427 2049 1554 2089; x_wconf 81' lang='grc' dir='ltr'>μαγι-</span> 
     </span>
     <span class='ocr_line' id='line_1_34' title="bbox 18 2084 1512 2145; baseline -0.002 -13"><span class='ocrx_word' id='word_1_275' title='bbox 18 2094 96 2145; x_wconf 52' lang='lat' dir='ltr'><strong>mig</strong></span> <span class='ocrx_word' id='word_1_276' title='bbox 122 2088 286 2144; x_wconf 83' lang='grc' dir='ltr'><strong><em>Κίρκης</em></strong></span> <span class='ocrx_word' id='word_1_277' title='bbox 312 2088 469 2141; x_wconf 78' lang='grc' dir='ltr'><strong>ἐκείνης</strong></span> <span class='ocrx_word' id='word_1_278' title='bbox 498 2088 556 2136; x_wconf 82' lang='grc' dir='ltr'><strong>εἷς</strong></span> <span class='ocrx_word' id='word_1_279' title='bbox 580 2088 743 2143; x_wconf 79' lang='grc' dir='ltr'><strong>χοίρους</strong></span> <span class='ocrx_word' id='word_1_280' title='bbox 770 2088 841 2130; x_wconf 79' lang='grc' dir='ltr'><strong>καὶ</strong></span> <span class='ocrx_word' id='word_1_281' title='bbox 867 2085 996 2138; x_wconf 82' lang='grc' dir='ltr'><strong>κύνας</strong></span> <span class='ocrx_word' id='word_1_282' title='bbox 1024 2084 1327 2143; x_wconf 74' lang='grc' dir='ltr'><strong>μετεβάλλοντο.</strong></span> <span class='ocrx_word' id='word_1_283' title='bbox 1357 2103 1512 2133; x_wconf 66' lang='lat' dir='ltr'><strong>nomm.</strong></span> 
     </span>
    </p>

    <p class='ocr_par' dir='ltr' id='par_1_14' title="bbox 18 2154 1550 2269">
     <span class='ocr_line' id='line_1_35' title="bbox 137 2154 1550 2214; baseline -0.001 -14"><span class='ocrx_word' id='word_1_284' title='bbox 137 2161 343 2214; x_wconf 83' lang='grc' dir='ltr'><strong>Ρα3.47,</strong></span> <span class='ocrx_word' id='word_1_285' title='bbox 380 2160 446 2201; x_wconf 88' lang='lat'><strong>19.</strong></span> <span class='ocrx_word' id='word_1_286' title='bbox 506 2171 604 2211; x_wconf 81' lang='grc' dir='ltr'><strong><em>μετα</em></strong></span> <span class='ocrx_word' id='word_1_287' title='bbox 631 2154 761 2211; x_wconf 79' lang='grc' dir='ltr'><strong>βραχυ</strong></span> <span class='ocrx_word' id='word_1_288' title='bbox 786 2155 857 2198; x_wconf 80' lang='grc' dir='ltr'><strong>και</strong></span> <span class='ocrx_word' id='word_1_289' title='bbox 883 2154 960 2212; x_wconf 76' lang='grc' dir='ltr'><strong>τήν</strong></span> <span class='ocrx_word' id='word_1_290' title='bbox 986 2156 1135 2200; x_wconf 77' lang='grc' dir='ltr'><strong>ἑαυτοῦ</strong></span> <span class='ocrx_word' id='word_1_291' title='bbox 1162 2154 1309 2213; x_wconf 80' lang='grc' dir='ltr'><strong>α’ρχήν]</strong></span> <span class='ocrx_word' id='word_1_292' title='bbox 1352 2158 1453 2199; x_wconf 87' lang='lat' dir='ltr'><strong>Vide</strong></span> <span class='ocrx_word' id='word_1_293' title='bbox 1481 2159 1550 2198; x_wconf 90' lang='lat' dir='ltr'><strong>in-</strong></span> 
     </span>
     <span class='ocr_line' id='line_1_36' title="bbox 18 2191 913 2269; baseline -0.006 -11"><span class='ocrx_word' id='word_1_294' title='bbox 18 2218 80 2258; x_wconf 73' lang='lat' dir='ltr'><strong>fra</strong></span> <span class='ocrx_word' id='word_1_295' title='bbox 110 2218 186 2260; x_wconf 91' lang='lat' dir='ltr'><strong>lib.</strong></span> <span class='ocrx_word' id='word_1_296' title='bbox 191 2191 283 2257; x_wconf 57' lang='lat' dir='ltr'><strong>t²1V.</strong></span> <span class='ocrx_word' id='word_1_297' title='bbox 313 2229 401 2269; x_wconf 82' lang='lat' dir='ltr'><strong>cap.</strong></span> <span class='ocrx_word' id='word_1_298' title='bbox 428 2214 503 2255; x_wconf 90' lang='lat' dir='ltr'><strong>IX.</strong></span> <span class='ocrx_word' id='word_1_299' title='bbox 533 2221 632 2257; x_wconf 84' lang='lat' dir='ltr'><strong>sect.</strong></span> <span class='ocrx_word' id='word_1_300' title='bbox 663 2218 703 2258; x_wconf 92' lang='grc'><strong>1.</strong></span> <span class='ocrx_word' id='word_1_301' title='bbox 759 2228 913 2255; x_wconf 66' lang='lat' dir='ltr'><strong>nomm.</strong></span> 
     </span>
    </p>

    <p class='ocr_par' dir='ltr' id='par_1_15' title="bbox 19 2281 1546 2398">
     <span class='ocr_line' id='line_1_37' title="bbox 135 2281 1546 2341; baseline -0.003 -15"><span class='ocrx_word' id='word_1_302' title='bbox 135 2290 232 2341; x_wconf 78' lang='lat' dir='ltr'><strong>Pag.</strong></span> <span class='ocrx_word' id='word_1_303' title='bbox 262 2290 339 2337; x_wconf 88' lang='grc'><strong>47,</strong></span> <span class='ocrx_word' id='word_1_304' title='bbox 369 2288 442 2329; x_wconf 79' lang='lat'><strong>20.</strong></span> <span class='ocrx_word' id='word_1_305' title='bbox 505 2284 612 2333; x_wconf 83' lang='grc' dir='ltr'><strong><em>Τέως</em></strong></span> <span class='ocrx_word' id='word_1_306' title='bbox 627 2282 701 2338; x_wconf 82' lang='grc' dir='ltr'><strong>μὲν</strong></span> <span class='ocrx_word' id='word_1_307' title='bbox 723 2299 800 2325; x_wconf 86' lang='grc' dir='ltr'><strong>ουν</strong></span> <span class='ocrx_word' id='word_1_308' title='bbox 816 2281 1017 2339; x_wconf 79' lang='grc' dir='ltr'>πρέσβεις]</span> <span class='ocrx_word' id='word_1_309' title='bbox 1047 2283 1282 2339; x_wconf 86' lang='lat' dir='ltr'><strong>Acropolita</strong></span> <span class='ocrx_word' id='word_1_310' title='bbox 1292 2298 1381 2339; x_wconf 84' lang='lat' dir='ltr'><strong>cap.</strong></span> <span class='ocrx_word' id='word_1_311' title='bbox 1400 2283 1546 2325; x_wconf 88' lang='lat' dir='ltr'><strong>XLIX.</strong></span> 
     </span>
     <span class='ocr_line' id='line_1_38' title="bbox 19 2319 1050 2398; baseline -0.006 -12"><span class='ocrx_word' id='word_1_312' title='bbox 19 2345 81 2386; x_wconf 80' lang='lat' dir='ltr'><strong>LI.</strong></span> <span class='ocrx_word' id='word_1_313' title='bbox 111 2319 349 2398; x_wconf 79' lang='lat' dir='ltr'><strong>Pachymer.</strong></span> <span class='ocrx_word' id='word_1_314' title='bbox 371 2341 531 2385; x_wconf 84' lang='lat' dir='ltr'><strong>lib.111.</strong></span> <span class='ocrx_word' id='word_1_315' title='bbox 557 2356 643 2396; x_wconf 89' lang='lat' dir='ltr'><strong>cap.</strong></span> <span class='ocrx_word' id='word_1_316' title='bbox 664 2341 829 2383; x_wconf 88' lang='lat' dir='ltr'><strong>XXVII.</strong></span> <span class='ocrx_word' id='word_1_317' title='bbox 876 2355 1050 2381; x_wconf 60' lang='lat' dir='ltr'><strong>nucum.</strong></span> 
     </span>
    </p>

    <p class='ocr_par' dir='ltr' id='par_1_16' title="bbox 13 2408 1545 2698">
     <span class='ocr_line' id='line_1_39' title="bbox 132 2408 1545 2469; baseline -0.006 -14"><span class='ocrx_word' id='word_1_318' title='bbox 132 2417 232 2469; x_wconf 79' lang='lat' dir='ltr'><em>Pog-</em></span> <span class='ocrx_word' id='word_1_319' title='bbox 261 2416 344 2464; x_wconf 86' lang='grc'><strong>47,</strong></span> <span class='ocrx_word' id='word_1_320' title='bbox 372 2411 446 2456; x_wconf 81' lang='grc'><strong>25</strong></span> <span class='ocrx_word' id='word_1_321' title='bbox 505 2408 622 2452; x_wconf 69' lang='grc' dir='ltr'><strong><em>Κατὰ</em></strong></span> <span class='ocrx_word' id='word_1_322' title='bbox 653 2408 730 2464; x_wconf 75' lang='grc' dir='ltr'><strong>τήν</strong></span> <span class='ocrx_word' id='word_1_323' title='bbox 764 2409 841 2464; x_wconf 86' lang='grc' dir='ltr'><strong>εω]</strong></span> <span class='ocrx_word' id='word_1_324' title='bbox 891 2410 1080 2451; x_wconf 78' lang='lat' dir='ltr'><strong>wolfius:</strong></span> <span class='ocrx_word' id='word_1_325' title='bbox 1142 2408 1241 2452; x_wconf 82' lang='lat' dir='ltr'><strong>Cum</strong></span> <span class='ocrx_word' id='word_1_326' title='bbox 1277 2424 1392 2449; x_wconf 83' lang='lat' dir='ltr'><strong>mane</strong></span> <span class='ocrx_word' id='word_1_327' title='bbox 1419 2417 1545 2448; x_wconf 72' lang='lat' dir='ltr'><strong>mater</strong></span> 
     </span>
     <span class='ocr_line' id='line_1_40' title="bbox 20 2466 1545 2522; baseline -0.005 -10"><span class='ocrx_word' id='word_1_328' title='bbox 20 2470 233 2512; x_wconf 76' lang='lat' dir='ltr'><strong>Theodora</strong></span> <span class='ocrx_word' id='word_1_329' title='bbox 252 2477 330 2511; x_wconf 86' lang='lat' dir='ltr'><strong>etc.</strong></span> <span class='ocrx_word' id='word_1_330' title='bbox 365 2469 492 2522; x_wconf 82' lang='lat' dir='ltr'><strong>Atqui</strong></span> <span class='ocrx_word' id='word_1_331' title='bbox 520 2469 573 2511; x_wconf 74' lang='grc' dir='ltr'><strong>ἕω</strong></span> <span class='ocrx_word' id='word_1_332' title='bbox 598 2467 667 2508; x_wconf 89' lang='lat' dir='ltr'><strong>hic</strong></span> <span class='ocrx_word' id='word_1_333' title='bbox 696 2468 808 2508; x_wconf 86' lang='lat' dir='ltr'><strong>aliud</strong></span> <span class='ocrx_word' id='word_1_334' title='bbox 827 2474 960 2508; x_wconf 87' lang='lat' dir='ltr'><strong>sonat:</strong></span> <span class='ocrx_word' id='word_1_335' title='bbox 990 2469 1033 2507; x_wconf 82' lang='lat' dir='ltr'><strong>in</strong></span> <span class='ocrx_word' id='word_1_336' title='bbox 1054 2469 1239 2508; x_wconf 76' lang='lat' dir='ltr'><strong>orientem</strong></span> <span class='ocrx_word' id='word_1_337' title='bbox 1265 2479 1409 2519; x_wconf 86' lang='lat' dir='ltr'><strong>nempe</strong></span> <span class='ocrx_word' id='word_1_338' title='bbox 1432 2466 1545 2506; x_wconf 83' lang='lat' dir='ltr'><strong>venit</strong></span> 
     </span>
     <span class='ocr_line' id='line_1_41' title="bbox 14 2517 1542 2580; baseline -0.004 -11"><span class='ocrx_word' id='word_1_339' title='bbox 14 2529 244 2570; x_wconf 83' lang='lat' dir='ltr'><strong>Theodora.</strong></span> <span class='ocrx_word' id='word_1_340' title='bbox 288 2527 358 2567; x_wconf 84' lang='lat' dir='ltr'><strong>Sic</strong></span> <span class='ocrx_word' id='word_1_341' title='bbox 380 2530 485 2569; x_wconf 89' lang='lat' dir='ltr'><strong>enim</strong></span> <span class='ocrx_word' id='word_1_342' title='bbox 518 2527 773 2580; x_wconf 81' lang='lat' dir='ltr'><strong>Acropolita:</strong></span> <span class='ocrx_word' id='word_1_343' title='bbox 823 2524 895 2567; x_wconf 74' lang='grc' dir='ltr'><strong>καὶ</strong></span> <span class='ocrx_word' id='word_1_344' title='bbox 921 2542 950 2580; x_wconf 87' lang='grc' dir='ltr'><strong>η</strong></span> <span class='ocrx_word' id='word_1_345' title='bbox 977 2522 1127 2568; x_wconf 76' lang='grc' dir='ltr'><strong>τούτου</strong></span> <span class='ocrx_word' id='word_1_346' title='bbox 1155 2521 1305 2579; x_wconf 76' lang='grc' dir='ltr'><em>γαμετὴ</em></span> <span class='ocrx_word' id='word_1_347' title='bbox 1336 2517 1542 2576; x_wconf 73' lang='grc' dir='ltr'><strong>Θεοδῶρα,</strong></span> 
     </span>
     <span class='ocr_line' id='line_1_42' title="bbox 14 2580 1542 2640; baseline -0.004 -12"><span class='ocrx_word' id='word_1_348' title='bbox 14 2584 88 2628; x_wconf 78' lang='grc' dir='ltr'><strong>τὸν</strong></span> <span class='ocrx_word' id='word_1_349' title='bbox 119 2582 363 2640; x_wconf 82' lang='grc' dir='ltr'><strong>Νικηφόρον</strong></span> <span class='ocrx_word' id='word_1_350' title='bbox 390 2580 493 2639; x_wconf 80' lang='grc' dir='ltr'><strong>μεθ’</strong></span> <span class='ocrx_word' id='word_1_351' title='bbox 519 2584 667 2637; x_wconf 77' lang='grc' dir='ltr'><strong>ἑαυτῆς</strong></span> <span class='ocrx_word' id='word_1_352' title='bbox 698 2586 903 2639; x_wconf 81' lang='grc' dir='ltr'><strong>λαβοῦσα,</strong></span> <span class='ocrx_word' id='word_1_353' title='bbox 941 2581 1000 2634; x_wconf 75' lang='grc' dir='ltr'><strong>εἷς</strong></span> <span class='ocrx_word' id='word_1_354' title='bbox 1024 2599 1102 2638; x_wconf 86' lang='grc' dir='ltr'><strong>την</strong></span> <span class='ocrx_word' id='word_1_355' title='bbox 1138 2582 1190 2624; x_wconf 78' lang='grc' dir='ltr'><strong>ἕω</strong></span> <span class='ocrx_word' id='word_1_356' title='bbox 1224 2582 1542 2635; x_wconf 78' lang='grc' dir='ltr'><strong>διαπεραιοῦται.</strong></span> 
     </span>
     <span class='ocr_line' id='line_1_43' title="bbox 13 2643 787 2698; baseline -0.004 -14"><span class='ocrx_word' id='word_1_357' title='bbox 13 2645 149 2698; x_wconf 78' lang='lat' dir='ltr'><strong>Atque</strong></span> <span class='ocrx_word' id='word_1_358' title='bbox 171 2645 231 2684; x_wconf 85' lang='lat' dir='ltr'><strong>sic</strong></span> <span class='ocrx_word' id='word_1_359' title='bbox 249 2643 563 2686; x_wconf 83' lang='lat' dir='ltr'><strong>emendavimus.</strong></span> <span class='ocrx_word' id='word_1_360' title='bbox 608 2656 787 2683; x_wconf 55' lang='grc' dir='ltr'><strong>οπως..</strong></span> 
     </span>
    </p>

    <p class='ocr_par' dir='ltr' id='par_1_17' title="bbox 12 2693 1541 2882">
     <span class='ocr_line' id='line_1_44' title="bbox 131 2693 1541 2767; baseline -0.01 -10"><span class='ocrx_word' id='word_1_361' title='bbox 131 2717 227 2767; x_wconf 85' lang='grc' dir='ltr'><strong>Ρα3</strong></span> <span class='ocrx_word' id='word_1_362' title='bbox 255 2713 334 2763; x_wconf 85' lang='grc'><strong>48,</strong></span> <span class='ocrx_word' id='word_1_363' title='bbox 365 2715 435 2756; x_wconf 80' lang='grc'><strong>24.</strong></span> <span class='ocrx_word' id='word_1_364' title='bbox 492 2710 578 2752; x_wconf 84' lang='grc' dir='ltr'><strong>Καὶ</strong></span> <span class='ocrx_word' id='word_1_365' title='bbox 609 2708 656 2752; x_wconf 83' lang='grc' dir='ltr'><strong>το“</strong></span> <span class='ocrx_word' id='word_1_366' title='bbox 688 2740 698 2750; x_wconf 92' lang='grc'><strong>.</strong></span> <span class='ocrx_word' id='word_1_367' title='bbox 719 2709 788 2763; x_wconf 90' lang='grc'><strong>..]</strong></span> <span class='ocrx_word' id='word_1_368' title='bbox 827 2693 1086 2763; x_wconf 79' lang='lat' dir='ltr'><strong>Acropolita.</strong></span> <span class='ocrx_word' id='word_1_369' title='bbox 1133 2722 1204 2748; x_wconf 77' lang='grc' dir='ltr'><strong>και</strong></span> <span class='ocrx_word' id='word_1_370' title='bbox 1240 2701 1412 2745; x_wconf 56' lang='lat' dir='ltr'><strong>&amp;tanes</strong></span> <span class='ocrx_word' id='word_1_371' title='bbox 1442 2701 1541 2758; x_wconf 79' lang='grc' dir='ltr'><strong>πρός</strong></span> 
     </span>
     <span class='ocr_line' id='line_1_45' title="bbox 12 2761 1536 2836; baseline -0.006 -26"><span class='ocrx_word' id='word_1_372' title='bbox 12 2786 84 2813; x_wconf 81' lang='grc' dir='ltr'><strong>τον</strong></span> <span class='ocrx_word' id='word_1_373' title='bbox 108 2769 281 2812; x_wconf 78' lang='grc' dir='ltr'><strong>Βασιλέα</strong></span> <span class='ocrx_word' id='word_1_374' title='bbox 308 2785 332 2811; x_wconf 95' lang='grc' dir='ltr'><strong>ο</strong></span> <span class='ocrx_word' id='word_1_375' title='bbox 352 2766 521 2836; x_wconf 61' lang='lat' dir='ltr'><strong>Maximi).</strong></span> <span class='ocrx_word' id='word_1_376' title='bbox 548 2765 595 2810; x_wconf 70' lang='lat' dir='ltr'><strong>vd</strong></span> <span class='ocrx_word' id='word_1_377' title='bbox 620 2765 722 2809; x_wconf 67' lang='grc' dir='ltr'><strong>ἄστυ</strong></span> <span class='ocrx_word' id='word_1_378' title='bbox 741 2768 955 2836; x_wconf 79' lang='grc' dir='ltr'><strong>Πριλαπον</strong></span> <span class='ocrx_word' id='word_1_379' title='bbox 978 2766 1048 2808; x_wconf 80' lang='grc' dir='ltr'><strong>καὶ</strong></span> <span class='ocrx_word' id='word_1_380' title='bbox 1075 2761 1144 2806; x_wconf 70' lang='grc' dir='ltr'><strong>τὸν</strong></span> <span class='ocrx_word' id='word_1_381' title='bbox 1171 2761 1364 2811; x_wconf 75' lang='grc' dir='ltr'><strong>Βέλεσυν,</strong></span> <span class='ocrx_word' id='word_1_382' title='bbox 1391 2777 1462 2802; x_wconf 75' lang='grc' dir='ltr'><strong>και</strong></span> <span class='ocrx_word' id='word_1_383' title='bbox 1490 2777 1536 2802; x_wconf 87' lang='grc' dir='ltr'><strong>το</strong></span> 
     </span>
     <span class='ocr_line' id='line_1_46' title="bbox 12 2791 1536 2885; baseline -0.007 -16"><span class='ocrx_word' id='word_1_384' title='bbox 12 2827 58 2869; x_wconf 75' lang='grc' dir='ltr'><strong>ἐν</strong></span> <span class='ocrx_word' id='word_1_385' title='bbox 79 2831 137 2885; x_wconf 75' lang='grc' dir='ltr'><strong>τῷ</strong></span> <span class='ocrx_word' id='word_1_386' title='bbox 159 2825 339 2882; x_wconf 76' lang='grc' dir='ltr'><strong>Αλβᾰνῳ</strong></span> <span class='ocrx_word' id='word_1_387' title='bbox 360 2823 562 2882; x_wconf 81' lang='grc' dir='ltr'><strong>φρούριον</strong></span> <span class='ocrx_word' id='word_1_388' title='bbox 588 2823 661 2875; x_wconf 70' lang='grc' dir='ltr'><strong>τοὶς</strong></span> <span class='ocrx_word' id='word_1_389' title='bbox 682 2822 832 2881; x_wconf 79' lang='grc' dir='ltr'><strong>Κρόας.</strong></span> <span class='ocrx_word' id='word_1_390' title='bbox 889 2825 997 2865; x_wconf 86' lang='lat' dir='ltr'><strong>Hinc</strong></span> <span class='ocrx_word' id='word_1_391' title='bbox 1017 2823 1139 2876; x_wconf 80' lang='lat' dir='ltr'><strong>igitur</strong></span> <span class='ocrx_word' id='word_1_392' title='bbox 1164 2791 1412 2873; x_wconf 77' lang='lat' dir='ltr'><strong>supplendus</strong></span> <span class='ocrx_word' id='word_1_393' title='bbox 1433 2819 1536 2859; x_wconf 81' lang='lat' dir='ltr'><strong>Gre-</strong></span> 
     </span>
    </p>
   </div>
  </div>
 </body>
</html>
