1794 3172
237 119 347 178 844
651 109 971 177 NICEPHORI
999 123 1329 172 GREGORAE

20 259 58 292 A.
73 257 116 289 M.
140 244 383 303 6856νομίαι
416 241 486 288 καὶ
518 236 685 291 κανὸνες
724 238 918 298 ἀρῥεπεῖς
957 236 1236 293 δικαστηρίων
1267 233 1374 291 ὄμοῦ
1406 234 1475 279 καὶ
1501 238 1733 292 βουλευτη-

76 303 180 338 ’““1“Ῑ
243 318 342 375 ρίων
371 314 476 372 πρὸς
503 309 781 367 ἀστάθμητον
809 310 878 352 καὶ
921 306 1220 364 συγκεχυμένον
1254 307 1363 361 βίον.
1402 303 1546 361 ὅμοιον
1571 305 1650 363 γὰρ
1683 303 1734 348 ἂν

208 388 310 443 Οεῖη
325 419 338 439 ,
365 383 501 440 ὥσπερ
524 380 574 440 ἂν
602 381 643 425 εἷ’
656 397 719 431 τις
741 374 1026 438 παραβάλλειν
1044 373 1239 433 βούλοιτο
1265 376 1334 419 καὶ
1352 379 1543 433 θεωρεῖν,
1572 372 1672 418 ὅσον
1694 374 1738 417 ἓν

243 453 405 510 πελάγει
434 451 617 509 διαφέρει
648 453 787 500 καλῶς
817 446 1074 503 οἲακιζομένη
1117 449 1222 496 ναῦς
1251 450 1328 502 τῆς
1357 444 1454 506 ἄνευ
1487 442 1640 488 οἰάκων
1667 444 1736 487 καὶ

245 524 389 584 πόῤῥω
427 521 583 571 παντὸς
612 522 865 578 προμηθοῦς
895 523 983 568 τοῖς
1013 519 1184 566 πολλοῖς
1211 516 1377 566 ἐκείνοις
1416 516 1484 558 καὶ
1516 513 1769 571 ἇνημέροιςὸ

247 594 426 650 κύμασιν
446 587 724 646 έπιπηδῶσης·
745 586 807 640 οἷς
828 591 970 646 πολλῷ
995 584 1130 643 δήπου
1155 585 1320 641 βέλτιον
1344 583 1396 628 ἂν
1406 580 1458 641 ἦν
1479 583 1582 628 οἴκοι
1597 588 1738 640 καθη-

247 665 397 721 μένους
429 661 590 712 ἀδοξεῖν
622 662 691 703 καὶ
723 665 857 714 μισεῖν
887 656 1129 716 παῤῥησίαν
1159 653 1267 711 ὅμοῦ
1294 657 1363 699 καὶ
1388 654 1601 710 πολιτικὴν
1626 652 1739 710 εὐγέ-

246 752 384 786 νειαν,
419 730 446 788 ’ἢ
470 727 687 781 τοσούτοις
715 725 919 778 κινδύνοις
949 723 1302 783 παραβάλλεσθαι
1331 726 1399 768 καὶ
1429 722 1616 782 τοσαύτῃ
1645 725 1739 766 δια-

251 801 434 860 κυβεύειν
456 798 674 859 ἀφροσύνῃ
691 799 740 843 τὸ
762 800 845 857 ζῇν.
895 795 984 857 (E.)
1003 795 1058 841 “O
1077 796 1154 852 μὲν
1173 791 1248 839 οὖν
1264 793 1495 851 Ῥωμαίους
1523 793 1639 850 ἴχειν,
1661 792 1740 851 ἅρ-

212 877 245 914 D
250 854 404 932 Ξοντας
423 871 666 930 ὄφείλοντας
683 867 784 913 εἶναι
795 902 808 922 ,
847 868 971 924 ἐχρῆν
981 900 994 921 ,
1025 870 1152 910 τοῦτο
1171 866 1381 916 Λατίνοις
1397 864 1642 923 προσγέγονε
1655 881 1737 906 πα-
1753 866 1794 901 10

252 942 487 1004 ρελομένοις
517 942 586 984 καὶ
614 944 856 996 μεταθεῖσιν
886 938 1080 981 ἐντεῦθεν
1109 937 1234 979 ε’κεῖσε
1267 935 1337 980 διὰ
1356 933 1555 993 πρόνοιαν
1579 936 1740 977 οῗκονο-
1771 986 1778 994 ,

252 1013 378 1071 μικὴν
412 1014 480 1055 καὶ
513 1010 814 1069 σεσοφισμένην
853 1005 1055 1063 σπουδήν.
1104 1005 1271 1050 ἅπαντα
1296 1005 1376 1064 γὰρ
1407 1002 1745 1062 παρεσκεύασταί

254 1099 374 1142 σφισι
406 1085 625 1139 λαμπρῶς,
668 1086 782 1129 σῖτος
811 1080 880 1122 καὶ
913 1076 1024 1122 ὅπλα
1055 1077 1123 1120 καὶ
1150 1073 1350 1133 χρήματα
1380 1077 1449 1118 καὶ
1470 1073 1642 1130 ναυτικὴ
1665 1070 1742 1116 δύ·-

254 1170 378 1209 ναμις
408 1156 484 1208 τῆς
526 1155 611 1194 τῶν
645 1149 886 1202 Βυζαντίων
925 1150 1122 1204 διηνεκῶς
1151 1144 1422 1204 ὑπερέχουσα.
1483 1142 1574 1204 (ς’.)
1609 1142 1741 1187 ’Όθεν

256 1225 342 1267 ἐπεὶ
372 1223 441 1266 καὶ
471 1225 546 1265 νῦν
580 1220 712 1263 οὐδὲν
732 1219 875 1270 αὐτοῖς
915 1216 1109 1274 ἐμποδῶν
1145 1216 1349 1272 ἐνομίζετο
1380 1218 1740 1272 θαλαττοκρατεῖν
1755 1215 1794 1251 15

218 1295 251 1331 Ε
259 1296 507 1350 βουληθεῖσι
521 1325 533 1344 ,
566 1292 632 1333 καὶ
649 1286 961 1347 δεκατευτήρίον
986 1287 1092 1330 ἴδιον
1112 1284 1275 1337 ἑαυτοῖς
1294 1283 1646 1342 καταστήσασθαι
1669 1282 1743 1326 τὸν

257 1362 410 1419 αὐχένα
432 1365 507 1404 τοῦ
528 1358 725 1414 Πόντου,
759 1359 864 1417 πρὸς
885 1356 1176 1416 φανερωτέραν
1202 1356 1284 1413 ἤδη
1309 1353 1654 1414 παρασπόνδησιν
1675 1354 1745 1397 καὶ

259 1432 463 1488 ἀθέτησιν
484 1434 567 1474 τῶν
598 1428 727 1474 πάλαι
761 1428 988 1487 γενομένων
1013 1428 1156 1486 σφίσιν
1184 1426 1227 1477 ἐς
1257 1425 1357 1477 τούς
1382 1423 1596 1481 Ῥωμαίων
1617 1428 1745 1480 βασι-

259 1506 342 1553 λεῖς
359 1501 493 1560 ὅρκων
523 1502 593 1543 καὶ
623 1498 763 1556 νόμων
787 1496 1085 1557 ἕξερῥάγησαν’
1122 1497 1196 1540 καί
1219 1514 1258 1540 τι
1276 1499 1455 1554 μονῆρες
1477 1493 1648 1538 ἀκάτιον
1668 1497 1746 1552 λῃ-

258 1575 437 1630 στρικῶν
477 1568 657 1614 ὁπλιτῶν
694 1567 978 1626 ἓμπλήσαντές
1016 1585 1060 1611 τε
1097 1567 1245 1618 νυκτὸς
1275 1568 1343 1610 καὶ
1376 1565 1482 1624 πρὸς
1514 1562 1642 1623 Ἱερὸν
1675 1562 1794 1606 καὶΞ(

260 1642 414 1698 αὐχένα
451 1640 525 1684 τὸν
574 1638 812 1684 διαπόντιον
855 1635 1192 1688 ἀναπλεύσαντες
1230 1637 1331 1693 μιάν
1383 1635 1477 1679 τινὰ
1512 1632 1747 1690 Ῥωμαϊκὴν

125 1709 417 1755 νιζΙτ3οιῘιλιιίδα
450 1709 672 1767 κατέσχον,
703 1713 869 1754 πολλῶν
897 1710 984 1752 ἐκεῖ
1004 1711 1230 1764 τηνικαῦτα
1263 1703 1443 1756 δικτύοις
1458 1704 1685 1762 χρωμένων
1705 1704 1746 1754 ἔς

221 1779 420 1838 Ὲῗχθύων
451 1779 582 1838 ἄγραν
592 1813 606 1834 ,
640 1782 709 1823 καὶ
738 1781 885 1838 ξίφους
919 1777 1038 1836 ἔργον
1069 1777 1169 1828 τοὺς
1191 1778 1408 1827 πλείστους
1437 1772 1743 1830 ἐπεποιήκεσαν.

259 1850 354 1911 (Ζ.)
381 1850 497 1908 ’Άρτι
521 1850 564 1893 δ’
585 1848 705 1906 ἡλίου
725 1850 766 1900 ἒς
794 1848 1003 1898 ἀνατολὰς
1026 1844 1306 1903 ἐληλυθότος,
1335 1846 1403 1889 καὶ
1432 1845 1482 1889 τὸ
1501 1849 1576 1901 τῆς
1599 1842 1747 1893 νυκτὸς

353 1939 388 1974 9.
406 1934 614 1984 Ῥωμαίους
636 1949 702 1973 em.
725 1937 828 1973 Boiv.
853 1947 920 1983 pro
941 1931 1151 1980 Ῥωμαίοις.
1215 1934 1218 1936 ’

263 2006 430 2043 diciorum
449 2020 490 2043 ac
508 2007 796 2043 deliberationum
811 2005 896 2040 ordo
913 2006 1010 2047 vitae
1027 2006 1184 2040 incertae
1201 2004 1238 2039 et
1255 2001 1466 2039 confusionis
1483 2000 1617 2048 plenae.
1659 2001 1749 2036 Per-

263 2055 345 2090 inde
362 2055 451 2089 enim
469 2055 589 2096 fuerit,
608 2066 650 2089 ac
671 2054 700 2088 si
718 2054 795 2099 quis
814 2052 1070 2098 comparatione
1088 2051 1249 2086 instituta
1265 2050 1450 2085 aestimare
1467 2049 1567 2091 velit,
1587 2052 1748 2094 quantum

261 2102 302 2137 in
319 2101 405 2136 mari
431 2102 530 2136 navis
549 2101 676 2147 optimo
694 2100 926 2146 gubernaculo
947 2099 1118 2134 instructa
1140 2098 1256 2144 potior
1281 2097 1328 2132 sit
1346 2109 1388 2132 ea
1400 2122 1410 2139 ‚
1435 2107 1524 2143 quae
1544 2095 1617 2130 sine
1635 2095 1748 2137 clavo,

263 2148 340 2183 sine
359 2147 430 2183 ulla
443 2151 560 2182 reruni
577 2148 794 2193 provisione,
819 2146 1057 2181 aestuantibus
1076 2145 1279 2191 asperisque
1297 2144 1461 2179 fluctibus
1479 2142 1621 2177 insiliat.
1658 2141 1749 2177 Pro-

263 2195 360 2230 fecto
379 2194 573 2229 hominibus
593 2194 661 2228 illis
678 2193 800 2228 melius
817 2192 922 2227 multo
941 2192 1066 2227 fuisset
1082 2191 1172 2227 domi
1193 2192 1314 2226 sedere
1329 2189 1499 2237 ingloriiS,
1516 2188 1749 2234 fiduciamque

266 2244 303 2276 et
323 2240 484 2287 publicae
500 2240 587 2275 lucis
606 2240 798 2275 claritatem
819 2239 946 2281 odisse,
970 2251 1068 2285 quam
1085 2238 1192 2274 tantis
1211 2237 1373 2284 periculis
1393 2236 1545 2271 obiicere
1564 2248 1615 2278 se,
1631 2228 1750 2270 tanta-

264 2293 332 2334 que
351 2288 547 2323 temeritate
562 2286 670 2322 vitam
687 2286 787 2332 quasi
803 2287 911 2321 aleam
927 2286 1057 2324 ludere.
1103 2285 1188 2332 (V.)
1214 2285 1317 2327 Quod
1335 2283 1443 2329 igitur
1460 2284 1589 2318 habere
1605 2287 1749 2328 oporte-

262 2334 326 2370 bat
343 2334 528 2376 Romanos,
554 2334 600 2369 ad
617 2345 703 2379 quos
725 2333 941 2379 principatus
963 2333 1174 2379 pertinebat,
1200 2331 1237 2367 id
1258 2331 1376 2366 Latini
1394 2330 1464 2365 illis
1493 2330 1689 2375 ademptum
1712 2331 1749 2363 et

262 2380 309 2415 ad
330 2393 369 2416 se
388 2380 591 2415 translatum
624 2380 742 2426 adepti
769 2385 849 2414 sunt
883 2380 1003 2414 sedula
1034 2383 1070 2415 et
1101 2384 1205 2414 cauta
1228 2377 1426 2425 provisione
1450 2376 1641 2422 solertique
1665 2375 1746 2409 dili-

262 2427 394 2474 gentia.
443 2426 570 2462 Omnia
587 2427 677 2462 enim
699 2426 753 2460 his
774 2426 954 2472 splendide
973 2429 1097 2473 parata
1115 2431 1233 2468 erant,
1258 2425 1482 2466 frumentum,
1508 2434 1616 2464 arma,
1640 2433 1748 2468 pecu-

262 2475 335 2516 nia,
354 2477 391 2509 et
407 2474 548 2509 navales
567 2473 703 2519 copiae,
719 2485 848 2520 eaeque
863 2485 998 2519 semper
1015 2472 1202 2508 validiores
1219 2482 1319 2518 quam
1336 2470 1565 2516 Byzantinae.
1590 2468 1748 2514 (VI.)Hi

261 2519 397 2567 itaque,
421 2532 498 2555 cum
515 2523 553 2555 et
571 2520 638 2555 hoc
658 2524 814 2566 tempore
834 2520 919 2554 nihil
938 2520 1003 2555 sibi
1021 2521 1160 2555 obstare
1179 2519 1373 2560 crederent,
1397 2516 1502 2552 maris
1518 2516 1663 2562 imperio
1684 2527 1749 2562 po-

262 2566 325 2601 tiri
345 2571 381 2602 et
403 2566 504 2602 Ponti
526 2567 645 2612 fauces
663 2567 759 2601 velut
778 2578 857 2602 suas
876 2567 1027 2602 insidere
1050 2579 1092 2602 ac
1111 2566 1146 2601 in
1162 2565 1206 2600 iis
1224 2565 1373 2600 decimas
1393 2564 1576 2610 percipere
1597 2561 1747 2598 volenti-

261 2613 348 2656 bus,
373 2613 419 2649 ad
437 2613 644 2659 apertiorem
665 2613 734 2648 iam
753 2618 937 2659 erumpunt
957 2614 1177 2650 violationem
1199 2611 1556 2656 contemptionemque
1574 2609 1747 2644 iuramen-

260 2663 376 2695 torum
394 2671 436 2695 ac
454 2660 591 2706 legum,
614 2660 739 2707 quibus
759 2660 829 2707 ipsi
850 2672 888 2695 se
905 2661 1067 2696 Romanis
1085 2658 1351 2706 imperatoribus
1370 2657 1450 2692 olim
1469 2656 1747 2698 obstrinxerant3

261 2710 300 2740 et
318 2706 418 2741 unius
441 2718 609 2742 remorum
628 2707 758 2742 ordinis
774 2707 928 2753 cymbam
950 2706 1180 2754 praedonibus
1205 2704 1346 2740 armatis
1364 2704 1508 2750 implent
1526 2709 1649 2745 noctu3
1672 2707 1746 2737 tum

261 2752 307 2786 ad
326 2751 456 2788 Fanum
475 2757 512 2788 et
529 2754 573 2788 ad
591 2753 695 2789 Ponti
711 2754 830 2789 fauces
851 2754 1008 2800 provecti
1031 2755 1216 2789 Romanam
1242 2751 1412 2798 quandam
1441 2750 1635 2785 naviculam
1654 2760 1747 2784 com·

261 2799 490 2844 prehendunt,
516 2799 552 2834 in
571 2812 640 2847 qua
660 2800 756 2835 multi
773 2799 976 2847 piscationis
995 2812 1101 2836 causa
1117 2800 1253 2835 retibus
1265 2799 1480 2839 2utebantur3
1505 2809 1546 2832 ac
1561 2796 1746 2843 plerosque

258 2846 355 2882 ferro
379 2846 593 2883 interimunt.
637 2847 758 2894 (vu.)
782 2847 864 2884 Sole
879 2859 1000 2884 recens
1021 2851 1098 2884 orto
1113 2851 1150 2884 et
1170 2845 1265 2882 illius
1284 2845 1396 2881 noctis
1415 2843 1594 2891 indignum
1614 2842 1746 2879 facinus
