1794 3172
332 140 652 190 HISTORIAE
676 136 1050 185 BYZANTINAE
1075 133 1217 188 XXII.
1238 136 1281 182 4.
1397 127 1531 175 1073

48 254 220 316 φυκέναι
254 252 333 310 τὴν
369 252 555 309 ἀπειρίαν
587 255 775 307 βαθμοῖς
802 250 872 293 καὶ
898 247 1065 305 μέτροις
1100 246 1183 289 τισὶ
1212 241 1525 289 διακόπτεσθαι.
1549 250 1588 285 A.
1605 249 1750 286 e.1351

49 331 139 376 πῶς
168 324 251 382 γὰρ
281 322 333 366 ἂν
369 323 513 381 (φησὶν
538 319 560 364 ὁ
590 325 708 371 θεῖος
735 322 778 363 Γ
774 315 982 376 ρηγόριος)
1017 316 1243 373 μετρηθείη
1266 314 1315 359 τὸ
1343 298 1751 380 ἅπειρον,ωξὲζῑ“·οἒ““

46 395 103 438 ‘lv’
130 393 152 438 ὃ
175 398 259 437 τῶν
277 392 592 449 περατουμένων
612 391 723 443 ἐστὶ,
750 392 875 432 τοῦτο
899 385 1020 444 πάθῃ
1042 384 1218 440 θεότης,
1246 388 1436 440 βαθμοῖς
1453 401 1530 440 με-

50 463 254 520 τρουμένη
283 463 352 504 καὶ
375 458 665 516 &nomio-5613„
735 456 811 517 (I)
843 457 939 512 Ἐμὲ
959 457 1004 499 δὲ
1028 456 1096 499 καὶ
1116 455 1279 505 πλείους
1294 455 1568 513 μαρτυρίαςι)

13 531 193 588 ὁὲτέρας
215 531 362 587 ἔχοντα
392 530 528 588 φέρειν
556 526 708 586 ἁγίων,
743 528 841 584 περί
867 543 911 583 γε
937 530 1013 568 τοῦ
1041 523 1144 580 μήτε
1169 525 1388 583 ἐνέργειαν,
1426 522 1532 580 μήτε

50 602 142 645 τινὰ
168 598 393 655 ποιότητα,
431 597 536 655 μήτε
555 616 595 642 τι
619 602 702 641 τῶν
722 595 890 640 πάντων
907 597 950 647 ἐξ
970 595 1103 638 ἀϊδίου
1127 602 1307 638 συνεῖναι
1327 591 1531 652 διάφορον

52 670 262 714 δύνασθαι
284 673 336 727 τῇ
359 669 457 729 θείᾳ
479 667 599 728 οὐσίᾳ
610 701 624 721 ,
656 669 726 710 καὶ
750 665 838 722 ἅμα
858 673 944 716 τοῖς
960 669 1020 724 τῷ
1041 666 1268 724 Καβασίλᾳ
1295 668 1535 722 προτεθεῖσι
1584 656 1588 660 ”

52 738 390 797 κενοφωνήμασιν
418 737 621 796 ἐπιφέρειν
645 737 722 787 τὰς
751 740 835 780 τῶν
860 733 986 792 ἆγίων
1011 734 1242 790 ἀντιλογίας
1260 731 1531 789 βουλόμενον,

53 810 218 865 ἐπέσχεν
260 806 595 865 ἐπαγγειλάμενος
625 808 701 862 τὴν
732 807 893 849 ἐκείνων
932 804 1168 861 ἄντίρῥησιν
1200 801 1315 858 μάλα
1345 803 1534 859 ἀσμένως

0 888 42 924 10
54 878 308 923 ἀκούσεσθαι
326 877 422 933 μετ’
446 877 593 934 ὀλίγον.
632 875 758 926 αὐτὸς
785 875 828 919 δ’
853 876 896 918 ἐν
927 876 1090 931 σπουδῇ
1109 874 1280 931 μεγίστῃ
1292 874 1530 929 πεποίηται,

51 945 253 1006 πρότερον
272 954 586 1005 παρεισενεγκεΐν
606 946 681 1002 τὴν
698 943 864 1001 συνήθη
883 945 952 987 καὶ
971 942 1111 999 κοινὴν
1129 942 1371 1001 καταφυγὴν
1389 942 1569 990 αὖτῶνΕ

0 1012 7 1019 ”
53 1019 97 1061 ἐν
118 1018 166 1061 οὗ
187 1021 342 1076 καιρῷ,
379 1017 426 1060 τὸ
451 1017 493 1060 ἐν
519 1017 728 1075 Θαβωρίῳ
751 1015 853 1071 λέγω
878 1017 993 1071 φῶς,
1025 1012 1224 1070 ἐνέργειαν
1251 1011 1445 1056 ἅκτιστον
1463 1014 1534 1055 καὶ

52 1085 238 1143 θεότητα
257 1087 361 1143 πρὸς
378 1090 462 1129 τῶν
482 1083 605 1141 ἁγίων
627 1083 943 1140 ὀνομαζόμενον.
979 1086 1107 1140 ,,φῶς
1127 1082 1205 1140 γὰρ
1216 1082 1259 1136 ,”
1286 1081 1428 1139 ἔλεγεν,
1466 1079 1531 1138 ,,ἧ

53 1159 380 1215 παραδειχθεῖσα
401 1153 569 1211 θεότης,
604 1156 728 1212 φησὶν
751 1151 774 1197 ὅ
794 1157 912 1203 θεῖος
930 1155 972 1195 Γ
969 1149 1173 1210 ρηγόριος,
1209 1153 1275 1195 ἐπὶ
1293 1156 1368 1195 τοῦ
1390 1151 1529 1209 ὅρους.

0 1235 43 1271 15
54 1228 122 1270 καὶ
152 1224 174 1269 ὃ
204 1224 412 1285 Μελῳδὸς
442 1220 568 1275 αὖθις
604 1224 681 1274 τὰς
710 1221 907 1273 τοιαύτας
939 1222 1140 1280 ἐνεργείας
1173 1223 1349 1276 βολίδας
1382 1219 1532 1280 γράφει

52 1293 269 1351 θεότητος.
317 1294 513 1338 ἀκτίστου
534 1298 633 1350 γοῦν
652 1292 781 1350 οἷῖσης
799 1297 874 1349 τῆς
899 1293 1020 1342 θείας
1051 1291 1192 1342 οὐσίας
1202 1325 1217 1345 ,
1253 1291 1438 1336 ἅκτιστοι
1462 1292 1569 1335 καὶΕ

55 1365 100 1408 αἶ
122 1366 286 1421 βολίδες
305 1364 476 1417 ἐκεῖναι,
514 1363 630 1420 παρὰ
648 1363 724 1419 τὴν
743 1362 887 1406 οὐσίαν
909 1360 1010 1404 ἄλλο
1029 1378 1070 1404 τι
1088 1356 1221 1405 οὖσαι.
1259 1361 1307 1405 τὸ
1325 1362 1404 1419 γὰρ
1424 1361 1527 1405 ἄλλο
1551 1367 1595 1404 V.
1612 1366 1683 1405 544

55 1434 171 1493 παρὰ
201 1434 277 1490 τὴν
311 1433 457 1477 οὐσίαν
492 1431 567 1476 οὐκ
598 1433 754 1487 ἐκείνη,
786 1431 884 1474 ἀλλ’
909 1431 1074 1486 ἐκείνης.
1114 1432 1159 1477 ,εἰ
1174 1430 1253 1488 γὰρ
1274 1430 1430 1475 ταύτὸν
1463 1426 1531 1487 ἦν,

54 1503 238 1560 μεθεκτὴ
261 1501 311 1546 ἂν
331 1499 383 1559 ἦν
402 1504 469 1546 καὶ
499 1502 619 1545 οὐσία
643 1499 747 1557 ὁμοῦ
774 1508 865 1551 ταῖς
887 1501 1124 1556 ἐνεργείαις,
1159 1501 1228 1543 καὶ
1259 1497 1444 1558 διαφορά
1470 1517 1533 1551 τις

0 1573 133 1617 Ξοοῦκ
162 1572 214 1616 ἄν
243 1572 339 1616 ποτ’
371 1567 424 1628 ’ἦν
456 1571 652 1627 οὐδεμία·
688 1574 814 1613 τοῦτο
849 1568 894 1613 ‹5‘
926 1567 1145 1613 ἀδύνατον.
1194 1569 1426 1624 ἆμέθεκτος
1451 1569 1532 1628 γὰρ

55 1649 144 1693 τοῖς
175 1642 390 1698 κτίσμασιν
422 1639 553 1684 ἅπασι
578 1639 755 1698 πέφυκεν
783 1636 812 1695 ἦ
846 1637 990 1682 οὐσίαν
1033 1639 1104 1682 καὶ
1131 1636 1339 1694 δαιμόνων
1372 1637 1533 1698 εὕρημα

147 1765 183 1800 8.
205 1760 499 1809 κανοφωνήμασι
518 1773 660 1809 apogr„
682 1758 969 1808 κενοφωνήμασι
998 1759 1111 1807 Capp.
1137 1759 1175 1795 in
1199 1762 1320 1804 textu,
1342 1772 1533 1806 καινοφω·

148 1807 287 1857 νήμασι
309 1810 396 1845 coni.
414 1810 506 1845 idem
523 1809 558 1844 iu
575 1821 645 1855 mg.
757 1808 814 1844 16.
834 1807 1016 1856 θεότητος
1034 1819 1100 1843 em.
1116 1806 1228 1854 Capp.
1247 1818 1312 1854 pro
1334 1805 1531 1855 θεότητας.

58 1927 128 1951 non
145 1914 276 1961 patitur
291 1914 403 1961 ipsius
416 1913 539 1956 medii,
564 1926 625 1949 seu
643 1911 840 1956 intervalli,
862 1911 954 1948 ratio
973 1911 1135 1947 formalis.
1191 1911 1271 1947 Nec
1297 1911 1387 1946 enim
1417 1911 1536 1947 infini-

57 1963 144 1997 tatis
170 1966 296 1996 natura
321 1961 488 1997 eiusmodi
509 1965 586 2003 est,
609 1964 648 1996 ut
673 1961 840 2006 gradibus
860 1964 933 1994 tum
960 1958 1198 2005 superioribus
1222 1963 1294 1993 tum
1309 1958 1532 1994 inferioribus

56 2006 303 2043 mensuretur.”
351 2008 437 2053 (X.)
460 2007 630 2053 Equidem
652 2012 807 2053 poteram
830 2006 899 2041 alia
919 2006 1020 2052 plura
1046 2005 1112 2039 SS.
1132 2005 1276 2040 Pati-um
1292 2006 1451 2053 proferre
1474 2011 1530 2041 te-

57 2055 239 2095 stimonia,
270 2053 394 2100 quibus
419 2059 613 2096 constaret,
637 2066 748 2100 neque
770 2053 1027 2099 operationem,
1050 2063 1163 2098 neque
1188 2052 1288 2088 ullam
1315 2052 1533 2098 qualitatem,

57 2113 171 2146 neque
196 2100 290 2136 aliud
308 2100 441 2135 omnino
459 2100 656 2146 quidpiam,
681 2100 819 2134 divinae
844 2099 1060 2135 substantiae
1083 2102 1300 2135 coaeternum
1323 2104 1361 2134 et
1383 2100 1427 2135 ab
1451 2100 1530 2145 ipsa

56 2147 255 2182 distinctum
275 2159 354 2182 esse
375 2159 488 2193 posse.
538 2147 625 2182 Erat
653 2146 755 2182 etiam
783 2146 819 2181 in
836 2147 965 2189 animo,
988 2146 1087 2181 vanis
1104 2151 1140 2181 et
1165 2145 1320 2182 futilibus
1344 2146 1529 2182 Gaba-silae

57 2194 175 2229 verbis
195 2195 414 2241 depromptas
433 2206 453 2228 e
472 2193 537 2228 SS.
552 2193 717 2228 Patribus
735 2193 961 2228 refutationes
978 2193 1160 2228 subiicere.
1205 2193 1277 2228 Sed
1291 2204 1346 2228 me
1361 2194 1530 2240 interpel-

57 2240 165 2285 lavit,
189 2241 362 2286 pollicitus
392 2241 494 2287 paulo
519 2245 599 2286 post
620 2240 780 2274 lubenter
799 2251 839 2273 se
863 2239 998 2274 illorum
1025 2239 1264 2275 refutationem
1286 2251 1362 2275 esse
1385 2241 1528 2275 auditu-

57 2298 147 2322 rum.
193 2288 274 2332 Ipse
298 2292 410 2322 autem
435 2299 533 2322 omne
561 2286 728 2335 studium)
753 2297 882 2321 omnem
908 2298 1046 2332 operam
1074 2286 1249 2327 adhibuit,
1271 2291 1312 2321 ut
1331 2287 1425 2333 prius
1444 2298 1528 2321 con-

59 2339 190 2368 suetum
207 2338 243 2368 et
260 2346 431 2369 commune
441 2334 686 2369 Palamitarum
702 2332 864 2378 effugium
879 2333 978 2368 nobis
992 2333 1186 2379 importune
1206 2333 1419 2376 obtruderet,
1429 2333 1528 2368 Tha-

59 2380 212 2414 boricum
230 2381 341 2415 lumen
357 2381 534 2426 intelligo,
559 2380 649 2426 quod
669 2379 735 2414 SS.
755 2379 879 2414 Patres
898 2380 1086 2415 increatam
1109 2380 1341 2425 operationem
1364 2386 1399 2414 et
1418 2379 1529 2414 deita-

59 2431 127 2461 tem
146 2426 331 2472 appellant.
357 2426 511 2470 „Nam‚'’
526 2427 718 2473 inquiebat,
738 2425 929 2468 „deitatem
947 2427 984 2461 in
995 2426 1116 2461 Monte
1135 2432 1303 2461 ostensam
1315 2427 1424 2461 lumen
1441 2426 1529 2460 fuis-

59 2484 98 2507 se
117 2473 204 2507 dicit
221 2473 321 2507 divus
339 2474 543 2520 Gregorius.
590 2473 639 2507 Et
660 2473 783 2507 iterum
801 2471 942 2507 Cosmas
965 2473 1123 2508 Melodus
1142 2473 1331 2507 huiusmodi
1353 2471 1529 2518 operatio-

60 2530 121 2553 nes
144 2519 251 2554 fuisse
269 2520 464 2555 divinitatis
483 2519 727 2555 eiaculationes
742 2518 876 2554 scribit.
924 2519 1008 2554 Cum
1028 2532 1111 2565 ergo
1130 2519 1247 2554 divina
1276 2518 1465 2554 substantia
1482 2517 1530 2552 sit

60 2565 233 2608 increata,
264 2566 353 2601 istae
385 2567 517 2613 pariter
539 2565 781 2602 eiaculationes
806 2565 981 2602 increatae
1006 2573 1106 2609 sunt,
1141 2571 1177 2600 et
1203 2577 1224 2600 a
1255 2565 1446 2600 substantia
1473 2564 1528 2598 di-

61 2613 222 2646 stinctae.
268 2613 358 2648 Nam
388 2614 481 2660 quod
508 2613 600 2648 aliud
624 2618 678 2648 est
701 2625 722 2647 a
741 2612 952 2654 substantia,
975 2625 1043 2649 non
1061 2618 1116 2648 est
1134 2613 1211 2658 ipsa
1228 2611 1439 2653 substantia,
1463 2610 1528 2646 sed

60 2658 106 2692 ad
134 2658 356 2694 substantiam
385 2660 547 2705 pertinet.
595 2659 635 2694 Si
659 2658 747 2694 enim
770 2663 863 2694 esset
890 2660 972 2705 quid
987 2661 1078 2695 idem
1105 2671 1181 2694 cum
1205 2657 1416 2699 substantia,
1438 2657 1528 2691 haec

61 2704 162 2738 simul
185 2716 260 2739 cum
277 2707 532 2750 operationibus
557 2709 650 2742 esset
674 2705 944 2752 participabilis,
967 2719 1032 2743 nec
1057 2707 1128 2742 ulla
1148 2705 1239 2740 inter
1261 2717 1320 2739 eas
1344 2704 1437 2738 foret
1463 2702 1527 2738 ad-

60 2751 227 2785 mittenda
253 2750 440 2787 distinctio.
493 2753 599 2800 Atqui
623 2753 689 2787 hoc
714 2752 922 2798 impossibile
948 2757 1011 2788 est.
1066 2753 1160 2788 Nam
1184 2751 1378 2786 substantia
1400 2749 1469 2784 Dei
1483 2760 1527 2784 ex

62 2802 185 2832 natura
208 2808 273 2831 sua
294 2798 497 2846 participari
521 2811 542 2835 a
569 2798 738 2834 creaturis
757 2810 824 2833 non
846 2803 982 2845 potest:
1006 2803 1043 2835 et
1069 2799 1259 2844 quicunque
1280 2796 1372 2831 aliud
1390 2796 1446 2831 vel
1470 2795 1528 2830 di-

62 2848 145 2879 cunt
161 2843 218 2879 vel
236 2843 433 2882 dicentibus
453 2846 620 2890 credunt,
641 2845 670 2881 ii
686 2844 873 2882 doctrinam
905 2857 928 2882 a
951 2845 1207 2884 tenebrionibus
1232 2843 1380 2880 diabolis
1401 2842 1526 2879 inven-
