1794 3172
250 139 354 188 632
663 141 977 190 NICEPHORI
1005 135 1330 187 GREGORAE

33 266 69 296 Α.
86 261 243 298 Μ.,6850
254 273 335 300 που
358 254 413 299 τὰ
433 251 644 312 ἷππῆλατα
663 258 746 298 τῶν
767 254 998 306 Φιλίππων,
1037 251 1142 296 ἔνθα
1163 249 1292 295 πάλαι
1313 254 1505 311 Βροῦτος
1523 251 1592 295 καὶ
1610 247 1734 295 Κάσ-

79 310 147 345 [nd.
163 311 208 346 1⁰
254 342 343 380 σιος
368 324 624 381 ἐπολέμησαν
638 323 843 382 Ὀκταβίῳ
863 323 1059 379 Καίσαρι.
1133 320 1226 380 (Β.)
1247 319 1562 366 Διαναπαύοντι
1582 321 1633 365 δ’
1655 321 1734 365 αὗ-

252 393 352 440 τόθι
371 394 447 451 τὴν
470 393 668 451 στρατιὰν
694 396 933 450 προσῆλθεν
966 391 1081 452 αὐτῷ
1101 392 1170 435 καὶ
1203 389 1226 435 ὅ
1247 392 1415 450 Χρέλης
1426 425 1441 446 ‚
1479 389 1731 448 ἐγγυώμενος

255 463 390 509 πάντα
423 464 463 507 οἷ
493 463 554 507 τὰ·
578 462 684 506 κατὰ
710 460 910 519 βούλησιν
943 460 1120 518 ἄσμενος
1149 460 1333 506 ἐκτελεῖν.
1381 459 1404 506 ὃ
1432 461 1479 505 δὲ
1508 462 1630 519 φίλον
1655 461 1732 517 μὲν

254 533 356 591 ἔχειν
375 533 500 577 αὐτὸν
520 532 625 589 ἔλεγε
636 530 868 588 βούλεσθαι
881 546 891 556 ·
927 536 1003 589 τῆς
1022 531 1164 587 μέντοι
1184 532 1425 588 συμμαχίας
1445 530 1578 587 αὐτῆς
1588 532 1762 590 χρείαν5

217 603 400 660 Οῆκιστα
428 601 528 659 ἔχειν
566 604 609 646 ἐν
641 606 701 661 τῷ
733 600 920 661 παρόντι.
969 599 1142 654 ξυνενόει
1172 601 1252 660 γὰρ
1296 601 1423 646 αὐτὸν
1458 598 1624 659 γλώττῃ
1656 602 1732 657 μὲν

255 671 464 729 ὁμολογεῖν
497 671 610 731 αὐτῷ
651 673 792 730 φιλίαν
827 671 896 715 διὰ
928 671 1002 715 τὸν
1045 672 1248 715 ἐνεστῶτα
1290 669 1427 729 φόβον
1455 675 1540 715 τῶν
1573 670 1731 715 ὅπλων·

253 742 327 799 τὴν
349 743 393 785 δὲ
411 739 575 799 γνώμην
609 739 709 785 εἶναι
733 741 938 799 μετέωρον
972 742 1041 784 καὶ
1079 743 1394 800 καραδοκοῦντα
1417 745 1535 800 σαφῆ
1565 742 1633 784 καὶ
1656 740 1735 784 αὖ-

252 813 477 856 τοὸίὸακτα
502 815 576 868 τῆς
602 809 738 868 μάχης
766 810 952 867 ὄψεσθαι
985 811 1038 855 τὰ
1067 811 1177 868 τέλη.
1226 809 1327 855 ὅθεν
1355 809 1492 869 λόγοις
1510 812 1578 854 καὶ
1607 810 1735 863 αὐτὸς

249 879 511 939 χρησάμενος
530 881 634 939 πρὸς
654 880 781 925 αὐτὸν
802 882 944 940 φιλίαν
960 881 1125 939 μακρὰν
1145 881 1517 939 ἐπαγγελλομένοις,
1541 881 1606 924 ἐπὶ
1627 885 1733 925 πολ-
1747 885 1793 921 10

253 955 344 1002 λαῒς
371 969 415 994 τε
445 949 739 1006 δεξιωσάμενος
765 958 855 1002 ταῖς
883 949 1077 1009 ἡμέραις,
1124 949 1211 995 εἶτα
1243 951 1419 995 ἀπέλυσε
1443 948 1648 1009 χαίροντά
1690 968 1735 995 τε

254 1022 323 1064 καὶ
347 1022 508 1078 γείτονα
531 1020 715 1079 χρηστὸν
735 1025 808 1064 τοῦ
836 1025 982 1064 λοιποῦ
1005 1023 1073 1065 καὶ
1105 1021 1232 1065 αὐτὸν
1254 1019 1601 1080 ἐπαγγελλόμενον
1619 1019 1733 1066 εἶναι.

216 1089 349 1150 1)(Γ.)
395 1090 539 1141 Αὖτός
571 1091 615 1134 δὲ
660 1091 807 1149 μικρὸν
845 1091 999 1135 ἐκεῖθεν
1041 1091 1205 1149 προβὰς
1257 1089 1336 1135 εἷλε
1369 1091 1477 1136 καθ’
1513 1088 1735 1149 ὅμολογίαν

255 1157 455 1219 φρούριον
484 1158 686 1204 Ῥεντίναν
722 1159 985 1216 καλούμενον.
1035 1161 1128 1205 δέον
1164 1161 1208 1204 δ’
1241 1161 1387 1219 ὀλίγων
1428 1161 1544 1212 ἐντὸς
1569 1159 1738 1221 ἡμερῶν

128 1234 247 1272 Ρ.393
258 1228 434 1274 ἀπιόντα
462 1232 903 1288 περιστρατοπεδεῦσαι
941 1230 995 1274 τὰ
1034 1236 1111 1289 τῆς
1145 1233 1453 1289 Θεσσαλονίκης
1479 1233 1618 1289 τείχη,
1666 1233 1734 1276 καὶ
1748 1236 1794 1273 15

256 1304 547 1358 περικροτῆσαι
564 1305 623 1361 τῷ
643 1299 794 1357 πλήθει
812 1305 896 1344 τῶν
916 1299 1052 1345 ὅπλων
1071 1304 1139 1345 καὶ
1156 1306 1208 1361 τῇ
1231 1300 1350 1361 ῥώμῃ
1367 1306 1450 1346 τῶν
1470 1301 1647 1360 ἀνδρῶν,
1669 1303 1739 1345 καὶ

256 1370 480 1429 ἐπιρρῶσαι
512 1371 587 1426 μὲν
620 1370 693 1414 τὸν
719 1368 875 1427 ταύτης
897 1370 1215 1430 ἐπιτροπεύοντα
1237 1369 1340 1424 τέως
1360 1372 1605 1429 Συναὸηνὸν
1615 1406 1630 1427 ,
1669 1373 1739 1415 καὶ

256 1438 349 1483 ὅσοι
374 1437 510 1500 τούτῳ
534 1439 667 1483 ταῦτὰ
700 1439 996 1495 σπουδάζοντες
1024 1437 1132 1499 ’ἦσαν
1154 1440 1257 1501 ὑπὲρ
1287 1442 1440 1497 αὐτοῦ,
1478 1445 1740 1499 καταπλῆξαι

254 1509 300 1552 δ’
321 1510 366 1552 ἐκ
382 1514 458 1552 τοῦ
483 1511 688 1568 αἰφνιδίου
713 1511 811 1561 τοὺς
833 1511 1032 1556 τάναντία
1051 1512 1148 1556 κατ’
1171 1512 1302 1556 αῧτοῦ
1323 1517 1605 1572 φρονοῦντας·
1644 1510 1666 1557 ὅ
1689 1514 1715 1556 ὃ
1722 1511 1737 1528 ²

250 1576 410 1637 ἡμέραν
431 1579 474 1631 ἐξ
501 1577 658 1637 ἡμέρας
686 1580 1050 1640 παρακρουόμενος
1085 1583 1218 1641 ἔτριβε
1258 1582 1331 1627 τὸν
1358 1581 1513 1642 χρόνον
1548 1585 1736 1627 ἐνταῦθα
1749 1587 1794 1624 20

252 1646 512 1704 καθήμενος,
562 1649 611 1693 οὗ
653 1652 970 1708 στρατιωτικὸν,
1017 1653 1116 1696 ἀλλ’
1159 1653 1266 1697 ἴδιον
1302 1651 1460 1712 τρόπον
1497 1652 1629 1697 αὐτοῦ
1670 1655 1739 1696 καὶ

216 1715 418 1775 Βσυνήθη
444 1718 824 1766 κᾶνταῧθατελῶν.
860 1723 968 1779 μηδὲ
991 1722 1070 1781 γὰρ
1096 1723 1254 1767 ἐθέλων
1276 1721 1383 1775 ὅλως
1402 1720 1617 1782 ὁμόφυλον
1634 1720 1740 1779 αἷμα

121 1797 243 1837 v.319
250 1785 445 1844 χεόμενον
464 1795 551 1840 τοῖς
582 1791 741 1842 οἰκείοις
769 1789 1016 1836 θεάσασθαι
1047 1793 1288 1852 ὀφθαλμοῖς
1323 1793 1579 1849 ἀναίμακτον
1613 1791 1742 1850 ἐζήτει

255 1861 404 1915 στῆσαι
424 1856 635 1917 τρόπαιον.
674 1861 737 1905 διὸ
757 1863 824 1905 καὶ
845 1863 1068 1922 περιμένων
1080 1861 1268 1920 ἐκάθητο
1289 1863 1467 1921 τὴντῶν
1484 1866 1740 1910 Θεσσαλονι-

257 2014 388 2050 Brutus
408 2014 487 2059 olim
503 2018 539 2051 et
559 2016 700 2054 Cassius
719 2031 796 2056 cum
813 2019 964 2057 octavio
981 2020 1134 2058 Caesare
1160 2021 1325 2070 praelium
1344 2025 1606 2059 conseruerunt.
1654 2022 1741 2069 (Π.)

257 2061 334 2116 illic
353 2062 542 2118 exercitum
564 2071 657 2100 suum
678 2066 846 2103 reficienti
871 2068 1016 2104 Chreles
1039 2071 1192 2105 occurrit
1231 2070 1449 2126 spondetque
1475 2082 1534 2114 se,
1571 2069 1741 2118 quidquid

257 2113 326 2143 iste
353 2114 514 2165 ¹⁰⁵⁸‘3ffi2
536 2110 693 2148 lubenter
710 2119 989 2161 exsequuturum.
1035 2117 1082 2151 At
1102 2116 1160 2152 hic
1176 2117 1318 2153 amicum
1349 2117 1489 2165 quidem
1507 2118 1638 2152 habere
1663 2129 1741 2152 eum

258 2155 349 2189 velle
366 2167 404 2190 se
419 2157 607 2201 significat,
631 2171 697 2194 non
713 2165 828 2197 tamen
848 2163 923 2198 eius
943 2162 1072 2199 auxilio
1090 2163 1159 2199 sibi
1176 2164 1211 2199 in
1231 2165 1431 2211 praesentia
1447 2176 1533 2211 opus
1557 2176 1635 2200 esse
1654 2164 1742 2199 ulla·

258 2206 371 2256 tenus.
416 2202 636 2257 Intelligebat
662 2206 768 2250 enim,
798 2221 876 2244 eum
898 2209 1019 2256 lingua
1045 2211 1185 2259 quidem
1214 2212 1398 2247 amicitiam
1428 2211 1587 2258 profiteri
1619 2211 1663 2246 ob
1684 2210 1741 2246 in-

259 2251 383 2283 stantis
406 2249 487 2283 belh
513 2256 656 2295 metum3
689 2253 789 2288 animi
802 2260 915 2291 autem
932 2257 1070 2293 dubium
1091 2259 1265 2305 pendere3
1290 2263 1545 2306 exspectantem
1563 2258 1741 2301 videlicet,

255 2295 371 2341 quoad
395 2300 524 2331 certum
551 2298 829 2347 exploratumque
853 2314 991 2348 pugnae
1015 2303 1144 2340 exitum
1167 2305 1372 2342 intueretur.
1427 2306 1604 2351 Quocirca
1623 2305 1742 2341 verbis

256 2342 450 2396 apudfium
468 2354 549 2397 usus
574 2349 610 2379 et
636 2344 713 2391 ipse
735 2359 889 2394 magnam
916 2352 1158 2396 profitentibus
1180 2353 1387 2396 amicitiam,
1417 2364 1495 2388 cum
1516 2364 1592 2388 eum
1615 2353 1741 2387 multos

256 2399 320 2443 ⁸per
337 2388 412 2423 <hes
430 2394 573 2444 comiter
592 2396 627 2445 et
639 2392 787 2439 benigue
804 2397 1036 2440 tractavisset,
1060 2399 1191 2434 dimisit
1208 2404 1330 2446 postea
1346 2400 1573 2447 gaudentem,
1598 2411 1638 2435 ac
1659 2399 1741 2434 boni

254 2446 291 2469 m
311 2437 487 2491 posterum
507 2448 613 2471 wcinl
639 2439 752 2474 officio
776 2441 971 2478 functurum
1003 2456 1080 2480 sese
1108 2446 1338 2492 pollicentem.
1395 2446 1496 2491 (ΙΠ.)
1520 2447 1604 2493 Ipse
1628 2451 1741 2480 autem
1781 2474 1787 2477 .

254 2493 324 2535 uon
343 2481 447 2529 longe
463 2482 548 2538 .¹¹¹.d⁹‘
573 2496 778 2530 progressus
810 2490 1005 2533 castellum,
1031 2492 1087 2526 cui
1104 2493 1279 2528 Rhentina
1306 2505 1429 2530 nomen
1460 2496 1535 2536 est,
1577 2493 1615 2528 in
1641 2493 1742 2528 dedi-

253 2531 382 2562 tionem
400 2533 539 2584 acc1p1t.
587 2530 689 2567 Unde
709 2545 783 2568 cum
805 2533 947 2571 deberet
967 2538 1166 2582 discedere,
1192 2544 1297 2587 atque
1314 2540 1407 2575 intra
1427 2539 1652 2587 paucissimos
1665 2540 1741 2575 dies

254 2573 527 2630 Thessalonicae
548 2578 681 2614 moenia
711 2580 870 2616 obsidere
895 2586 931 2617 et
953 2587 1023 2619 tam
1052 2596 1222 2621 armorum
1247 2586 1350 2632 copia
1373 2598 1474 2633 quam
1495 2587 1665 2622 hominum
1684 2598 1742 2622 ro-

253 2620 341 2655 bore
357 2622 619 2679 clrcumvallare
627 2636 706 2680 ;·ac
716 2627 933 2673 Synadenum
952 2631 1088 2676 quidem
1105 2633 1199 2668 illius
1216 2633 1311 2668 urbis
1320 2637 1404 2669 tunc
1420 2634 1645 2680 praefectum,
1664 2646 1741 2668 eos-

255 2678 330 2722 que·
346 2679 403 2713 qui
423 2679 498 2723 cum
516 2669 574 2704 1110
593 2672 660 2706 s1b1
676 2672 854 2717 faverent,
879 2676 1102 2722 confirmare3
1126 2692 1186 2715 eos
1207 2692 1312 2723 vero,
1361 2679 1397 2714 ui
1417 2685 1540 2716 contra
1559 2681 1740 2724 sentirent,

253 2724 302 2768 ,εξ
320 2725 503 2760 improviso
525 2718 734 2771 percellere:
765 2719 841 2766 ipse
859 2722 1077 2760 nihilominus
1103 2727 1340 2772 procrastinan
1366 2739 1386 2762 o
1416 2727 1572 2774 quotidie
1606 2732 1742 2774 tempus

252 2759 304 2793 1b1
313 2762 462 2814 ‘terebat
487 2765 618 2799 otmsus
630 2790 641 2807 ‚
673 2777 740 2801 non
760 2767 962 2812 militarem,
985 2771 1046 2806 sed
1066 2784 1163 2807 suum
1181 2778 1253 2809 tum
1276 2785 1413 2821 quoque
1432 2774 1597 2810 usitatum
1616 2786 1743 2810 morem

256 2809 421 2842 retinens.
446 2855 455 2863 ·
470 2808 556 2844 Cum
575 2812 665 2846 enim
681 2812 814 2848 omnino
842 2815 948 2850 nollet
972 2817 1098 2854 civium
1123 2820 1324 2866 sanguinem
1348 2820 1491 2856 effusum
1512 2822 1666 2869 propriis
1690 2820 1745 2856 vi-

258 2852 343 2893 dere
366 2854 497 2898 ocuhs,
531 2860 714 2904 tropaeum
751 2861 966 2898 constituere
991 2864 1206 2903 incruentum
1245 2867 1499 2904 meditabatur:
1531 2869 1745 2915 sedebatque
