1794 3172
335 115 662 201 HISTORJAE'
682 153 1062 201 BYZANTINAE
1087 151 1224 197 XXII.
1243 155 1283 202 4.
1400 147 1530 197 1061

55 263 223 323 ζόμενος
235 279 247 291 ·
284 269 377 325 φῶς
393 265 470 322 μὲν
479 298 494 320 ,
526 262 627 309 ὅταν
646 264 866 323 ἔξαφανίζῃ
882 268 959 321 τῆς
978 263 1144 322 ἀγνοίας
1164 263 1238 308 τὸν
1258 260 1384 322 ζόφον
1398 278 1408 288 ·
1446 264 1527 322 ζωὴ
1553 269 1592 303 A.
1609 268 1748 306 e.1351

54 339 82 380 δ
89 337 119 389 ',
142 335 242 380 ὅταν
260 335 501 379 ἀθανασίαν
514 335 744 392 χαρίζηται.
782 334 834 377 σὺ
866 336 892 377 δ
898 334 910 351 ’
942 333 1046 378 οὗθ’
1070 333 1123 390 ἣν
1148 331 1345 392 παράγεις
1363 332 1463 391 ἡμῖν
1484 318 1754 399 ἐκωᾷἐὲῗέὼ

54 410 139 449 τῶν
168 405 427 463 φαινομένων
447 402 654 455 ἀπόδειξιν
672 407 852 463 συνορᾷν
871 403 993 460 ἔχεις,
1031 402 1132 447 οὔθ’
1165 402 1192 446 ἃ
1213 401 1352 458 βούλει
1379 405 1569 463 γνωρί-Ο

57 477 135 528 ζειν
155 473 252 530 ἡμῖν
273 473 376 532 ὑπὲρ
400 474 599 529 αἴσθησιν
618 471 747 524 οἶδας.
785 472 891 516 ἀλλὰ
912 475 980 517 καὶ
1006 477 1140 516 ταῦτα
1159 473 1323 529 βλέπων
1352 472 1531 531 ἀγνοεῖς·

26 543 237 597 ὄκάκεΐνα,
267 543 326 600 μὴ
345 543 522 597 βλέπων,
555 542 630 586 οὐκ
658 541 710 586 ἄν
728 559 828 586 ποτε
858 544 1017 599 γνοίης·
1053 547 1143 593 πῶς
1161 543 1255 600 γὰρ,
1286 541 1346 586 δι’
1369 542 1535 600 ἀγνοίας

55 613 223 670 ἄγνοιαν
243 614 312 656 καὶ
329 612 387 656 δι’
410 610 573 667 ἀπάτης
587 609 749 667 ἀπάτην
773 610 1084 666 κατασκευάζειν
1105 611 1379 669 πειρώμενος,·
1401 610 1536 669 ἡδέως

55 684 81 726 δ
88 682 100 698 ’
124 682 176 726 ἄν
193 699 238 726 σε
255 682 424 740 ἐροίμην
434 715 448 735 ,
485 686 573 731 πῶς
590 685 673 724 τῶν
695 679 820 738 ἁγίων
842 680 1070 740 διαρρήδην
1090 686 1225 725 ταῦτα
1243 680 1444 739 λεγόντων
1465 683 1535 727 καὶ

54 749 334 796 διδασκόντων
359 751 428 794 διὰ
454 751 611 801 παντὸς
627 750 676 794 οὗ
701 755 881 805 συνῆκας
902 749 1054 807 αὖτός;
1078 753 1195 795 δυοῖν
1219 751 1297 810 γὰρ
1321 751 1455 795 ἓ’ποιτ’
1479 752 1571 802 ἃνι)

54 819 238 879 θάτερον
253 835 264 845 ·
299 819 327 877 ’ἢ
345 820 423 878 γὰρ
442 820 517 864 οὐκ
535 820 734 877 ἀναγνοὺς
751 818 857 871 ὅλως
882 820 964 864 ἀπὸ
988 821 1144 871 κοιλίας
1165 829 1312 879 φωνεῖς
1338 820 1534 880 τήμερον,

1 895 46 931 10
57 893 125 933 καὶ
154 889 210 942 ὥς
233 892 451 943 παίζοντος
468 894 544 933 σοῦ
574 895 936 948 καταφρονοῦμεν·
972 888 1000 946 ἢ
1039 890 1183 935 λοιπὸν
1213 889 1430 948 ἀναγνόντι
1469 908 1537 936 σοι

56 962 173 1003 δυοῖν
194 955 320 1010 αὖθις
339 960 476 1003 ἕπεται
496 957 701 1017 θάτερον·
736 958 763 1015 ἢ
785 959 863 1017 γὰρ
888 959 963 1003 οὐκ
990 959 1136 1016 ἔγνως,
1175 958 1198 1004 ὃ
1221 964 1306 1004 τῶν
1326 960 1535 1005 ἀσυνέτων

56 1030 142 1073 ε’στὶ
170 1027 414 1087 τεκμήριον·
451 1027 478 1085 ἢ
511 1029 632 1085 γνοὺς
665 1027 767 1072 {xciv
797 1033 1083 1087 βλασφημεῖς,
1118 1033 1178 1089 τῷ
1204 1033 1265 1089 σῷ
1296 1028 1533 1090 διδασκάλῳ

54 1097 302 1153 πειθόμενος
323 1096 623 1157 ἀπραγμόνως,
654 1096 711 1149 ὥς
731 1097 848 1151 ἔοικε,
878 1102 1083 1158 Παλαμιᾶ.
1121 1098 1186 1142 διὸ
1211 1100 1277 1142 καὶ
1296 1104 1437 1143 πᾶσαν
1456 1100 1536 1143 αὖ·

54 1173 114 1227 τῷ
134 1163 405 1226 βλασφημίας
426 1167 585 1212 ἔννοιαν
615 1167 862 1226 ἐπιρῥίπτων
895 1167 969 1211 τὸν
995 1167 1271 1223 Ἐνδυμίωνος
1301 1168 1431 1213 ’ὕπνον
1457 1167 1535 1213 κά-

0 1243 44 1281 15
56 1235 219 1288 θεύδεις
239 1236 384 1292 αὐτὸς,
423 1237 681 1296 κουφοτέραν
709 1255 775 1281 σοι
801 1237 870 1281 διὰ
899 1242 1023 1282 τοῦτο
1055 1238 1130 1295 τὴν
1164 1240 1302 1295 δίκην,
1340 1240 1570 1285 {naisum

52 1307 129 1362 μὲν
159 1311 235 1363 τῆς
261 1311 345 1350 τῶν
374 1305 612 1364 ἀνθρώπων
641 1305 840 1364 αἰσχύνης
868 1312 1078 1351 ποιεῖσθαι
1109 1310 1307 1363 νομίζων,
1345 1309 1388 1360 ἐς
1416 1309 1460 1352 δὲ
1483 1309 1531 1353 τὸ

51 1376 203 1432 με’λλον
238 1381 312 1433 τῆς
343 1374 562 1420 ἀθανάτου
584 1374 811 1428 κολάσεως·
848 1375 983 1435 ὥσπερ
1012 1376 1063 1420 ἂν
1092 1379 1127 1420 εἰ
1157 1382 1232 1434 τῆς
1260 1378 1414 1422 ἐκείνου
1451 1382 1532 1422 θε-

52 1443 212 1501 λήσεως
231 1447 485 1504 ἐξηρτῆσθαι
503 1446 557 1489 τὰ
579 1444 804 1504 πράγματα
834 1447 1067 1504 πέπρωται,
1101 1449 1168 1490 καὶ
1190 1447 1236 1490 τὸ
1262 1447 1396 1502 με’νειν
1415 1445 1531 1491 ἀθά-

53 1533 181 1559 νατον
214 1514 424 1559 δύνασθαι
450 1518 556 1577 δρᾷν
582 1516 630 1559 τὸ
661 1514 786 1559 κακόν
803 1530 813 1540 ·
849 1516 908 1572 μὴ
936 1517 1111 1570 συνιεὶς,
1152 1514 1210 1567 ὥς
1241 1516 1345 1578 ῥᾷον
1373 1516 1533 1560 ἀναλα-

0 1589 143 1640 2οβεῖν
171 1584 246 1641 τὴν
275 1584 482 1638 εὐσέβειαν
516 1583 620 1642 ἅπερ
653 1585 866 1641 ἠδίκηται,
904 1584 931 1640 ἢ
963 1585 1039 1641 τὴν
1075 1584 1264 1640 ἀσέβειαν
1293 1584 1396 1641 ἴχειν
1423 1585 1530 1644 ἅπερ

53 1653 236 1710 ἠδίκησε.
282 1654 335 1697 σὺ
363 1655 439 1709 μὲν
465 1649 538 1698 οὖν
558 1653 634 1698 οὐκ
654 1652 735 1697 οἶδ’
762 1653 784 1697 ὃ
805 1656 953 1712 κρίνεις
980 1654 1142 1710 βέλτιον
1168 1659 1308 1714 σαυτῷ
1338 1657 1406 1698 καὶ
1431 1673 1530 1699 κου-

54 1721 231 1781 φότερον
251 1724 308 1774 εἰς
325 1725 497 1779 κακίαν,
536 1723 614 1767 εἴτε
633 1723 710 1780 τὴν
732 1722 927 1768 ἀκούσιον
951 1723 1119 1782 ἄγνοιαν
1139 1729 1223 1769 τῶν
1252 1728 1414 1779 κακῶν,
1450 1724 1567 1769 εἶ’τεΒ

145 1811 181 1847 5.
207 1806 360 1857 ἀγνοίας
382 1810 463 1847 add.
486 1810 597 1858 Capp.

55 1879 182 1914 nebras
202 1879 366 1926 depellit,
390 1880 449 1916 lux
474 1881 611 1927 quidem
638 1881 853 1928 appenatur3
874 1881 951 1918 vita
975 1884 1111 1925 autem,
1141 1893 1218 1917 cum
1242 1881 1530 1918 immortalitatem

52 1925 210 1971 largitur.
258 1927 325 1968 Τιι,ι
333 1939 417 1962 vero
443 1939 555 1975 neque
574 1928 769 1974 intelligere
789 1934 911 1975 potes,
934 1941 1033 1975 quam
1052 1941 1094 1964 ex
1119 1929 1410 1976 adspectabilibus
1430 1941 1531 1964 crea-

53 1974 144 2006 turis
171 1973 491 2009 demonstrationem
517 1976 680 2018 adducis3
703 1987 816 2022 neque
842 1976 934 2010 nosti
953 1988 994 2011 ea
1021 1988 1098 2010 esse
1118 1987 1221 2023 supra
1240 1987 1370 2011 omnem
1393 1987 1529 2011 sensum

52 2019 188 2064 posita,
213 2031 356 2065 quorum
373 2021 472 2056 nobis
494 2021 548 2056 vis
570 2022 739 2068 praebere
755 2022 924 2057 notitiam.
980 2023 1161 2065 Quinimo,
1186 2034 1259 2057 cum
1281 2024 1369 2058 baec
1386 2023 1529 2058 sensilia

52 2065 175 2099 videns
198 2065 358 2110 ignores,
380 2067 591 2103 insensibilia
607 2068 689 2112 illa,
714 2080 802 2115 quae
824 2081 892 2104 non
910 2069 1032 2112 vides,
1057 2070 1160 2104 multo
1186 2069 1295 2104 minus
1316 2069 1446 2115 poteris
1465 2081 1528 2104 co-

54 2123 234 2157 gnoscere.
281 2113 353 2154 Qui
373 2114 461 2148 enim
478 2114 555 2149 fieri
574 2115 664 2149 istud
690 2121 828 2161 posset,
852 2116 1127 2162 quandoquidem
1144 2127 1207 2162 per
1229 2116 1457 2162 ignorantiam
1475 2115 1527 2150 si-

53 2159 123 2192 mul
147 2162 183 2192 et
208 2159 365 2194 fraudem
392 2160 554 2207 decipere
579 2172 640 2195 nos
667 2162 831 2196 conaris?
860 2164 931 2197 Iam
960 2174 1043 2198 vero
1061 2162 1181 2198 lubens
1199 2175 1243 2197 ex
1261 2167 1296 2198 te
1312 2174 1525 2209 quaererem,

53 2216 116 2239 cur
132 2204 198 2240 ista
216 2217 283 2240 non
298 2205 528 2252 intellexeris,
553 2219 643 2253 quae
657 2209 769 2242 sancti
780 2209 903 2243 Patres
919 2209 1049 2244 diserte
1072 2210 1243 2244 affirmant
1258 2213 1295 2245 et
1313 2209 1443 2255 ubique
1460 2209 1525 2243 do-

56 2251 164 2286 cent?
197 2252 246 2286 Et
263 2264 347 2287 vero
375 2265 418 2288 ex
447 2253 580 2289 duobus
605 2255 748 2288 alterum
769 2255 964 2290 necessario
991 2257 1224 2302 consequitur.
1270 2255 1335 2291 Vel
1357 2256 1447 2291 enim
1467 2255 1525 2289 lo-

38 2297 173 2343 *queris
192 2298 293 2333 hodie
309 2300 418 2334 verba
435 2312 455 2334 e
472 2305 596 2335 ventre
616 2301 841 2347 deprompta,
865 2314 906 2336 ac
925 2314 967 2337 ea
984 2314 1072 2348 quae
1095 2315 1162 2338 non
1181 2302 1319 2348 legisti3
1344 2308 1380 2338 et
1394 2301 1444 2336 ita
1462 2313 1526 2335 ve-

54 2344 107 2378 lut
124 2344 305 2390 pueriliter
327 2346 498 2382 ludentem
515 2352 553 2382 te
580 2347 829 2393 despiciemus=
859 2349 916 2383 vel
937 2349 1106 2395 denique,
1139 2349 1168 2384 si
1191 2349 1341 2395 legeris,
1366 2359 1409 2383 ex
1437 2347 1525 2381 duo-

54 2390 120 2424 bus
137 2402 271 2425 rursum
292 2393 490 2428 alterutrum
506 2398 682 2440 sequetur.
732 2394 796 2428 Vel
815 2394 901 2429 enim
920 2406 941 2430 a
956 2401 993 2430 te
1009 2396 1100 2431 lecta
1119 2407 1188 2431 non
1203 2395 1416 2435 intellexisti,
1429 2392 1524 2439 quod

53 2438 292 2482 perspicaciae
315 2438 487 2474 defectum
509 2440 642 2486 arguit:
674 2440 731 2475 vel
754 2440 953 2476 intellexisti
982 2442 1139 2488 quidem,
1163 2446 1200 2477 at
1219 2447 1343 2488 sponte
1366 2439 1526 2486 blaspbe-

54 2494 138 2517 mas.
187 2483 265 2518 Tuo
287 2495 408 2531 nempe
434 2487 568 2521 doctori
594 2486 755 2521 Palamae
778 2487 938 2523 assentiri
963 2494 999 2524 et
1026 2489 1261 2524 obsecundare
1285 2486 1435 2528 videris,
1459 2496 1524 2519 nec

54 2529 126 2563 ulla
147 2534 185 2564 te
203 2541 261 2564 res
286 2531 391 2567 babet
415 2533 615 2568 sollicitum:
639 2533 719 2568 ideo
743 2533 882 2578 repellis
903 2546 924 2569 a
942 2539 980 2570 te
1005 2547 1136 2571 omnem
1151 2533 1339 2582 impietatis
1356 2531 1525 2578 suspicio-

53 2586 151 2618 nem,
176 2587 317 2622 eamque
333 2578 370 2612 in
387 2579 559 2614 Palamam
576 2579 755 2622 refundis,
778 2584 814 2614 et
828 2581 880 2615 ita
899 2580 1122 2628 Endymionis
1138 2592 1288 2616 somnum
1306 2578 1444 2620 dormis,
1465 2589 1526 2612 ra-

53 2626 112 2656 tus
133 2633 206 2656 eam
226 2623 270 2657 ob
293 2634 429 2660 causam
449 2625 571 2660 minori
589 2630 626 2661 te
646 2626 736 2673 apud
751 2626 903 2662 homines
919 2627 1076 2671 infamia,
1101 2628 1260 2675 quamdiu
1278 2625 1395 2667 vives,
1423 2629 1524 2679 nota-2

40 2672 127 2702 tum
141 2668 198 2710 iri,
218 2673 254 2704 et
273 2668 307 2703 in
320 2670 469 2706 futurum
488 2673 640 2707 mitiores
656 2672 788 2707 aeterni
807 2673 966 2720 supplicii
982 2686 1112 2721 poenas
1129 2686 1206 2710 esse
1222 2674 1399 2707 daturum:
1424 2681 1525 2716 quasi

55 2725 140 2749 vero
166 2716 210 2750 ab
234 2715 325 2749 illius
342 2717 486 2752 arbitrio
506 2724 649 2754 cunctae
664 2731 720 2753 res
736 2718 835 2753 fatali
853 2720 1001 2766 quadam
1026 2721 1234 2756 necessitate
1252 2717 1464 2764 penderent,
1487 2719 1526 2751 et

56 2760 260 2806 improbitas
284 2761 570 2799 immortalitatem
589 2765 777 2800 hominibus
794 2777 995 2812 comparare
1013 2771 1142 2813 posset.
1199 2766 1291 2799 Sane
1315 2762 1437 2809 (quod
1457 2773 1525 2797 non

40 2807 319 2853 animadvertis)
329 2809 440 2854 pietas
458 2811 594 2846 facilius
611 2823 654 2846 ea
673 2811 795 2857 quibus
812 2811 929 2859 inique
973 2814 1089 2849 rivata
1100 2817 1156 2848 est
1170 2809 1402 2857 recuperabit,
1421 2818 1525 2855 quam

57 2864 140 2889 suae
155 2853 349 2901 iniquitatis
365 2855 533 2893 fructibus
550 2857 710 2906 impietas
726 2858 892 2906 potiatur.
971 2871 1016 2907 go
1035 2871 1117 2895 vero
1133 2858 1248 2894 nescio
1265 2855 1350 2904 quid
1367 2855 1434 2892 tibi
1451 2866 1526 2891 ma·
