<?xml version="1.0" encoding="UTF-8"?>
<!DOCTYPE html PUBLIC "-//W3C//DTD XHTML 1.0 Transitional//EN"
    "http://www.w3.org/TR/xhtml1/DTD/xhtml1-transitional.dtd">
<html xmlns="http://www.w3.org/1999/xhtml" xml:lang="en" lang="en">
 <head>
  <title>
</title>
<meta http-equiv="Content-Type" content="text/html;charset=utf-8" />
  <meta name='ocr-system' content='tesseract 3.04.00' />
  <meta name='ocr-capabilities' content='ocr_page ocr_carea ocr_par ocr_line ocrx_word'/>
</head>
<body>
  <div class='ocr_page' id='page_1' title='image "./corpusscriptorum39niebuoft_0805.png"; bbox 0 0 1754 3164; ppageno 0'>
   <div class='ocr_carea' id='block_1_1' title="bbox 489 183 1161 224">
    <p class='ocr_par' dir='ltr' id='par_1_1' title="bbox 489 183 1161 224">
     <span class='ocr_line' id='line_1_1' title="bbox 489 183 1161 224; baseline 0.001 -1"><span class='ocrx_word' id='word_1_1' title='bbox 489 184 736 223; x_wconf 86' lang='lat' dir='ltr'><strong>NOMINUM</strong></span> <span class='ocrx_word' id='word_1_2' title='bbox 768 185 835 224; x_wconf 88' lang='lat' dir='ltr'><strong>ET</strong></span> <span class='ocrx_word' id='word_1_3' title='bbox 865 183 1161 224; x_wconf 80' lang='lat' dir='ltr'><strong>VERBORUM.</strong></span> 
     </span>
    </p>
   </div>
   <div class='ocr_carea' id='block_1_2' title="bbox 99 283 810 705">
    <p class='ocr_par' dir='ltr' id='par_1_2' title="bbox 99 283 810 705">
     <span class='ocr_line' id='line_1_2' title="bbox 100 283 806 331; baseline 0.007 -15"><span class='ocrx_word' id='word_1_4' title='bbox 100 283 177 317; x_wconf 74' lang='grc' dir='ltr'><strong>τῶν</strong></span> <span class='ocrx_word' id='word_1_5' title='bbox 199 283 436 330; x_wconf 78' lang='grc' dir='ltr'><strong><em>ζητουμένων</em></strong></span> <span class='ocrx_word' id='word_1_6' title='bbox 467 283 664 331; x_wconf 77' lang='grc' dir='ltr'><strong><em>πρόχειρος</em></strong></span> <span class='ocrx_word' id='word_1_7' title='bbox 696 284 806 322; x_wconf 71' lang='grc' dir='ltr'><strong>εὐπο-</strong></span> 
     </span>
     <span class='ocr_line' id='line_1_3' title="bbox 100 331 806 378; baseline -0.001 -11"><span class='ocrx_word' id='word_1_8' title='bbox 100 331 167 373; x_wconf 78' lang='grc' dir='ltr'><strong>ρία</strong></span> <span class='ocrx_word' id='word_1_9' title='bbox 201 333 292 375; x_wconf 88' lang='grc'>272,</span> <span class='ocrx_word' id='word_1_10' title='bbox 325 334 360 369; x_wconf 90' lang='grc'><strong>3.</strong></span> <span class='ocrx_word' id='word_1_11' title='bbox 394 332 636 368; x_wconf 82' lang='lat' dir='ltr'><strong>Aristotelicae</strong></span> <span class='ocrx_word' id='word_1_12' title='bbox 666 331 806 378; x_wconf 78' lang='lat' dir='ltr'>linguae</span> 
     </span>
     <span class='ocr_line' id='line_1_4' title="bbox 99 376 807 426; baseline 0.008 -17"><span class='ocrx_word' id='word_1_13' title='bbox 99 376 315 422; x_wconf 82' lang='lat' dir='ltr'>labyrinthos</span> <span class='ocrx_word' id='word_1_14' title='bbox 348 379 516 426; x_wconf 80' lang='lat' dir='ltr'><strong>explicuit</strong></span> <span class='ocrx_word' id='word_1_15' title='bbox 550 379 638 423; x_wconf 84' lang='lat'><strong>478,</strong></span> <span class='ocrx_word' id='word_1_16' title='bbox 673 382 728 415; x_wconf 87' lang='lat'><strong>17.</strong></span> <span class='ocrx_word' id='word_1_17' title='bbox 762 378 807 414; x_wconf 88' lang='lat' dir='ltr'><strong>de</strong></span> 
     </span>
     <span class='ocr_line' id='line_1_5' title="bbox 99 422 807 472; baseline 0.004 -16"><span class='ocrx_word' id='word_1_18' title='bbox 99 422 262 459; x_wconf 82' lang='lat' dir='ltr'><strong>Palamae</strong></span> <span class='ocrx_word' id='word_1_19' title='bbox 294 429 330 460; x_wconf 86' lang='lat' dir='ltr'><strong>et</strong></span> <span class='ocrx_word' id='word_1_20' title='bbox 371 426 416 461; x_wconf 89' lang='lat' dir='ltr'><strong>de</strong></span> <span class='ocrx_word' id='word_1_21' title='bbox 448 426 615 472; x_wconf 85' lang='lat' dir='ltr'>Gregorii</span> <span class='ocrx_word' id='word_1_22' title='bbox 649 425 807 461; x_wconf 85' lang='lat' dir='ltr'><strong>Drimeos</strong></span> 
     </span>
     <span class='ocr_line' id='line_1_6' title="bbox 101 470 808 517; baseline 0.007 -14"><span class='ocrx_word' id='word_1_23' title='bbox 101 470 280 506; x_wconf 76' lang='lat' dir='ltr'><strong>erroribus</strong></span> <span class='ocrx_word' id='word_1_24' title='bbox 289 471 374 517; x_wconf 88' lang='lat' dir='ltr'><strong>quid</strong></span> <span class='ocrx_word' id='word_1_25' title='bbox 389 473 539 508; x_wconf 79' lang='lat' dir='ltr'><strong>senserit</strong></span> <span class='ocrx_word' id='word_1_26' title='bbox 551 475 633 516; x_wconf 87' lang='lat'><strong>919,</strong></span> <span class='ocrx_word' id='word_1_27' title='bbox 652 474 686 509; x_wconf 88' lang='lat'><strong>3.</strong></span> <span class='ocrx_word' id='word_1_28' title='bbox 710 473 808 507; x_wconf 84' lang='lat' dir='ltr'><strong>Cho-</strong></span> 
     </span>
     <span class='ocr_line' id='line_1_7' title="bbox 100 517 808 561; baseline 0.007 -12"><span class='ocrx_word' id='word_1_29' title='bbox 100 526 163 550; x_wconf 90' lang='lat' dir='ltr'><strong>rae</strong></span> <span class='ocrx_word' id='word_1_30' title='bbox 191 519 433 553; x_wconf 87' lang='lat' dir='ltr'><strong>monasterium</strong></span> <span class='ocrx_word' id='word_1_31' title='bbox 464 519 672 554; x_wconf 80' lang='lat' dir='ltr'>instauravit</span> <span class='ocrx_word' id='word_1_32' title='bbox 702 517 808 561; x_wconf 83' lang='lat'><strong>1045,</strong></span> 
     </span>
     <span class='ocr_line' id='line_1_8' title="bbox 101 563 810 612; baseline 0.003 -15"><span class='ocrx_word' id='word_1_33' title='bbox 101 563 161 598; x_wconf 89' lang='lat'><strong>22.</strong></span> <span class='ocrx_word' id='word_1_34' title='bbox 184 565 404 600; x_wconf 77' lang='lat' dir='ltr'><strong>versificator</strong></span> <span class='ocrx_word' id='word_1_35' title='bbox 427 565 594 612; x_wconf 87' lang='lat' dir='ltr'><strong>pessimus</strong></span> <span class='ocrx_word' id='word_1_36' title='bbox 620 564 722 609; x_wconf 85' lang='grc'>1245,</span> <span class='ocrx_word' id='word_1_37' title='bbox 750 566 810 600; x_wconf 86' lang='grc'><strong>21.</strong></span> 
     </span>
     <span class='ocr_line' id='line_1_9' title="bbox 102 609 809 658; baseline 0.011 -16"><span class='ocrx_word' id='word_1_38' title='bbox 102 609 176 643; x_wconf 85' lang='lat' dir='ltr'><strong>eius</strong></span> <span class='ocrx_word' id='word_1_39' title='bbox 185 621 306 645; x_wconf 84' lang='lat' dir='ltr'><strong>versus</strong></span> <span class='ocrx_word' id='word_1_40' title='bbox 320 614 422 655; x_wconf 85' lang='lat'><strong>1179,</strong></span> <span class='ocrx_word' id='word_1_41' title='bbox 438 614 496 648; x_wconf 85' lang='lat'><strong>29.</strong></span> <span class='ocrx_word' id='word_1_42' title='bbox 513 614 615 655; x_wconf 88' lang='lat'><strong>1226,</strong></span> <span class='ocrx_word' id='word_1_43' title='bbox 642 613 697 648; x_wconf 87' lang='lat'><strong>15.</strong></span> <span class='ocrx_word' id='word_1_44' title='bbox 721 611 809 658; x_wconf 75' lang='lat' dir='ltr'><strong>Epi-</strong></span> 
     </span>
     <span class='ocr_line' id='line_1_10' title="bbox 101 656 809 705; baseline 0.006 -16"><span class='ocrx_word' id='word_1_45' title='bbox 101 656 275 702; x_wconf 82' lang='lat' dir='ltr'><strong>taphium,</strong></span> <span class='ocrx_word' id='word_1_46' title='bbox 297 664 439 694; x_wconf 89' lang='lat' dir='ltr'><strong>auctore</strong></span> <span class='ocrx_word' id='word_1_47' title='bbox 459 661 622 705; x_wconf 81' lang='lat' dir='ltr'><strong>Gregora</strong></span> <span class='ocrx_word' id='word_1_48' title='bbox 642 660 732 695; x_wconf 83' lang='grc'>1245</span> <span class='ocrx_word' id='word_1_49' title='bbox 745 685 754 700; x_wconf 90' lang='grc'><strong>,</strong></span> <span class='ocrx_word' id='word_1_50' title='bbox 773 659 809 694; x_wconf 91' lang='grc'><strong>7.</strong></span> 
     </span>
    </p>
   </div>
   <div class='ocr_carea' id='block_1_3' title="bbox 1 701 808 748">
    <p class='ocr_par' dir='ltr' id='par_1_3' title="bbox 1 701 808 748">
     <span class='ocr_line' id='line_1_11' title="bbox 1 701 808 748; baseline 0.005 -13"><span class='ocrx_word' id='word_1_51' title='bbox 1 743 3 746; x_wconf 16' lang='grc' dir='ltr'><em>Α</em></span> <span class='ocrx_word' id='word_1_52' title='bbox 55 701 304 747; x_wconf 83' lang='lat' dir='ltr'><strong>Metrodorus,</strong></span> <span class='ocrx_word' id='word_1_53' title='bbox 329 717 449 740; x_wconf 87' lang='lat' dir='ltr'><strong>nomen</strong></span> <span class='ocrx_word' id='word_1_54' title='bbox 474 706 589 740; x_wconf 73' lang='lat' dir='ltr'><strong>fiet-um</strong></span> <span class='ocrx_word' id='word_1_55' title='bbox 615 708 725 748; x_wconf 87' lang='lat'><strong>1252,</strong></span> <span class='ocrx_word' id='word_1_56' title='bbox 751 703 808 740; x_wconf 84' lang='lat'><strong>41.</strong></span> 
     </span>
    </p>
   </div>
   <div class='ocr_carea' id='block_1_4' title="bbox 56 748 815 1592">
    <p class='ocr_par' dir='ltr' id='par_1_4' title="bbox 56 748 810 890">
     <span class='ocr_line' id='line_1_12' title="bbox 56 748 810 797; baseline 0.004 -15"><span class='ocrx_word' id='word_1_57' title='bbox 56 748 209 784; x_wconf 71' lang='lat' dir='ltr'><strong>&#39;Michael</strong></span> <span class='ocrx_word' id='word_1_58' title='bbox 248 751 548 797; x_wconf 75' lang='lat' dir='ltr'><strong>Archistrategus:</strong></span> <span class='ocrx_word' id='word_1_59' title='bbox 589 753 662 787; x_wconf 88' lang='lat' dir='ltr'><strong>eius</strong></span> <span class='ocrx_word' id='word_1_60' title='bbox 696 757 810 786; x_wconf 86' lang='lat' dir='ltr'><strong>statua</strong></span> 
     </span>
     <span class='ocr_line' id='line_1_13' title="bbox 102 796 808 845; baseline 0.001 -15"><span class='ocrx_word' id='word_1_61' title='bbox 102 796 260 832; x_wconf 81' lang='lat' dir='ltr'><strong>deiecta:</strong></span> <span class='ocrx_word' id='word_1_62' title='bbox 293 799 370 843; x_wconf 85' lang='lat' dir='ltr'><strong>quis</strong></span> <span class='ocrx_word' id='word_1_63' title='bbox 400 799 491 833; x_wconf 88' lang='lat' dir='ltr'><strong>illam</strong></span> <span class='ocrx_word' id='word_1_64' title='bbox 523 798 652 845; x_wconf 85' lang='lat' dir='ltr'><strong>primus</strong></span> <span class='ocrx_word' id='word_1_65' title='bbox 677 798 808 833; x_wconf 81' lang='lat' dir='ltr'><strong>erexit:</strong></span> 
     </span>
     <span class='ocr_line' id='line_1_14' title="bbox 103 843 698 890; baseline 0.008 -14"><span class='ocrx_word' id='word_1_66' title='bbox 103 843 179 888; x_wconf 88' lang='lat' dir='ltr'><strong>quis</strong></span> <span class='ocrx_word' id='word_1_67' title='bbox 202 843 332 890; x_wconf 86' lang='lat' dir='ltr'><strong>lapsam</strong></span> <span class='ocrx_word' id='word_1_68' title='bbox 357 845 512 880; x_wconf 82' lang='lat' dir='ltr'><strong>restituit</strong></span> <span class='ocrx_word' id='word_1_69' title='bbox 535 847 614 887; x_wconf 82' lang='grc'>202,</span> <span class='ocrx_word' id='word_1_70' title='bbox 642 849 698 882; x_wconf 90' lang='grc'><strong>10.</strong></span> 
     </span>
    </p>

    <p class='ocr_par' dir='ltr' id='par_1_5' title="bbox 56 889 815 1592">
     <span class='ocr_line' id='line_1_15' title="bbox 56 889 809 937; baseline 0.003 -14"><span class='ocrx_word' id='word_1_71' title='bbox 56 889 210 924; x_wconf 84' lang='lat' dir='ltr'><strong>Michael</strong></span> <span class='ocrx_word' id='word_1_72' title='bbox 234 890 506 937; x_wconf 74' lang='lat' dir='ltr'>(foedifragus)</span> <span class='ocrx_word' id='word_1_73' title='bbox 532 892 715 927; x_wconf 78' lang='lat' dir='ltr'><strong>Michaelis</strong></span> <span class='ocrx_word' id='word_1_74' title='bbox 738 893 809 926; x_wconf 91' lang='lat' dir='ltr'><strong>An-</strong></span> 
     </span>
     <span class='ocr_line' id='line_1_16' title="bbox 103 936 811 982; baseline 0.003 -12"><span class='ocrx_word' id='word_1_75' title='bbox 103 936 175 982; x_wconf 85' lang='lat' dir='ltr'><strong>geli</strong></span> <span class='ocrx_word' id='word_1_76' title='bbox 214 937 305 972; x_wconf 81' lang='lat' dir='ltr'><strong>filius</strong></span> <span class='ocrx_word' id='word_1_77' title='bbox 337 938 486 982; x_wconf 84' lang='lat' dir='ltr'><strong>nothus,</strong></span> <span class='ocrx_word' id='word_1_78' title='bbox 529 939 737 974; x_wconf 79' lang='lat' dir='ltr'><strong>Thessaliae</strong></span> <span class='ocrx_word' id='word_1_79' title='bbox 775 943 811 972; x_wconf 92' lang='lat' dir='ltr'><strong>et</strong></span> 
     </span>
     <span class='ocr_line' id='line_1_17' title="bbox 103 982 810 1032; baseline 0 -14"><span class='ocrx_word' id='word_1_80' title='bbox 103 982 261 1018; x_wconf 82' lang='lat' dir='ltr'><strong>Aetoliae</strong></span> <span class='ocrx_word' id='word_1_81' title='bbox 284 985 467 1032; x_wconf 88' lang='lat' dir='ltr'><strong>princeps:</strong></span> <span class='ocrx_word' id='word_1_82' title='bbox 492 990 640 1030; x_wconf 84' lang='lat' dir='ltr'><strong>quatuor</strong></span> <span class='ocrx_word' id='word_1_83' title='bbox 664 985 810 1020; x_wconf 85' lang='lat' dir='ltr'><strong>filiorum</strong></span> 
     </span>
     <span class='ocr_line' id='line_1_18' title="bbox 102 1031 812 1077; baseline 0.003 -14"><span class='ocrx_word' id='word_1_84' title='bbox 102 1034 226 1077; x_wconf 84' lang='lat' dir='ltr'><strong>pater:</strong></span> <span class='ocrx_word' id='word_1_85' title='bbox 250 1031 417 1074; x_wconf 84' lang='lat' dir='ltr'><strong>Mariam,</strong></span> <span class='ocrx_word' id='word_1_86' title='bbox 442 1031 582 1066; x_wconf 81' lang='lat' dir='ltr'><strong>Ioannis</strong></span> <span class='ocrx_word' id='word_1_87' title='bbox 606 1032 726 1067; x_wconf 85' lang='lat' dir='ltr'><strong>Ducae</strong></span> <span class='ocrx_word' id='word_1_88' title='bbox 749 1043 812 1065; x_wconf 90' lang='lat' dir='ltr'><strong>ne-</strong></span> 
     </span>
     <span class='ocr_line' id='line_1_19' title="bbox 103 1078 811 1124; baseline 0.003 -14"><span class='ocrx_word' id='word_1_89' title='bbox 103 1081 220 1123; x_wconf 83' lang='lat' dir='ltr'><strong>ptem,</strong></span> <span class='ocrx_word' id='word_1_90' title='bbox 252 1090 410 1124; x_wconf 78' lang='lat' dir='ltr'>sponsam</span> <span class='ocrx_word' id='word_1_91' title='bbox 432 1078 540 1113; x_wconf 84' lang='lat' dir='ltr'><strong>ambit</strong></span> <span class='ocrx_word' id='word_1_92' title='bbox 562 1079 634 1114; x_wconf 89' lang='lat' dir='ltr'><strong>filio</strong></span> <span class='ocrx_word' id='word_1_93' title='bbox 656 1090 717 1113; x_wconf 90' lang='lat' dir='ltr'><strong>suo</strong></span> <span class='ocrx_word' id='word_1_94' title='bbox 742 1078 811 1112; x_wconf 85' lang='lat' dir='ltr'><strong>Ni·</strong></span> 
     </span>
     <span class='ocr_line' id='line_1_20' title="bbox 103 1125 810 1170; baseline -0.001 -11"><span class='ocrx_word' id='word_1_95' title='bbox 103 1125 254 1170; x_wconf 85' lang='lat' dir='ltr'><strong>cephoro</strong></span> <span class='ocrx_word' id='word_1_96' title='bbox 271 1125 330 1167; x_wconf 85' lang='lat'><strong>47,</strong></span> <span class='ocrx_word' id='word_1_97' title='bbox 350 1125 404 1160; x_wconf 85' lang='lat'><strong>14.</strong></span> <span class='ocrx_word' id='word_1_98' title='bbox 429 1136 570 1160; x_wconf 87' lang='lat' dir='ltr'><strong>uxorem</strong></span> <span class='ocrx_word' id='word_1_99' title='bbox 590 1125 725 1167; x_wconf 89' lang='lat' dir='ltr'><strong>habuit,</strong></span> <span class='ocrx_word' id='word_1_100' title='bbox 748 1136 810 1159; x_wconf 91' lang='lat' dir='ltr'><strong>no-</strong></span> 
     </span>
     <span class='ocr_line' id='line_1_21' title="bbox 103 1170 811 1217; baseline 0.001 -13"><span class='ocrx_word' id='word_1_101' title='bbox 103 1170 194 1205; x_wconf 85' lang='lat' dir='ltr'><strong>mine</strong></span> <span class='ocrx_word' id='word_1_102' title='bbox 217 1171 459 1214; x_wconf 82' lang='lat' dir='ltr'>Theodoram,</span> <span class='ocrx_word' id='word_1_103' title='bbox 493 1171 580 1206; x_wconf 86' lang='lat' dir='ltr'><strong>ibid.</strong></span> <span class='ocrx_word' id='word_1_104' title='bbox 605 1177 712 1217; x_wconf 87' lang='lat' dir='ltr'><strong>rupto</strong></span> <span class='ocrx_word' id='word_1_105' title='bbox 736 1171 811 1205; x_wconf 85' lang='lat' dir='ltr'><strong>foe-</strong></span> 
     </span>
     <span class='ocr_line' id='line_1_22' title="bbox 104 1217 811 1260; baseline 0.001 -10"><span class='ocrx_word' id='word_1_106' title='bbox 104 1217 200 1260; x_wconf 87' lang='lat' dir='ltr'><strong>dere,</strong></span> <span class='ocrx_word' id='word_1_107' title='bbox 210 1218 354 1253; x_wconf 82' lang='lat' dir='ltr'><strong>urbibus</strong></span> <span class='ocrx_word' id='word_1_108' title='bbox 367 1218 544 1253; x_wconf 80' lang='lat' dir='ltr'><strong>Thraciae</strong></span> <span class='ocrx_word' id='word_1_109' title='bbox 552 1218 722 1253; x_wconf 82' lang='lat' dir='ltr'><strong>imminet:</strong></span> <span class='ocrx_word' id='word_1_110' title='bbox 735 1218 811 1252; x_wconf 80' lang='lat' dir='ltr'><strong>foe-</strong></span> 
     </span>
     <span class='ocr_line' id='line_1_23' title="bbox 104 1264 812 1309; baseline 0 -11"><span class='ocrx_word' id='word_1_111' title='bbox 104 1264 170 1298; x_wconf 90' lang='lat' dir='ltr'><strong>dus</strong></span> <span class='ocrx_word' id='word_1_112' title='bbox 194 1276 270 1299; x_wconf 88' lang='lat' dir='ltr'><strong>cum</strong></span> <span class='ocrx_word' id='word_1_113' title='bbox 295 1278 336 1300; x_wconf 89' lang='lat' dir='ltr'><strong>eo</strong></span> <span class='ocrx_word' id='word_1_114' title='bbox 354 1270 562 1300; x_wconf 84' lang='lat' dir='ltr'><strong>renovatur:</strong></span> <span class='ocrx_word' id='word_1_115' title='bbox 585 1265 627 1299; x_wconf 87' lang='lat' dir='ltr'><strong>fit</strong></span> <span class='ocrx_word' id='word_1_116' title='bbox 643 1266 812 1309; x_wconf 83' lang='lat' dir='ltr'><strong>Despota‚</strong></span> 
     </span>
     <span class='ocr_line' id='line_1_24' title="bbox 103 1311 813 1357; baseline 0 -12"><span class='ocrx_word' id='word_1_117' title='bbox 103 1311 182 1357; x_wconf 85' lang='lat' dir='ltr'><strong>ipse</strong></span> <span class='ocrx_word' id='word_1_118' title='bbox 206 1317 244 1345; x_wconf 88' lang='lat' dir='ltr'><strong>et</strong></span> <span class='ocrx_word' id='word_1_119' title='bbox 265 1312 361 1347; x_wconf 82' lang='lat' dir='ltr'><strong>filius</strong></span> <span class='ocrx_word' id='word_1_120' title='bbox 384 1313 451 1354; x_wconf 78' lang='lat'><strong>48,</strong></span> <span class='ocrx_word' id='word_1_121' title='bbox 487 1313 542 1348; x_wconf 88' lang='grc'><strong>12.</strong></span> <span class='ocrx_word' id='word_1_122' title='bbox 574 1311 813 1347; x_wconf 87' lang='lat' dir='ltr'><strong>Macedoniam</strong></span> 
     </span>
     <span class='ocr_line' id='line_1_25' title="bbox 106 1358 815 1394; baseline -0.001 -1"><span class='ocrx_word' id='word_1_123' title='bbox 106 1364 144 1394; x_wconf 90' lang='lat' dir='ltr'><strong>et</strong></span> <span class='ocrx_word' id='word_1_124' title='bbox 166 1358 357 1393; x_wconf 80' lang='lat' dir='ltr'><strong>Thraciam</strong></span> <span class='ocrx_word' id='word_1_125' title='bbox 387 1358 553 1393; x_wconf 88' lang='lat' dir='ltr'><strong>invadere</strong></span> <span class='ocrx_word' id='word_1_126' title='bbox 585 1358 724 1393; x_wconf 86' lang='lat' dir='ltr'><strong>statuit:</strong></span> <span class='ocrx_word' id='word_1_127' title='bbox 758 1369 815 1392; x_wconf 89' lang='lat' dir='ltr'><strong>so-</strong></span> 
     </span>
     <span class='ocr_line' id='line_1_26' title="bbox 105 1404 812 1450; baseline -0.004 -9"><span class='ocrx_word' id='word_1_128' title='bbox 105 1405 178 1441; x_wconf 82' lang='lat' dir='ltr'><strong>cios</strong></span> <span class='ocrx_word' id='word_1_129' title='bbox 224 1404 290 1440; x_wconf 87' lang='lat' dir='ltr'><strong>sibi</strong></span> <span class='ocrx_word' id='word_1_130' title='bbox 333 1405 477 1440; x_wconf 85' lang='lat' dir='ltr'><strong>asciscit</strong></span> <span class='ocrx_word' id='word_1_131' title='bbox 516 1417 665 1450; x_wconf 87' lang='lat' dir='ltr'><strong>generos</strong></span> <span class='ocrx_word' id='word_1_132' title='bbox 716 1416 812 1447; x_wconf 60' lang='lat' dir='ltr'><strong>suem,</strong></span> 
     </span>
     <span class='ocr_line' id='line_1_27' title="bbox 105 1451 814 1498; baseline -0.004 -11"><span class='ocrx_word' id='word_1_133' title='bbox 105 1451 336 1498; x_wconf 85' lang='lat' dir='ltr'><strong>Peloponnesi</strong></span> <span class='ocrx_word' id='word_1_134' title='bbox 371 1451 563 1498; x_wconf 85' lang='lat' dir='ltr'><strong>principem</strong></span> <span class='ocrx_word' id='word_1_135' title='bbox 597 1456 634 1485; x_wconf 90' lang='lat' dir='ltr'><strong>et</strong></span> <span class='ocrx_word' id='word_1_136' title='bbox 657 1451 814 1485; x_wconf 82' lang='lat' dir='ltr'><strong>Manfre-</strong></span> 
     </span>
     <span class='ocr_line' id='line_1_28' title="bbox 106 1497 814 1543; baseline -0.006 -9"><span class='ocrx_word' id='word_1_137' title='bbox 106 1500 185 1534; x_wconf 89' lang='lat' dir='ltr'><strong>dum</strong></span> <span class='ocrx_word' id='word_1_138' title='bbox 209 1498 352 1532; x_wconf 80' lang='lat' dir='ltr'><strong>Siciliae</strong></span> <span class='ocrx_word' id='word_1_139' title='bbox 373 1510 492 1543; x_wconf 84' lang='lat' dir='ltr'><strong>regem</strong></span> <span class='ocrx_word' id='word_1_140' title='bbox 515 1500 582 1540; x_wconf 88' lang='lat'><strong>71,</strong></span> <span class='ocrx_word' id='word_1_141' title='bbox 610 1501 664 1533; x_wconf 88' lang='lat'><strong>10.</strong></span> <span class='ocrx_word' id='word_1_142' title='bbox 697 1497 814 1532; x_wconf 89' lang='lat' dir='ltr'><strong>Belle-</strong></span> 
     </span>
     <span class='ocr_line' id='line_1_29' title="bbox 107 1544 814 1592; baseline -0.003 -13"><span class='ocrx_word' id='word_1_143' title='bbox 107 1544 219 1592; x_wconf 87' lang='lat' dir='ltr'><strong>grada</strong></span> <span class='ocrx_word' id='word_1_144' title='bbox 243 1545 400 1579; x_wconf 83' lang='lat' dir='ltr'><strong>obsident</strong></span> <span class='ocrx_word' id='word_1_145' title='bbox 423 1546 492 1586; x_wconf 84' lang='lat'><strong>73,</strong></span> <span class='ocrx_word' id='word_1_146' title='bbox 517 1547 551 1580; x_wconf 92' lang='lat'><strong>9.</strong></span> <span class='ocrx_word' id='word_1_147' title='bbox 576 1544 727 1578; x_wconf 84' lang='lat' dir='ltr'><strong>Michael</strong></span> <span class='ocrx_word' id='word_1_148' title='bbox 750 1555 814 1589; x_wconf 89' lang='lat' dir='ltr'><strong>per</strong></span> 
     </span>
    </p>
   </div>
   <div class='ocr_carea' id='block_1_5' title="bbox 28 1591 814 1637">
    <p class='ocr_par' dir='ltr' id='par_1_6' title="bbox 28 1591 814 1637">
     <span class='ocr_line' id='line_1_30' title="bbox 28 1591 814 1637; baseline -0.004 -10"><span class='ocrx_word' id='word_1_149' title='bbox 28 1593 36 1602; x_wconf 95' lang='grc'><em>“</em></span> <span class='ocrx_word' id='word_1_150' title='bbox 106 1591 322 1636; x_wconf 77' lang='lat' dir='ltr'><strong>transfugam</strong></span> <span class='ocrx_word' id='word_1_151' title='bbox 353 1591 543 1637; x_wconf 83' lang='lat' dir='ltr'><strong>decipitur:</strong></span> <span class='ocrx_word' id='word_1_152' title='bbox 575 1591 746 1636; x_wconf 89' lang='lat' dir='ltr'><strong>proditum</strong></span> <span class='ocrx_word' id='word_1_153' title='bbox 777 1602 814 1623; x_wconf 88' lang='lat' dir='ltr'><strong>se</strong></span> 
     </span>
    </p>
   </div>
   <div class='ocr_carea' id='block_1_6' title="bbox 65 1636 821 2896">
    <p class='ocr_par' dir='ltr' id='par_1_7' title="bbox 107 1636 815 2105">
     <span class='ocr_line' id='line_1_31' title="bbox 108 1636 814 1684; baseline -0.004 -11"><span class='ocrx_word' id='word_1_154' title='bbox 108 1652 130 1674; x_wconf 91' lang='lat' dir='ltr'><strong>a</strong></span> <span class='ocrx_word' id='word_1_155' title='bbox 161 1638 266 1673; x_wconf 83' lang='lat' dir='ltr'><strong>sociis</strong></span> <span class='ocrx_word' id='word_1_156' title='bbox 298 1642 422 1684; x_wconf 73' lang='lat' dir='ltr'><strong>putatz</strong></span> <span class='ocrx_word' id='word_1_157' title='bbox 457 1649 516 1672; x_wconf 89' lang='lat' dir='ltr'><strong>eos</strong></span> <span class='ocrx_word' id='word_1_158' title='bbox 549 1643 654 1672; x_wconf 88' lang='lat' dir='ltr'><strong>noctu</strong></span> <span class='ocrx_word' id='word_1_159' title='bbox 686 1636 814 1671; x_wconf 87' lang='lat' dir='ltr'><strong>deserit</strong></span> 
     </span>
     <span class='ocr_line' id='line_1_32' title="bbox 107 1684 813 1730; baseline -0.007 -9"><span class='ocrx_word' id='word_1_160' title='bbox 107 1684 166 1729; x_wconf 85' lang='lat'><strong>74,</strong></span> <span class='ocrx_word' id='word_1_161' title='bbox 190 1687 224 1722; x_wconf 90' lang='grc'><strong>7.</strong></span> <span class='ocrx_word' id='word_1_162' title='bbox 247 1696 367 1730; x_wconf 80' lang='lat' dir='ltr'><strong>pacem</strong></span> <span class='ocrx_word' id='word_1_163' title='bbox 391 1685 520 1730; x_wconf 87' lang='lat' dir='ltr'><strong>rumpit</strong></span> <span class='ocrx_word' id='word_1_164' title='bbox 543 1685 600 1725; x_wconf 88' lang='grc'><strong>83,</strong></span> <span class='ocrx_word' id='word_1_165' title='bbox 624 1686 657 1720; x_wconf 90' lang='grc'><strong>7.</strong></span> <span class='ocrx_word' id='word_1_166' title='bbox 684 1684 813 1718; x_wconf 84' lang='lat' dir='ltr'><strong>Roma-</strong></span> 
     </span>
     <span class='ocr_line' id='line_1_33' title="bbox 108 1729 813 1771; baseline -0.007 -3"><span class='ocrx_word' id='word_1_167' title='bbox 108 1744 171 1768; x_wconf 90' lang='lat' dir='ltr'><strong>nos</strong></span> <span class='ocrx_word' id='word_1_168' title='bbox 194 1732 281 1765; x_wconf 85' lang='lat' dir='ltr'><strong>fines</strong></span> <span class='ocrx_word' id='word_1_169' title='bbox 304 1736 439 1766; x_wconf 83' lang='lat' dir='ltr'><strong>vastat:</strong></span> <span class='ocrx_word' id='word_1_170' title='bbox 475 1731 660 1766; x_wconf 88' lang='lat' dir='ltr'><strong>Caesarem</strong></span> <span class='ocrx_word' id='word_1_171' title='bbox 692 1729 813 1771; x_wconf 86' lang='lat' dir='ltr'><strong>vincit,</strong></span> 
     </span>
     <span class='ocr_line' id='line_1_34' title="bbox 108 1776 813 1823; baseline -0.007 -9"><span class='ocrx_word' id='word_1_172' title='bbox 108 1791 150 1814; x_wconf 85' lang='lat' dir='ltr'><strong>ac</strong></span> <span class='ocrx_word' id='word_1_173' title='bbox 173 1778 286 1813; x_wconf 86' lang='lat' dir='ltr'><strong>vivum</strong></span> <span class='ocrx_word' id='word_1_174' title='bbox 310 1778 405 1823; x_wconf 82' lang='lat' dir='ltr'><strong>capit</strong></span> <span class='ocrx_word' id='word_1_175' title='bbox 429 1780 493 1819; x_wconf 88' lang='grc'><strong>90,</strong></span> <span class='ocrx_word' id='word_1_176' title='bbox 521 1780 575 1813; x_wconf 88' lang='grc'><strong>18.</strong></span> <span class='ocrx_word' id='word_1_177' title='bbox 611 1776 813 1811; x_wconf 87' lang='lat' dir='ltr'><strong>affinitatem</strong></span> 
     </span>
     <span class='ocr_line' id='line_1_35' title="bbox 108 1823 813 1870; baseline -0.006 -10"><span class='ocrx_word' id='word_1_178' title='bbox 108 1825 224 1870; x_wconf 83' lang='lat' dir='ltr'><strong>iungit</strong></span> <span class='ocrx_word' id='word_1_179' title='bbox 242 1837 315 1859; x_wconf 87' lang='lat' dir='ltr'><strong>cum</strong></span> <span class='ocrx_word' id='word_1_180' title='bbox 339 1824 551 1869; x_wconf 83' lang='lat' dir='ltr'><strong>imperatore</strong></span> <span class='ocrx_word' id='word_1_181' title='bbox 573 1826 631 1866; x_wconf 88' lang='grc'>92,</span> <span class='ocrx_word' id='word_1_182' title='bbox 654 1826 685 1860; x_wconf 92' lang='grc'><strong>8.</strong></span> <span class='ocrx_word' id='word_1_183' title='bbox 711 1823 813 1857; x_wconf 87' lang='lat' dir='ltr'><strong>fidem</strong></span> 
     </span>
     <span class='ocr_line' id='line_1_36' title="bbox 110 1869 811 1917; baseline -0.006 -10"><span class='ocrx_word' id='word_1_184' title='bbox 110 1874 225 1907; x_wconf 89' lang='lat' dir='ltr'><strong>denuo</strong></span> <span class='ocrx_word' id='word_1_185' title='bbox 248 1870 380 1917; x_wconf 81' lang='lat' dir='ltr'><strong>frangit</strong></span> <span class='ocrx_word' id='word_1_186' title='bbox 403 1873 471 1912; x_wconf 88' lang='grc'>98,</span> <span class='ocrx_word' id='word_1_187' title='bbox 498 1873 552 1906; x_wconf 90' lang='grc'><strong>17.</strong></span> <span class='ocrx_word' id='word_1_188' title='bbox 578 1871 650 1905; x_wconf 89' lang='lat' dir='ltr'><strong>eius</strong></span> <span class='ocrx_word' id='word_1_189' title='bbox 674 1869 811 1905; x_wconf 84' lang='lat' dir='ltr'><strong>obitus:</strong></span> 
     </span>
     <span class='ocr_line' id='line_1_37' title="bbox 111 1917 815 1965; baseline -0.006 -12"><span class='ocrx_word' id='word_1_190' title='bbox 111 1925 260 1965; x_wconf 90' lang='lat' dir='ltr'><strong>quatuor</strong></span> <span class='ocrx_word' id='word_1_191' title='bbox 298 1918 418 1952; x_wconf 86' lang='lat' dir='ltr'><strong>liberi:</strong></span> <span class='ocrx_word' id='word_1_192' title='bbox 464 1917 640 1952; x_wconf 88' lang='lat' dir='ltr'><strong>hereditas</strong></span> <span class='ocrx_word' id='word_1_193' title='bbox 682 1917 815 1950; x_wconf 91' lang='lat' dir='ltr'><strong>duobus</strong></span> 
     </span>
     <span class='ocr_line' id='line_1_38' title="bbox 112 1963 814 2001; baseline -0.009 0"><span class='ocrx_word' id='word_1_194' title='bbox 112 1965 245 2001; x_wconf 82' lang='lat' dir='ltr'><strong>divisa:</strong></span> <span class='ocrx_word' id='word_1_195' title='bbox 268 1970 351 1999; x_wconf 90' lang='lat' dir='ltr'><strong>natu</strong></span> <span class='ocrx_word' id='word_1_196' title='bbox 375 1963 520 1998; x_wconf 87' lang='lat' dir='ltr'><strong>minimis</strong></span> <span class='ocrx_word' id='word_1_197' title='bbox 542 1969 582 1998; x_wconf 89' lang='lat' dir='ltr'><strong>ut</strong></span> <span class='ocrx_word' id='word_1_198' title='bbox 605 1963 814 1998; x_wconf 81' lang='lat' dir='ltr'><strong>consultum:</strong></span> 
     </span>
     <span class='ocr_line' id='line_1_39' title="bbox 111 2009 815 2056; baseline -0.006 -8"><span class='ocrx_word' id='word_1_199' title='bbox 111 2023 230 2048; x_wconf 89' lang='lat' dir='ltr'><strong>eorum</strong></span> <span class='ocrx_word' id='word_1_200' title='bbox 253 2012 339 2056; x_wconf 82' lang='lat' dir='ltr'><strong>fuga</strong></span> <span class='ocrx_word' id='word_1_201' title='bbox 370 2011 415 2045; x_wconf 90' lang='lat' dir='ltr'><strong>ad</strong></span> <span class='ocrx_word' id='word_1_202' title='bbox 438 2010 642 2046; x_wconf 84' lang='lat' dir='ltr'><strong>Michaelem</strong></span> <span class='ocrx_word' id='word_1_203' title='bbox 666 2009 815 2044; x_wconf 89' lang='lat' dir='ltr'><strong>Palaeo-</strong></span> 
     </span>
     <span class='ocr_line' id='line_1_40' title="bbox 112 2055 414 2105; baseline -0.007 -11"><span class='ocrx_word' id='word_1_204' title='bbox 112 2060 228 2105; x_wconf 84' lang='lat' dir='ltr'><strong>logum</strong></span> <span class='ocrx_word' id='word_1_205' title='bbox 252 2060 331 2099; x_wconf 89' lang='lat'><strong>109,</strong></span> <span class='ocrx_word' id='word_1_206' title='bbox 355 2055 414 2093; x_wconf 83' lang='grc'><strong>24.</strong></span> 
     </span>
    </p>

    <p class='ocr_par' dir='ltr' id='par_1_8' title="bbox 65 2101 817 2332">
     <span class='ocr_line' id='line_1_41' title="bbox 65 2101 816 2148; baseline -0.009 -5"><span class='ocrx_word' id='word_1_207' title='bbox 65 2105 227 2148; x_wconf 83' lang='lat' dir='ltr'><strong>Michael,</strong></span> <span class='ocrx_word' id='word_1_208' title='bbox 235 2104 414 2139; x_wconf 77' lang='lat' dir='ltr'><strong>Michaelis</strong></span> <span class='ocrx_word' id='word_1_209' title='bbox 423 2103 536 2139; x_wconf 86' lang='lat' dir='ltr'><strong>Nothi</strong></span> <span class='ocrx_word' id='word_1_210' title='bbox 542 2103 634 2138; x_wconf 89' lang='lat' dir='ltr'><strong>filius</strong></span> <span class='ocrx_word' id='word_1_211' title='bbox 645 2101 760 2145; x_wconf 81' lang='grc'>47,14.</span> <span class='ocrx_word' id='word_1_212' title='bbox 773 2102 816 2137; x_wconf 81' lang='lat' dir='ltr'><strong>ad</strong></span> 
     </span>
     <span class='ocr_line' id='line_1_42' title="bbox 113 2150 817 2197; baseline -0.006 -9"><span class='ocrx_word' id='word_1_213' title='bbox 113 2152 223 2189; x_wconf 84' lang='lat' dir='ltr'><strong>Mich.</strong></span> <span class='ocrx_word' id='word_1_214' title='bbox 241 2151 484 2197; x_wconf 86' lang='lat' dir='ltr'><strong>Palaeologum</strong></span> <span class='ocrx_word' id='word_1_215' title='bbox 501 2150 656 2195; x_wconf 77' lang='lat' dir='ltr'><strong>confugit</strong></span> <span class='ocrx_word' id='word_1_216' title='bbox 670 2152 750 2192; x_wconf 82' lang='lat'><strong>110,</strong></span> <span class='ocrx_word' id='word_1_217' title='bbox 758 2151 817 2185; x_wconf 91' lang='lat'><strong>20.</strong></span> 
     </span>
     <span class='ocr_line' id='line_1_43' title="bbox 66 2196 816 2241; baseline -0.009 -5"><span class='ocrx_word' id='word_1_218' title='bbox 66 2199 238 2241; x_wconf 86' lang='lat' dir='ltr'><strong>Michael,</strong></span> <span class='ocrx_word' id='word_1_219' title='bbox 281 2196 502 2233; x_wconf 83' lang='lat' dir='ltr'><strong>Constantini</strong></span> <span class='ocrx_word' id='word_1_220' title='bbox 543 2197 676 2231; x_wconf 84' lang='lat' dir='ltr'><strong>&#39;I&#39;oechi</strong></span> <span class='ocrx_word' id='word_1_221' title='bbox 712 2196 816 2238; x_wconf 86' lang='lat' dir='ltr'><strong>filius,</strong></span> 
     </span>
     <span class='ocr_line' id='line_1_44' title="bbox 112 2242 817 2294; baseline -0.007 -12"><span class='ocrx_word' id='word_1_222' title='bbox 112 2244 318 2294; x_wconf 84' lang='lat' dir='ltr'><strong>Byzantium</strong></span> <span class='ocrx_word' id='word_1_223' title='bbox 352 2245 468 2289; x_wconf 85' lang='lat' dir='ltr'><strong>pulsus</strong></span> <span class='ocrx_word' id='word_1_224' title='bbox 502 2243 600 2278; x_wconf 88' lang='lat' dir='ltr'><strong>venit</strong></span> <span class='ocrx_word' id='word_1_225' title='bbox 630 2254 705 2277; x_wconf 89' lang='lat' dir='ltr'><strong>cum</strong></span> <span class='ocrx_word' id='word_1_226' title='bbox 737 2242 817 2277; x_wconf 87' lang='lat' dir='ltr'><strong>Ma·-</strong></span> 
     </span>
     <span class='ocr_line' id='line_1_45' title="bbox 113 2292 484 2332; baseline -0.013 -3"><span class='ocrx_word' id='word_1_227' title='bbox 113 2294 167 2329; x_wconf 88' lang='lat' dir='ltr'><strong>ria</strong></span> <span class='ocrx_word' id='word_1_228' title='bbox 190 2297 300 2327; x_wconf 89' lang='lat' dir='ltr'><strong>matre</strong></span> <span class='ocrx_word' id='word_1_229' title='bbox 324 2293 403 2332; x_wconf 84' lang='lat'><strong>132,</strong></span> <span class='ocrx_word' id='word_1_230' title='bbox 430 2292 484 2326; x_wconf 90' lang='grc'><strong>19.</strong></span> 
     </span>
    </p>

    <p class='ocr_par' dir='ltr' id='par_1_9' title="bbox 68 2335 821 2896">
     <span class='ocr_line' id='line_1_46' title="bbox 68 2335 816 2384; baseline -0.009 -8"><span class='ocrx_word' id='word_1_231' title='bbox 68 2338 222 2376; x_wconf 87' lang='lat' dir='ltr'><strong>Michael</strong></span> <span class='ocrx_word' id='word_1_232' title='bbox 243 2338 415 2384; x_wconf 83' lang='lat' dir='ltr'><strong>Bulgarus</strong></span> <span class='ocrx_word' id='word_1_233' title='bbox 443 2335 686 2382; x_wconf 86' lang='lat' dir='ltr'><strong>(Stranzimeri</strong></span> <span class='ocrx_word' id='word_1_234' title='bbox 707 2336 816 2380; x_wconf 83' lang='lat' dir='ltr'><strong>filius)</strong></span> 
     </span>
     <span class='ocr_line' id='line_1_47' title="bbox 114 2382 819 2428; baseline -0.007 -7"><span class='ocrx_word' id='word_1_235' title='bbox 114 2385 316 2422; x_wconf 84' lang='lat' dir='ltr'><strong>wenceslai</strong></span> <span class='ocrx_word' id='word_1_236' title='bbox 347 2396 454 2419; x_wconf 88' lang='lat' dir='ltr'><strong>uxore</strong></span> <span class='ocrx_word' id='word_1_237' title='bbox 486 2383 590 2417; x_wconf 86' lang='lat' dir='ltr'><strong>vidua</strong></span> <span class='ocrx_word' id='word_1_238' title='bbox 619 2388 655 2417; x_wconf 90' lang='lat' dir='ltr'><strong>et</strong></span> <span class='ocrx_word' id='word_1_239' title='bbox 688 2382 819 2428; x_wconf 92' lang='lat' dir='ltr'><strong>princi-</strong></span> 
     </span>
     <span class='ocr_line' id='line_1_48' title="bbox 115 2429 820 2480; baseline -0.007 -13"><span class='ocrx_word' id='word_1_240' title='bbox 115 2438 202 2480; x_wconf 86' lang='lat' dir='ltr'><strong>patu</strong></span> <span class='ocrx_word' id='word_1_241' title='bbox 226 2431 372 2478; x_wconf 82' lang='lat' dir='ltr'><strong>potitus:</strong></span> <span class='ocrx_word' id='word_1_242' title='bbox 396 2443 459 2477; x_wconf 92' lang='lat' dir='ltr'><strong>per</strong></span> <span class='ocrx_word' id='word_1_243' title='bbox 477 2430 614 2475; x_wconf 83' lang='lat' dir='ltr'><strong>legatos</strong></span> <span class='ocrx_word' id='word_1_244' title='bbox 634 2429 820 2463; x_wconf 85' lang='lat' dir='ltr'><strong>arcessitur</strong></span> 
     </span>
     <span class='ocr_line' id='line_1_49' title="bbox 117 2475 821 2518; baseline -0.007 -4"><span class='ocrx_word' id='word_1_245' title='bbox 117 2479 163 2514; x_wconf 86' lang='lat' dir='ltr'><strong>ab</strong></span> <span class='ocrx_word' id='word_1_246' title='bbox 194 2478 390 2513; x_wconf 85' lang='lat' dir='ltr'><strong>Andronico</strong></span> <span class='ocrx_word' id='word_1_247' title='bbox 414 2477 566 2518; x_wconf 86' lang='lat' dir='ltr'><strong>iuniore,</strong></span> <span class='ocrx_word' id='word_1_248' title='bbox 599 2475 714 2510; x_wconf 86' lang='lat' dir='ltr'><strong>uxoris</strong></span> <span class='ocrx_word' id='word_1_249' title='bbox 739 2487 821 2509; x_wconf 88' lang='lat' dir='ltr'><strong>suae</strong></span> 
     </span>
     <span class='ocr_line' id='line_1_50' title="bbox 115 2522 820 2569; baseline -0.007 -9"><span class='ocrx_word' id='word_1_250' title='bbox 115 2526 228 2560; x_wconf 81' lang='lat' dir='ltr'><strong>fratre</strong></span> <span class='ocrx_word' id='word_1_251' title='bbox 250 2526 332 2567; x_wconf 90' lang='grc'>390,</span> <span class='ocrx_word' id='word_1_252' title='bbox 356 2526 389 2560; x_wconf 88' lang='grc'>8.</span> <span class='ocrx_word' id='word_1_253' title='bbox 410 2522 686 2569; x_wconf 87' lang='lat' dir='ltr'><strong>Didymotichum</strong></span> <span class='ocrx_word' id='word_1_254' title='bbox 706 2522 820 2556; x_wconf 88' lang='lat' dir='ltr'><strong>venit:</strong></span> 
     </span>
     <span class='ocr_line' id='line_1_51' title="bbox 118 2569 820 2606; baseline -0.004 0"><span class='ocrx_word' id='word_1_255' title='bbox 118 2571 323 2606; x_wconf 79' lang='lat' dir='ltr'><strong>societatem</strong></span> <span class='ocrx_word' id='word_1_256' title='bbox 353 2571 421 2605; x_wconf 89' lang='lat' dir='ltr'><strong>init</strong></span> <span class='ocrx_word' id='word_1_257' title='bbox 456 2582 529 2604; x_wconf 91' lang='lat' dir='ltr'><strong>cum</strong></span> <span class='ocrx_word' id='word_1_258' title='bbox 563 2569 619 2603; x_wconf 83' lang='lat' dir='ltr'><strong>illo</strong></span> <span class='ocrx_word' id='word_1_259' title='bbox 653 2569 820 2603; x_wconf 83' lang='lat' dir='ltr'><strong>adversus</strong></span> 
     </span>
     <span class='ocr_line' id='line_1_52' title="bbox 117 2615 821 2660; baseline -0.007 -7"><span class='ocrx_word' id='word_1_260' title='bbox 117 2617 286 2653; x_wconf 81' lang='lat' dir='ltr'><strong>seniorem</strong></span> <span class='ocrx_word' id='word_1_261' title='bbox 309 2618 398 2660; x_wconf 88' lang='grc'>391,</span> <span class='ocrx_word' id='word_1_262' title='bbox 422 2619 479 2653; x_wconf 91' lang='grc'><strong>18.</strong></span> <span class='ocrx_word' id='word_1_263' title='bbox 514 2615 580 2651; x_wconf 91' lang='lat' dir='ltr'><strong>init</strong></span> <span class='ocrx_word' id='word_1_264' title='bbox 601 2616 721 2650; x_wconf 88' lang='lat' dir='ltr'><strong>foedus</strong></span> <span class='ocrx_word' id='word_1_265' title='bbox 745 2626 821 2648; x_wconf 89' lang='lat' dir='ltr'><strong>cum</strong></span> 
     </span>
     <span class='ocr_line' id='line_1_53' title="bbox 118 2660 819 2706; baseline -0.003 -9"><span class='ocrx_word' id='word_1_266' title='bbox 118 2663 255 2698; x_wconf 79' lang='lat' dir='ltr'><strong>seniore</strong></span> <span class='ocrx_word' id='word_1_267' title='bbox 277 2660 368 2706; x_wconf 84' lang='lat'><strong>411,</strong></span> <span class='ocrx_word' id='word_1_268' title='bbox 403 2664 458 2700; x_wconf 91' lang='lat'><strong>15.</strong></span> <span class='ocrx_word' id='word_1_269' title='bbox 490 2675 565 2698; x_wconf 89' lang='lat' dir='ltr'><strong>cum</strong></span> <span class='ocrx_word' id='word_1_270' title='bbox 597 2661 730 2696; x_wconf 85' lang='lat' dir='ltr'><strong>iuniore</strong></span> <span class='ocrx_word' id='word_1_271' title='bbox 761 2673 819 2696; x_wconf 85' lang='lat' dir='ltr'><strong>re-</strong></span> 
     </span>
     <span class='ocr_line' id='line_1_54' title="bbox 119 2709 820 2756; baseline -0.004 -12"><span class='ocrx_word' id='word_1_272' title='bbox 119 2710 345 2752; x_wconf 47' lang='lat' dir='ltr'><strong>conciliatum</strong></span> <span class='ocrx_word' id='word_1_273' title='bbox 369 2711 485 2756; x_wconf 87' lang='lat' dir='ltr'><strong>copias</strong></span> <span class='ocrx_word' id='word_1_274' title='bbox 509 2721 589 2744; x_wconf 84' lang='lat' dir='ltr'><strong>suas</strong></span> <span class='ocrx_word' id='word_1_275' title='bbox 606 2709 739 2742; x_wconf 89' lang='lat' dir='ltr'><strong>domum</strong></span> <span class='ocrx_word' id='word_1_276' title='bbox 764 2719 820 2742; x_wconf 91' lang='lat' dir='ltr'><strong>re-</strong></span> 
     </span>
     <span class='ocr_line' id='line_1_55' title="bbox 119 2755 818 2798; baseline -0.003 -8"><span class='ocrx_word' id='word_1_277' title='bbox 119 2756 218 2790; x_wconf 89' lang='lat' dir='ltr'><strong>ducit</strong></span> <span class='ocrx_word' id='word_1_278' title='bbox 239 2755 331 2798; x_wconf 83' lang='lat'><strong>419,</strong></span> <span class='ocrx_word' id='word_1_279' title='bbox 354 2757 388 2792; x_wconf 90' lang='lat'><strong>5.</strong></span> <span class='ocrx_word' id='word_1_280' title='bbox 415 2756 523 2791; x_wconf 88' lang='lat' dir='ltr'><strong>eidem</strong></span> <span class='ocrx_word' id='word_1_281' title='bbox 548 2756 669 2790; x_wconf 90' lang='lat' dir='ltr'><strong>bellum</strong></span> <span class='ocrx_word' id='word_1_282' title='bbox 692 2755 818 2789; x_wconf 82' lang='lat' dir='ltr'><strong>insert:</strong></span> 
     </span>
     <span class='ocr_line' id='line_1_56' title="bbox 118 2802 820 2850; baseline -0.001 -14"><span class='ocrx_word' id='word_1_283' title='bbox 118 2802 278 2847; x_wconf 84' lang='lat' dir='ltr'><strong>utrinque</strong></span> <span class='ocrx_word' id='word_1_284' title='bbox 300 2814 338 2837; x_wconf 87' lang='lat' dir='ltr'><strong>se</strong></span> <span class='ocrx_word' id='word_1_285' title='bbox 361 2803 405 2837; x_wconf 87' lang='lat' dir='ltr'><strong>ad</strong></span> <span class='ocrx_word' id='word_1_286' title='bbox 428 2814 577 2850; x_wconf 87' lang='lat' dir='ltr'><strong>pugnam</strong></span> <span class='ocrx_word' id='word_1_287' title='bbox 599 2807 740 2848; x_wconf 87' lang='lat' dir='ltr'><strong>parant:</strong></span> <span class='ocrx_word' id='word_1_288' title='bbox 761 2813 820 2836; x_wconf 88' lang='lat' dir='ltr'><strong>re-</strong></span> 
     </span>
     <span class='ocr_line' id='line_1_57' title="bbox 120 2847 820 2896; baseline 0.001 -13"><span class='ocrx_word' id='word_1_289' title='bbox 120 2849 345 2885; x_wconf 84' lang='lat' dir='ltr'><strong>conciliantur</strong></span> <span class='ocrx_word' id='word_1_290' title='bbox 379 2850 424 2885; x_wconf 85' lang='lat' dir='ltr'><strong>ab</strong></span> <span class='ocrx_word' id='word_1_291' title='bbox 459 2851 615 2896; x_wconf 82' lang='lat' dir='ltr'><strong>Augusta</strong></span> <span class='ocrx_word' id='word_1_292' title='bbox 656 2847 745 2891; x_wconf 83' lang='lat'><strong>430,</strong></span> <span class='ocrx_word' id='word_1_293' title='bbox 786 2849 820 2884; x_wconf 87' lang='grc'>5.</span> 
     </span>
    </p>
   </div>
   <div class='ocr_carea' id='block_1_7' title="bbox 1469 176 1598 223">
    <p class='ocr_par' dir='ltr' id='par_1_10' title="bbox 1469 176 1598 223">
     <span class='ocr_line' id='line_1_58' title="bbox 1469 176 1598 223; baseline 0.016 -2"><span class='ocrx_word' id='word_1_294' title='bbox 1469 176 1598 223; x_wconf 79' lang='lat'><strong>1363</strong></span> 
     </span>
    </p>
   </div>
   <div class='ocr_carea' id='block_1_8' title="bbox 898 285 1602 516">
    <p class='ocr_par' dir='ltr' id='par_1_11' title="bbox 898 285 1602 516">
     <span class='ocr_line' id='line_1_59' title="bbox 899 285 1602 323; baseline 0 -2"><span class='ocrx_word' id='word_1_295' title='bbox 899 298 962 321; x_wconf 91' lang='lat' dir='ltr'><strong>cur</strong></span> <span class='ocrx_word' id='word_1_296' title='bbox 984 286 1110 321; x_wconf 87' lang='lat' dir='ltr'><strong>bellum</strong></span> <span class='ocrx_word' id='word_1_297' title='bbox 1134 285 1230 321; x_wconf 87' lang='lat' dir='ltr'><strong>Crali</strong></span> <span class='ocrx_word' id='word_1_298' title='bbox 1252 286 1429 323; x_wconf 82' lang='lat' dir='ltr'><strong>intulerit:</strong></span> <span class='ocrx_word' id='word_1_299' title='bbox 1463 287 1602 322; x_wconf 70' lang='grc' dir='ltr'><strong>ΑιιᾱιὌ-Δ</strong></span> 
     </span>
     <span class='ocr_line' id='line_1_60' title="bbox 898 332 1600 370; baseline 0 -2"><span class='ocrx_word' id='word_1_300' title='bbox 898 334 1011 368; x_wconf 91' lang='lat' dir='ltr'><strong>nicum</strong></span> <span class='ocrx_word' id='word_1_301' title='bbox 1033 333 1197 369; x_wconf 88' lang='lat' dir='ltr'><strong>iuniorem</strong></span> <span class='ocrx_word' id='word_1_302' title='bbox 1220 332 1256 368; x_wconf 87' lang='lat' dir='ltr'><strong>in</strong></span> <span class='ocrx_word' id='word_1_303' title='bbox 1287 335 1369 369; x_wconf 88' lang='lat' dir='ltr'><strong>belli</strong></span> <span class='ocrx_word' id='word_1_304' title='bbox 1402 334 1600 370; x_wconf 85' lang='lat' dir='ltr'><strong>societatem</strong></span> 
     </span>
     <span class='ocr_line' id='line_1_61' title="bbox 900 380 1601 426; baseline 0.001 -12"><span class='ocrx_word' id='word_1_305' title='bbox 900 380 1042 415; x_wconf 80' lang='lat' dir='ltr'><strong>asciscit</strong></span> <span class='ocrx_word' id='word_1_306' title='bbox 1065 380 1153 422; x_wconf 85' lang='lat'><strong>454,</strong></span> <span class='ocrx_word' id='word_1_307' title='bbox 1177 381 1211 417; x_wconf 90' lang='grc'><strong>7.</strong></span> <span class='ocrx_word' id='word_1_308' title='bbox 1241 381 1475 416; x_wconf 85' lang='lat' dir='ltr'><strong>Triballorum</strong></span> <span class='ocrx_word' id='word_1_309' title='bbox 1497 392 1601 426; x_wconf 82' lang='lat' dir='ltr'><strong>agros</strong></span> 
     </span>
     <span class='ocr_line' id='line_1_62' title="bbox 899 426 1601 474; baseline 0.001 -13"><span class='ocrx_word' id='word_1_310' title='bbox 899 430 1034 461; x_wconf 85' lang='lat' dir='ltr'><strong>vastat:</strong></span> <span class='ocrx_word' id='word_1_311' title='bbox 1077 438 1099 461; x_wconf 91' lang='lat' dir='ltr'><strong>a</strong></span> <span class='ocrx_word' id='word_1_312' title='bbox 1129 426 1232 461; x_wconf 85' lang='lat' dir='ltr'><strong>Crale</strong></span> <span class='ocrx_word' id='word_1_313' title='bbox 1262 427 1376 462; x_wconf 85' lang='lat' dir='ltr'><strong>victus</strong></span> <span class='ocrx_word' id='word_1_314' title='bbox 1407 432 1443 462; x_wconf 88' lang='lat' dir='ltr'><strong>et</strong></span> <span class='ocrx_word' id='word_1_315' title='bbox 1466 433 1601 474; x_wconf 86' lang='lat' dir='ltr'><strong>captus,</strong></span> 
     </span>
     <span class='ocr_line' id='line_1_63' title="bbox 901 473 1489 516; baseline 0.007 -9"><span class='ocrx_word' id='word_1_316' title='bbox 901 473 1045 507; x_wconf 85' lang='lat' dir='ltr'><strong>moritur</strong></span> <span class='ocrx_word' id='word_1_317' title='bbox 1068 484 1111 507; x_wconf 86' lang='lat' dir='ltr'><strong>ex</strong></span> <span class='ocrx_word' id='word_1_318' title='bbox 1133 474 1334 508; x_wconf 83' lang='lat' dir='ltr'><strong>vulneribus</strong></span> <span class='ocrx_word' id='word_1_319' title='bbox 1356 475 1437 516; x_wconf 90' lang='lat'><strong>455,</strong></span> <span class='ocrx_word' id='word_1_320' title='bbox 1455 475 1489 511; x_wconf 90' lang='grc'><strong>7.</strong></span> 
     </span>
    </p>
   </div>
   <div class='ocr_carea' id='block_1_9' title="bbox 854 519 1600 566">
    <p class='ocr_par' dir='ltr' id='par_1_12' title="bbox 854 519 1600 566">
     <span class='ocr_line' id='line_1_64' title="bbox 854 519 1600 566; baseline 0.001 -11"><span class='ocrx_word' id='word_1_321' title='bbox 854 519 1006 555; x_wconf 82' lang='lat' dir='ltr'><strong>Michael</strong></span> <span class='ocrx_word' id='word_1_322' title='bbox 1028 519 1057 554; x_wconf 88' lang='lat' dir='ltr'><strong>I.</strong></span> <span class='ocrx_word' id='word_1_323' title='bbox 1082 520 1343 566; x_wconf 83' lang='lat' dir='ltr'><strong>(Palaeologus)</strong></span> <span class='ocrx_word' id='word_1_324' title='bbox 1362 520 1519 556; x_wconf 78' lang='lat' dir='ltr'><strong>affectati</strong></span> <span class='ocrx_word' id='word_1_325' title='bbox 1536 521 1600 556; x_wconf 90' lang='lat' dir='ltr'><strong>im-</strong></span> 
     </span>
    </p>
   </div>
   <div class='ocr_carea' id='block_1_10' title="bbox 900 566 1607 2886">
    <p class='ocr_par' dir='ltr' id='par_1_13' title="bbox 900 566 1607 2886">
     <span class='ocr_line' id='line_1_65' title="bbox 900 566 1601 613; baseline 0.003 -13"><span class='ocrx_word' id='word_1_326' title='bbox 900 566 992 613; x_wconf 86' lang='lat' dir='ltr'><strong>perii</strong></span> <span class='ocrx_word' id='word_1_327' title='bbox 1014 572 1213 601; x_wconf 85' lang='lat' dir='ltr'><strong>accusatur:</strong></span> <span class='ocrx_word' id='word_1_328' title='bbox 1253 572 1384 612; x_wconf 83' lang='lat' dir='ltr'><strong>purgat</strong></span> <span class='ocrx_word' id='word_1_329' title='bbox 1413 580 1450 601; x_wconf 89' lang='lat' dir='ltr'><strong>se</strong></span> <span class='ocrx_word' id='word_1_330' title='bbox 1471 567 1601 603; x_wconf 85' lang='lat' dir='ltr'><strong>iureiu-</strong></span> 
     </span>
     <span class='ocr_line' id='line_1_66' title="bbox 900 612 1602 661; baseline 0.003 -14"><span class='ocrx_word' id='word_1_331' title='bbox 900 614 1011 648; x_wconf 89' lang='lat' dir='ltr'><strong>rando</strong></span> <span class='ocrx_word' id='word_1_332' title='bbox 1033 612 1102 655; x_wconf 87' lang='lat'><strong>49,</strong></span> <span class='ocrx_word' id='word_1_333' title='bbox 1138 615 1171 650; x_wconf 89' lang='grc'><strong>8.</strong></span> <span class='ocrx_word' id='word_1_334' title='bbox 1207 614 1364 648; x_wconf 88' lang='lat' dir='ltr'><strong>Nicaeae</strong></span> <span class='ocrx_word' id='word_1_335' title='bbox 1392 615 1473 648; x_wconf 91' lang='lat' dir='ltr'><strong>urbi</strong></span> <span class='ocrx_word' id='word_1_336' title='bbox 1496 626 1602 661; x_wconf 88' lang='lat' dir='ltr'><strong>prae-</strong></span> 
     </span>
     <span class='ocr_line' id='line_1_67' title="bbox 901 659 1603 707; baseline 0.006 -14"><span class='ocrx_word' id='word_1_337' title='bbox 901 660 1035 700; x_wconf 87' lang='lat' dir='ltr'><strong>fectus,</strong></span> <span class='ocrx_word' id='word_1_338' title='bbox 1075 659 1120 694; x_wconf 87' lang='lat' dir='ltr'><strong>ad</strong></span> <span class='ocrx_word' id='word_1_339' title='bbox 1152 660 1286 695; x_wconf 88' lang='lat' dir='ltr'><strong>Turcos</strong></span> <span class='ocrx_word' id='word_1_340' title='bbox 1317 661 1411 707; x_wconf 85' lang='lat' dir='ltr'><strong>fugit</strong></span> <span class='ocrx_word' id='word_1_341' title='bbox 1441 661 1507 703; x_wconf 92' lang='lat'><strong>57,</strong></span> <span class='ocrx_word' id='word_1_342' title='bbox 1546 662 1603 697; x_wconf 87' lang='lat'><strong>19.</strong></span> 
     </span>
     <span class='ocr_line' id='line_1_68' title="bbox 901 706 1603 752; baseline 0.003 -12"><span class='ocrx_word' id='word_1_343' title='bbox 901 707 1007 752; x_wconf 82' lang='lat' dir='ltr'><strong>fugae</strong></span> <span class='ocrx_word' id='word_1_344' title='bbox 1032 717 1153 740; x_wconf 77' lang='lat' dir='ltr'><strong>causa:</strong></span> <span class='ocrx_word' id='word_1_345' title='bbox 1177 706 1260 741; x_wconf 88' lang='lat' dir='ltr'><strong>ibid.</strong></span> <span class='ocrx_word' id='word_1_346' title='bbox 1286 707 1413 752; x_wconf 82' lang='lat' dir='ltr'><strong>legioni</strong></span> <span class='ocrx_word' id='word_1_347' title='bbox 1428 707 1603 742; x_wconf 84' lang='lat' dir='ltr'><strong>Romanae</strong></span> 
     </span>
     <span class='ocr_line' id='line_1_69' title="bbox 902 752 1603 799; baseline 0.003 -13"><span class='ocrx_word' id='word_1_348' title='bbox 902 753 1106 798; x_wconf 87' lang='lat' dir='ltr'><strong>praeficitur</strong></span> <span class='ocrx_word' id='word_1_349' title='bbox 1125 754 1168 788; x_wconf 85' lang='lat' dir='ltr'><strong>ab</strong></span> <span class='ocrx_word' id='word_1_350' title='bbox 1194 752 1301 787; x_wconf 83' lang='lat' dir='ltr'><strong>[conii</strong></span> <span class='ocrx_word' id='word_1_351' title='bbox 1320 754 1489 788; x_wconf 79' lang='lat' dir='ltr'><strong>Sultano=</strong></span> <span class='ocrx_word' id='word_1_352' title='bbox 1513 755 1603 799; x_wconf 80' lang='lat' dir='ltr'><strong>Scy-</strong></span> 
     </span>
     <span class='ocr_line' id='line_1_70' title="bbox 900 798 1604 845; baseline 0.003 -12"><span class='ocrx_word' id='word_1_353' title='bbox 900 799 970 834; x_wconf 88' lang='lat' dir='ltr'><strong>this</strong></span> <span class='ocrx_word' id='word_1_354' title='bbox 988 798 1178 845; x_wconf 86' lang='lat' dir='ltr'><strong>opponitur</strong></span> <span class='ocrx_word' id='word_1_355' title='bbox 1194 800 1254 843; x_wconf 79' lang='lat'><strong>58,</strong></span> <span class='ocrx_word' id='word_1_356' title='bbox 1269 802 1322 836; x_wconf 75' lang='lat'><strong>15.</strong></span> <span class='ocrx_word' id='word_1_357' title='bbox 1340 805 1465 845; x_wconf 83' lang='lat' dir='ltr'><strong>rogatu</strong></span> <span class='ocrx_word' id='word_1_358' title='bbox 1482 801 1604 835; x_wconf 88' lang='lat' dir='ltr'><strong>Theo-</strong></span> 
     </span>
     <span class='ocr_line' id='line_1_71' title="bbox 903 845 1603 890; baseline 0.004 -11"><span class='ocrx_word' id='word_1_359' title='bbox 903 845 980 880; x_wconf 86' lang='lat' dir='ltr'><strong>dori</strong></span> <span class='ocrx_word' id='word_1_360' title='bbox 1015 846 1235 890; x_wconf 86' lang='lat' dir='ltr'><strong>imperatoris</strong></span> <span class='ocrx_word' id='word_1_361' title='bbox 1267 847 1304 881; x_wconf 89' lang='lat' dir='ltr'><strong>in</strong></span> <span class='ocrx_word' id='word_1_362' title='bbox 1338 848 1457 882; x_wconf 86' lang='lat' dir='ltr'><strong>Aulam</strong></span> <span class='ocrx_word' id='word_1_363' title='bbox 1494 847 1603 882; x_wconf 84' lang='lat' dir='ltr'><strong>redit:</strong></span> 
     </span>
     <span class='ocr_line' id='line_1_72' title="bbox 900 892 1605 938; baseline 0.003 -12"><span class='ocrx_word' id='word_1_364' title='bbox 900 893 1135 927; x_wconf 87' lang='lat' dir='ltr'><strong>iusiurandum</strong></span> <span class='ocrx_word' id='word_1_365' title='bbox 1174 898 1348 938; x_wconf 76' lang='lat' dir='ltr'><strong>praestat:</strong></span> <span class='ocrx_word' id='word_1_366' title='bbox 1403 892 1605 929; x_wconf 86' lang='lat' dir='ltr'><strong>Conostauli</strong></span> 
     </span>
     <span class='ocr_line' id='line_1_73' title="bbox 902 939 1604 985; baseline 0.003 -13"><span class='ocrx_word' id='word_1_367' title='bbox 902 939 1106 983; x_wconf 82' lang='lat' dir='ltr'><strong>dignitatem</strong></span> <span class='ocrx_word' id='word_1_368' title='bbox 1130 939 1256 985; x_wconf 85' lang='lat' dir='ltr'><strong>recipit</strong></span> <span class='ocrx_word' id='word_1_369' title='bbox 1277 941 1344 982; x_wconf 88' lang='lat'><strong>59,</strong></span> <span class='ocrx_word' id='word_1_370' title='bbox 1371 941 1426 975; x_wconf 86' lang='lat'><strong>10.</strong></span> <span class='ocrx_word' id='word_1_371' title='bbox 1460 942 1503 976; x_wconf 93' lang='lat' dir='ltr'><strong>ob</strong></span> <span class='ocrx_word' id='word_1_372' title='bbox 1528 940 1604 975; x_wconf 84' lang='lat' dir='ltr'><strong>exi-</strong></span> 
     </span>
     <span class='ocr_line' id='line_1_74' title="bbox 902 986 1604 1031; baseline 0.003 -11"><span class='ocrx_word' id='word_1_373' title='bbox 902 986 988 1020; x_wconf 83' lang='lat' dir='ltr'><strong>mias</strong></span> <span class='ocrx_word' id='word_1_374' title='bbox 1011 986 1168 1031; x_wconf 86' lang='lat' dir='ltr'><strong>corporis</strong></span> <span class='ocrx_word' id='word_1_375' title='bbox 1191 992 1229 1020; x_wconf 89' lang='lat' dir='ltr'><strong>et</strong></span> <span class='ocrx_word' id='word_1_376' title='bbox 1252 987 1354 1021; x_wconf 90' lang='lat' dir='ltr'><strong>animi</strong></span> <span class='ocrx_word' id='word_1_377' title='bbox 1376 987 1476 1022; x_wconf 88' lang='lat' dir='ltr'><strong>dotes</strong></span> <span class='ocrx_word' id='word_1_378' title='bbox 1496 987 1604 1022; x_wconf 91' lang='lat' dir='ltr'><strong>omni-</strong></span> 
     </span>
     <span class='ocr_line' id='line_1_75' title="bbox 901 1033 1605 1080; baseline 0.001 -13"><span class='ocrx_word' id='word_1_379' title='bbox 901 1033 966 1067; x_wconf 84' lang='lat' dir='ltr'><strong>bns</strong></span> <span class='ocrx_word' id='word_1_380' title='bbox 989 1037 1134 1076; x_wconf 78' lang='lat' dir='ltr'><strong>gratus:</strong></span> <span class='ocrx_word' id='word_1_381' title='bbox 1156 1033 1262 1068; x_wconf 88' lang='lat' dir='ltr'><strong>variis</strong></span> <span class='ocrx_word' id='word_1_382' title='bbox 1284 1034 1474 1079; x_wconf 85' lang='lat' dir='ltr'><strong>praesagiis</strong></span> <span class='ocrx_word' id='word_1_383' title='bbox 1495 1034 1605 1080; x_wconf 90' lang='lat' dir='ltr'><strong>impe-</strong></span> 
     </span>
     <span class='ocr_line' id='line_1_76' title="bbox 904 1079 1604 1122; baseline 0.004 -10"><span class='ocrx_word' id='word_1_384' title='bbox 904 1079 958 1113; x_wconf 87' lang='lat' dir='ltr'><strong>rio</strong></span> <span class='ocrx_word' id='word_1_385' title='bbox 984 1079 1175 1113; x_wconf 87' lang='lat' dir='ltr'><strong>destinatur</strong></span> <span class='ocrx_word' id='word_1_386' title='bbox 1199 1081 1264 1122; x_wconf 88' lang='lat'><strong>68,</strong></span> <span class='ocrx_word' id='word_1_387' title='bbox 1287 1082 1321 1116; x_wconf 89' lang='lat'><strong>7.</strong></span> <span class='ocrx_word' id='word_1_388' title='bbox 1347 1081 1399 1114; x_wconf 84' lang='lat' dir='ltr'><strong>bis</strong></span> <span class='ocrx_word' id='word_1_389' title='bbox 1423 1081 1604 1115; x_wconf 85' lang='lat' dir='ltr'><strong>Palaeolo-</strong></span> 
     </span>
     <span class='ocr_line' id='line_1_77' title="bbox 902 1125 1606 1171; baseline 0.004 -13"><span class='ocrx_word' id='word_1_390' title='bbox 902 1137 985 1170; x_wconf 85' lang='lat' dir='ltr'><strong>gns:</strong></span> <span class='ocrx_word' id='word_1_391' title='bbox 1022 1125 1079 1159; x_wconf 78' lang='lat' dir='ltr'><strong>avi</strong></span> <span class='ocrx_word' id='word_1_392' title='bbox 1105 1130 1143 1160; x_wconf 89' lang='lat' dir='ltr'><strong>et</strong></span> <span class='ocrx_word' id='word_1_393' title='bbox 1164 1127 1272 1171; x_wconf 88' lang='lat' dir='ltr'><strong>patris</strong></span> <span class='ocrx_word' id='word_1_394' title='bbox 1293 1126 1498 1171; x_wconf 83' lang='lat' dir='ltr'><strong>dignitates:</strong></span> <span class='ocrx_word' id='word_1_395' title='bbox 1531 1127 1606 1161; x_wconf 82' lang='lat' dir='ltr'><strong>fisci</strong></span> 
     </span>
     <span class='ocr_line' id='line_1_78' title="bbox 906 1171 1606 1219; baseline 0.004 -15"><span class='ocrx_word' id='word_1_396' title='bbox 906 1171 1020 1205; x_wconf 86' lang='lat' dir='ltr'><strong>claves</strong></span> <span class='ocrx_word' id='word_1_397' title='bbox 1045 1183 1066 1205; x_wconf 90' lang='lat' dir='ltr'><strong>a</strong></span> <span class='ocrx_word' id='word_1_398' title='bbox 1098 1173 1295 1217; x_wconf 85' lang='lat' dir='ltr'><strong>patriarcha</strong></span> <span class='ocrx_word' id='word_1_399' title='bbox 1318 1173 1466 1219; x_wconf 86' lang='lat' dir='ltr'><strong>accipit:</strong></span> <span class='ocrx_word' id='word_1_400' title='bbox 1499 1174 1606 1218; x_wconf 84' lang='lat' dir='ltr'><strong>largi-</strong></span> 
     </span>
     <span class='ocr_line' id='line_1_79' title="bbox 904 1217 1606 1255; baseline 0.004 -4"><span class='ocrx_word' id='word_1_401' title='bbox 904 1217 1054 1252; x_wconf 86' lang='lat' dir='ltr'><strong>tionibus</strong></span> <span class='ocrx_word' id='word_1_402' title='bbox 1077 1219 1203 1254; x_wconf 81' lang='lat' dir='ltr'><strong>animcs</strong></span> <span class='ocrx_word' id='word_1_403' title='bbox 1222 1219 1398 1255; x_wconf 88' lang='lat' dir='ltr'><strong>Nobilium</strong></span> <span class='ocrx_word' id='word_1_404' title='bbox 1421 1219 1488 1254; x_wconf 86' lang='lat' dir='ltr'><strong>sibi</strong></span> <span class='ocrx_word' id='word_1_405' title='bbox 1510 1232 1606 1254; x_wconf 79' lang='lat' dir='ltr'><strong>man·</strong></span> 
     </span>
     <span class='ocr_line' id='line_1_80' title="bbox 907 1264 1605 1309; baseline 0.004 -11"><span class='ocrx_word' id='word_1_406' title='bbox 907 1264 1022 1309; x_wconf 86' lang='lat' dir='ltr'><strong>cipat:</strong></span> <span class='ocrx_word' id='word_1_407' title='bbox 1056 1264 1136 1299; x_wconf 90' lang='lat' dir='ltr'><strong>item</strong></span> <span class='ocrx_word' id='word_1_408' title='bbox 1160 1266 1301 1301; x_wconf 87' lang='lat' dir='ltr'><strong>militnm</strong></span> <span class='ocrx_word' id='word_1_409' title='bbox 1325 1271 1362 1300; x_wconf 86' lang='lat' dir='ltr'><strong>et</strong></span> <span class='ocrx_word' id='word_1_410' title='bbox 1385 1266 1605 1301; x_wconf 86' lang='lat' dir='ltr'><strong>concionato-</strong></span> 
     </span>
     <span class='ocr_line' id='line_1_81' title="bbox 904 1313 1606 1360; baseline 0.001 -14"><span class='ocrx_word' id='word_1_411' title='bbox 904 1323 981 1346; x_wconf 84' lang='lat' dir='ltr'><strong>rum</strong></span> <span class='ocrx_word' id='word_1_412' title='bbox 1004 1313 1062 1354; x_wconf 86' lang='lat'><strong>69,</strong></span> <span class='ocrx_word' id='word_1_413' title='bbox 1088 1313 1142 1348; x_wconf 84' lang='lat'><strong>18.</strong></span> <span class='ocrx_word' id='word_1_414' title='bbox 1169 1313 1243 1358; x_wconf 88' lang='lat' dir='ltr'><strong>ipso</strong></span> <span class='ocrx_word' id='word_1_415' title='bbox 1266 1313 1464 1360; x_wconf 82' lang='lat' dir='ltr'><strong>patriarcha</strong></span> <span class='ocrx_word' id='word_1_416' title='bbox 1487 1325 1606 1348; x_wconf 86' lang='lat' dir='ltr'><strong>assen-</strong></span> 
     </span>
     <span class='ocr_line' id='line_1_82' title="bbox 906 1357 1606 1404; baseline 0.004 -13"><span class='ocrx_word' id='word_1_417' title='bbox 906 1357 1033 1399; x_wconf 87' lang='lat' dir='ltr'><strong>tiente,</strong></span> <span class='ocrx_word' id='word_1_418' title='bbox 1100 1359 1236 1404; x_wconf 90' lang='lat' dir='ltr'><strong>imperii</strong></span> <span class='ocrx_word' id='word_1_419' title='bbox 1283 1359 1606 1394; x_wconf 84' lang='lat' dir='ltr'><strong>administrationem</strong></span> 
     </span>
     <span class='ocr_line' id='line_1_83' title="bbox 905 1404 1606 1451; baseline 0.003 -13"><span class='ocrx_word' id='word_1_420' title='bbox 905 1404 1059 1450; x_wconf 84' lang='lat' dir='ltr'><strong>suscipit,</strong></span> <span class='ocrx_word' id='word_1_421' title='bbox 1084 1405 1192 1439; x_wconf 87' lang='lat' dir='ltr'><strong>donec</strong></span> <span class='ocrx_word' id='word_1_422' title='bbox 1213 1406 1309 1441; x_wconf 85' lang='lat' dir='ltr'><strong>heres</strong></span> <span class='ocrx_word' id='word_1_423' title='bbox 1326 1406 1498 1451; x_wconf 82' lang='lat' dir='ltr'><strong>legitimus</strong></span> <span class='ocrx_word' id='word_1_424' title='bbox 1520 1406 1606 1440; x_wconf 84' lang='lat' dir='ltr'><strong>ado-</strong></span> 
     </span>
     <span class='ocr_line' id='line_1_84' title="bbox 904 1451 1605 1498; baseline 0.003 -13"><span class='ocrx_word' id='word_1_425' title='bbox 904 1451 1011 1485; x_wconf 79' lang='lat' dir='ltr'><strong>lescat</strong></span> <span class='ocrx_word' id='word_1_426' title='bbox 1033 1453 1098 1497; x_wconf 88' lang='lat'><strong>70,</strong></span> <span class='ocrx_word' id='word_1_427' title='bbox 1125 1454 1157 1487; x_wconf 87' lang='lat'><strong>8.</strong></span> <span class='ocrx_word' id='word_1_428' title='bbox 1182 1452 1354 1498; x_wconf 85' lang='lat' dir='ltr'><strong>Despotae</strong></span> <span class='ocrx_word' id='word_1_429' title='bbox 1377 1453 1478 1487; x_wconf 86' lang='lat' dir='ltr'><strong>titulo</strong></span> <span class='ocrx_word' id='word_1_430' title='bbox 1504 1464 1605 1487; x_wconf 86' lang='lat' dir='ltr'><strong>orna-</strong></span> 
     </span>
     <span class='ocr_line' id='line_1_85' title="bbox 905 1499 1606 1540; baseline 0.003 -8"><span class='ocrx_word' id='word_1_431' title='bbox 905 1502 964 1532; x_wconf 87' lang='lat' dir='ltr'><strong>tur</strong></span> <span class='ocrx_word' id='word_1_432' title='bbox 996 1499 1061 1540; x_wconf 91' lang='lat'><strong>71,</strong></span> <span class='ocrx_word' id='word_1_433' title='bbox 1102 1500 1136 1534; x_wconf 88' lang='lat'><strong>8.</strong></span> <span class='ocrx_word' id='word_1_434' title='bbox 1169 1499 1311 1533; x_wconf 89' lang='lat' dir='ltr'><strong>fratrem</strong></span> <span class='ocrx_word' id='word_1_435' title='bbox 1342 1510 1416 1533; x_wconf 92' lang='lat' dir='ltr'><strong>cum</strong></span> <span class='ocrx_word' id='word_1_436' title='bbox 1450 1499 1606 1534; x_wconf 85' lang='lat' dir='ltr'><strong>exercitu</strong></span> 
     </span>
     <span class='ocr_line' id='line_1_86' title="bbox 905 1543 1605 1591; baseline 0.003 -14"><span class='ocrx_word' id='word_1_437' title='bbox 905 1543 1012 1578; x_wconf 89' lang='lat' dir='ltr'><strong>mittit</strong></span> <span class='ocrx_word' id='word_1_438' title='bbox 1034 1544 1069 1578; x_wconf 91' lang='lat' dir='ltr'><strong>in</strong></span> <span class='ocrx_word' id='word_1_439' title='bbox 1094 1545 1330 1579; x_wconf 84' lang='lat' dir='ltr'><strong>Macedoniam</strong></span> <span class='ocrx_word' id='word_1_440' title='bbox 1354 1547 1410 1585; x_wconf 89' lang='grc'><strong>72,</strong></span> <span class='ocrx_word' id='word_1_441' title='bbox 1436 1547 1469 1580; x_wconf 87' lang='grc'><strong>8.</strong></span> <span class='ocrx_word' id='word_1_442' title='bbox 1496 1545 1605 1591; x_wconf 88' lang='lat' dir='ltr'><strong>impe-</strong></span> 
     </span>
     <span class='ocr_line' id='line_1_87' title="bbox 904 1591 1606 1627; baseline 0.003 -3"><span class='ocrx_word' id='word_1_443' title='bbox 904 1594 1002 1624; x_wconf 86' lang='lat' dir='ltr'><strong>rator</strong></span> <span class='ocrx_word' id='word_1_444' title='bbox 1020 1591 1207 1625; x_wconf 87' lang='lat' dir='ltr'><strong>salutatur:</strong></span> <span class='ocrx_word' id='word_1_445' title='bbox 1231 1603 1355 1627; x_wconf 86' lang='lat' dir='ltr'><strong>novum</strong></span> <span class='ocrx_word' id='word_1_446' title='bbox 1374 1592 1606 1627; x_wconf 87' lang='lat' dir='ltr'><strong>iusiurandum</strong></span> 
     </span>
     <span class='ocr_line' id='line_1_88' title="bbox 904 1638 1607 1684; baseline 0.003 -14"><span class='ocrx_word' id='word_1_447' title='bbox 904 1640 1082 1682; x_wconf 86' lang='lat' dir='ltr'><strong>praestat:</strong></span> <span class='ocrx_word' id='word_1_448' title='bbox 1105 1638 1262 1673; x_wconf 84' lang='lat' dir='ltr'><strong>diadema</strong></span> <span class='ocrx_word' id='word_1_449' title='bbox 1285 1638 1412 1684; x_wconf 84' lang='lat' dir='ltr'><strong>accipit</strong></span> <span class='ocrx_word' id='word_1_450' title='bbox 1435 1639 1478 1673; x_wconf 90' lang='lat' dir='ltr'><strong>ab</strong></span> <span class='ocrx_word' id='word_1_451' title='bbox 1501 1642 1607 1674; x_wconf 86' lang='lat' dir='ltr'><strong>Arse-</strong></span> 
     </span>
     <span class='ocr_line' id='line_1_89' title="bbox 905 1683 1605 1729; baseline 0.004 -12"><span class='ocrx_word' id='word_1_452' title='bbox 905 1683 985 1718; x_wconf 80' lang='lat' dir='ltr'><strong>nio:</strong></span> <span class='ocrx_word' id='word_1_453' title='bbox 1025 1684 1144 1729; x_wconf 89' lang='lat' dir='ltr'><strong>quibus</strong></span> <span class='ocrx_word' id='word_1_454' title='bbox 1187 1685 1436 1719; x_wconf 83' lang='lat' dir='ltr'><strong>conditionibus</strong></span> <span class='ocrx_word' id='word_1_455' title='bbox 1469 1687 1534 1727; x_wconf 88' lang='lat'><strong>79,</strong></span> <span class='ocrx_word' id='word_1_456' title='bbox 1574 1687 1605 1720; x_wconf 89' lang='lat'><strong>1.</strong></span> 
     </span>
     <span class='ocr_line' id='line_1_90' title="bbox 906 1730 1604 1777; baseline 0.004 -14"><span class='ocrx_word' id='word_1_457' title='bbox 906 1730 1066 1764; x_wconf 86' lang='lat' dir='ltr'><strong>Galatam</strong></span> <span class='ocrx_word' id='word_1_458' title='bbox 1107 1731 1238 1765; x_wconf 86' lang='lat' dir='ltr'><strong>frustra</strong></span> <span class='ocrx_word' id='word_1_459' title='bbox 1272 1732 1427 1766; x_wconf 85' lang='lat' dir='ltr'><strong>obsidet:</strong></span> <span class='ocrx_word' id='word_1_460' title='bbox 1467 1732 1604 1777; x_wconf 87' lang='lat' dir='ltr'><strong>Byzan-</strong></span> 
     </span>
     <span class='ocr_line' id='line_1_91' title="bbox 905 1776 1606 1822; baseline 0.004 -13"><span class='ocrx_word' id='word_1_461' title='bbox 905 1776 989 1810; x_wconf 85' lang='lat' dir='ltr'><strong>tium</strong></span> <span class='ocrx_word' id='word_1_462' title='bbox 1001 1777 1186 1822; x_wconf 87' lang='lat' dir='ltr'><strong>praesidiis</strong></span> <span class='ocrx_word' id='word_1_463' title='bbox 1196 1778 1320 1822; x_wconf 76' lang='lat' dir='ltr'><strong>cingit:</strong></span> <span class='ocrx_word' id='word_1_464' title='bbox 1338 1778 1503 1813; x_wconf 88' lang='lat' dir='ltr'><strong>Nicaeam</strong></span> <span class='ocrx_word' id='word_1_465' title='bbox 1515 1778 1606 1812; x_wconf 85' lang='lat' dir='ltr'><strong>redit</strong></span> 
     </span>
     <span class='ocr_line' id='line_1_92' title="bbox 906 1824 1605 1869; baseline 0 -11"><span class='ocrx_word' id='word_1_466' title='bbox 906 1824 970 1862; x_wconf 87' lang='lat'><strong>80,</strong></span> <span class='ocrx_word' id='word_1_467' title='bbox 1001 1825 1058 1858; x_wconf 87' lang='lat'><strong>22.</strong></span> <span class='ocrx_word' id='word_1_468' title='bbox 1095 1825 1320 1869; x_wconf 84' lang='lat' dir='ltr'><strong>recuperatae</strong></span> <span class='ocrx_word' id='word_1_469' title='bbox 1346 1825 1454 1859; x_wconf 85' lang='lat' dir='ltr'><strong>Urbis</strong></span> <span class='ocrx_word' id='word_1_470' title='bbox 1487 1825 1605 1859; x_wconf 89' lang='lat' dir='ltr'><strong>nuntio</strong></span> 
     </span>
     <span class='ocr_line' id='line_1_93' title="bbox 907 1870 1606 1915; baseline 0.001 -12"><span class='ocrx_word' id='word_1_471' title='bbox 907 1870 1185 1915; x_wconf 81' lang='lat' dir='ltr'><strong>quemadmodum</strong></span> <span class='ocrx_word' id='word_1_472' title='bbox 1210 1872 1355 1906; x_wconf 84' lang='lat' dir='ltr'><strong>affectus</strong></span> <span class='ocrx_word' id='word_1_473' title='bbox 1378 1872 1445 1911; x_wconf 82' lang='lat'><strong>86,</strong></span> <span class='ocrx_word' id='word_1_474' title='bbox 1476 1873 1534 1906; x_wconf 89' lang='grc'>22.</span> <span class='ocrx_word' id='word_1_475' title='bbox 1569 1876 1606 1905; x_wconf 89' lang='lat' dir='ltr'><strong>ut</strong></span> 
     </span>
     <span class='ocr_line' id='line_1_94' title="bbox 908 1917 1606 1963; baseline 0.003 -13"><span class='ocrx_word' id='word_1_476' title='bbox 908 1928 973 1963; x_wconf 90' lang='lat' dir='ltr'><strong>per</strong></span> <span class='ocrx_word' id='word_1_477' title='bbox 1003 1922 1134 1962; x_wconf 87' lang='lat' dir='ltr'><strong>portam</strong></span> <span class='ocrx_word' id='word_1_478' title='bbox 1165 1918 1310 1952; x_wconf 84' lang='lat' dir='ltr'><strong>Auream</strong></span> <span class='ocrx_word' id='word_1_479' title='bbox 1343 1917 1526 1952; x_wconf 79' lang='lat' dir='ltr'><strong>intraverit</strong></span> <span class='ocrx_word' id='word_1_480' title='bbox 1548 1920 1606 1960; x_wconf 89' lang='grc'><strong>87,</strong></span> 
     </span>
     <span class='ocr_line' id='line_1_95' title="bbox 908 1963 1607 2009; baseline -0.001 -10"><span class='ocrx_word' id='word_1_481' title='bbox 908 1965 964 1999; x_wconf 90' lang='grc'><strong>16.</strong></span> <span class='ocrx_word' id='word_1_482' title='bbox 990 1964 1119 1997; x_wconf 87' lang='lat' dir='ltr'><strong>Urbem</strong></span> <span class='ocrx_word' id='word_1_483' title='bbox 1142 1963 1310 1998; x_wconf 86' lang='lat' dir='ltr'><strong>instaurat</strong></span> <span class='ocrx_word' id='word_1_484' title='bbox 1334 1966 1396 2007; x_wconf 86' lang='lat'><strong>88,</strong></span> <span class='ocrx_word' id='word_1_485' title='bbox 1426 1966 1477 2001; x_wconf 88' lang='grc'><strong>12.</strong></span> <span class='ocrx_word' id='word_1_486' title='bbox 1509 1964 1607 2009; x_wconf 85' lang='lat' dir='ltr'><strong>(Mi-</strong></span> 
     </span>
     <span class='ocr_line' id='line_1_96' title="bbox 911 2009 1606 2056; baseline -0.001 -11"><span class='ocrx_word' id='word_1_487' title='bbox 911 2009 1039 2045; x_wconf 86' lang='lat' dir='ltr'><strong>chaelis</strong></span> <span class='ocrx_word' id='word_1_488' title='bbox 1062 2010 1311 2056; x_wconf 85' lang='lat' dir='ltr'><strong>Archist-rategi</strong></span> <span class='ocrx_word' id='word_1_489' title='bbox 1342 2016 1488 2046; x_wconf 82' lang='lat' dir='ltr'><strong>statuam</strong></span> <span class='ocrx_word' id='word_1_490' title='bbox 1514 2011 1606 2046; x_wconf 81' lang='lat' dir='ltr'><strong>colu-</strong></span> 
     </span>
     <span class='ocr_line' id='line_1_97' title="bbox 909 2056 1607 2103; baseline 0 -12"><span class='ocrx_word' id='word_1_491' title='bbox 909 2068 1007 2092; x_wconf 89' lang='lat' dir='ltr'><strong>mnae</strong></span> <span class='ocrx_word' id='word_1_492' title='bbox 1029 2056 1173 2103; x_wconf 88' lang='lat' dir='ltr'><strong>imponit</strong></span> <span class='ocrx_word' id='word_1_493' title='bbox 1190 2058 1272 2098; x_wconf 88' lang='lat'><strong>202,</strong></span> <span class='ocrx_word' id='word_1_494' title='bbox 1294 2058 1368 2102; x_wconf 89' lang='grc'>10.)</span> <span class='ocrx_word' id='word_1_495' title='bbox 1391 2058 1522 2092; x_wconf 86' lang='lat' dir='ltr'><strong>stabilit</strong></span> <span class='ocrx_word' id='word_1_496' title='bbox 1543 2069 1607 2103; x_wconf 90' lang='lat' dir='ltr'><strong>po-</strong></span> 
     </span>
     <span class='ocr_line' id='line_1_98' title="bbox 909 2104 1607 2139; baseline 0.001 -2"><span class='ocrx_word' id='word_1_497' title='bbox 909 2107 1068 2138; x_wconf 87' lang='lat' dir='ltr'><strong>testatem</strong></span> <span class='ocrx_word' id='word_1_498' title='bbox 1098 2115 1210 2138; x_wconf 86' lang='lat' dir='ltr'><strong>snam:</strong></span> <span class='ocrx_word' id='word_1_499' title='bbox 1242 2104 1422 2138; x_wconf 84' lang='lat' dir='ltr'><strong>Theodori</strong></span> <span class='ocrx_word' id='word_1_500' title='bbox 1452 2104 1607 2139; x_wconf 83' lang='lat' dir='ltr'><strong>Lascaris</strong></span> 
     </span>
     <span class='ocr_line' id='line_1_99' title="bbox 908 2149 1607 2195; baseline 0.001 -11"><span class='ocrx_word' id='word_1_501' title='bbox 908 2150 998 2184; x_wconf 90' lang='lat' dir='ltr'><strong>filias</strong></span> <span class='ocrx_word' id='word_1_502' title='bbox 1021 2154 1162 2195; x_wconf 84' lang='lat' dir='ltr'><strong>nuptum</strong></span> <span class='ocrx_word' id='word_1_503' title='bbox 1186 2149 1346 2185; x_wconf 81' lang='lat' dir='ltr'><strong>collocat=</strong></span> <span class='ocrx_word' id='word_1_504' title='bbox 1370 2151 1530 2186; x_wconf 86' lang='lat' dir='ltr'><strong>Ioannem</strong></span> <span class='ocrx_word' id='word_1_505' title='bbox 1546 2163 1607 2185; x_wconf 88' lang='lat' dir='ltr'><strong>ea-</strong></span> 
     </span>
     <span class='ocr_line' id='line_1_100' title="bbox 909 2197 1606 2240; baseline 0 -9"><span class='ocrx_word' id='word_1_506' title='bbox 909 2208 982 2232; x_wconf 91' lang='lat' dir='ltr'><strong>rum</strong></span> <span class='ocrx_word' id='word_1_507' title='bbox 1005 2197 1147 2231; x_wconf 86' lang='lat' dir='ltr'><strong>fratrem</strong></span> <span class='ocrx_word' id='word_1_508' title='bbox 1171 2201 1335 2231; x_wconf 86' lang='lat' dir='ltr'><strong>excaecat</strong></span> <span class='ocrx_word' id='word_1_509' title='bbox 1357 2199 1415 2240; x_wconf 90' lang='lat'><strong>92,</strong></span> <span class='ocrx_word' id='word_1_510' title='bbox 1431 2199 1489 2234; x_wconf 84' lang='lat'><strong>21.</strong></span> <span class='ocrx_word' id='word_1_511' title='bbox 1514 2197 1546 2231; x_wconf 90' lang='lat' dir='ltr'><strong>ei</strong></span> <span class='ocrx_word' id='word_1_512' title='bbox 1562 2198 1606 2231; x_wconf 90' lang='lat' dir='ltr'><strong>ab</strong></span> 
     </span>
     <span class='ocr_line' id='line_1_101' title="bbox 908 2242 1606 2279; baseline 0 -2"><span class='ocrx_word' id='word_1_513' title='bbox 908 2243 1054 2278; x_wconf 83' lang='lat' dir='ltr'><strong>Arsenio</strong></span> <span class='ocrx_word' id='word_1_514' title='bbox 1077 2242 1181 2278; x_wconf 84' lang='lat' dir='ltr'><strong>sacris</strong></span> <span class='ocrx_word' id='word_1_515' title='bbox 1203 2242 1443 2279; x_wconf 86' lang='lat' dir='ltr'><strong>interdicitur:</strong></span> <span class='ocrx_word' id='word_1_516' title='bbox 1474 2244 1606 2278; x_wconf 84' lang='lat' dir='ltr'><strong>veniam</strong></span> 
     </span>
     <span class='ocr_line' id='line_1_102' title="bbox 910 2289 1606 2336; baseline -0.001 -12"><span class='ocrx_word' id='word_1_517' title='bbox 910 2290 1000 2336; x_wconf 85' lang='lat' dir='ltr'><strong>petit</strong></span> <span class='ocrx_word' id='word_1_518' title='bbox 1022 2291 1079 2332; x_wconf 87' lang='lat'><strong>93,</strong></span> <span class='ocrx_word' id='word_1_519' title='bbox 1103 2292 1136 2326; x_wconf 92' lang='grc'><strong>8.</strong></span> <span class='ocrx_word' id='word_1_520' title='bbox 1159 2302 1226 2324; x_wconf 88' lang='lat' dir='ltr'><strong>non</strong></span> <span class='ocrx_word' id='word_1_521' title='bbox 1250 2289 1409 2324; x_wconf 85' lang='lat' dir='ltr'><strong>auditur:</strong></span> <span class='ocrx_word' id='word_1_522' title='bbox 1431 2290 1606 2324; x_wconf 88' lang='lat' dir='ltr'><strong>concilium</strong></span> 
     </span>
     <span class='ocr_line' id='line_1_103' title="bbox 910 2335 1604 2382; baseline -0.003 -12"><span class='ocrx_word' id='word_1_523' title='bbox 910 2336 1032 2371; x_wconf 87' lang='lat' dir='ltr'><strong>indicit</strong></span> <span class='ocrx_word' id='word_1_524' title='bbox 1056 2336 1218 2371; x_wconf 89' lang='lat' dir='ltr'><strong>adversus</strong></span> <span class='ocrx_word' id='word_1_525' title='bbox 1235 2336 1459 2382; x_wconf 88' lang='lat' dir='ltr'><strong>patriarcham</strong></span> <span class='ocrx_word' id='word_1_526' title='bbox 1475 2338 1531 2380; x_wconf 88' lang='lat'><strong>93,</strong></span> <span class='ocrx_word' id='word_1_527' title='bbox 1547 2335 1604 2371; x_wconf 77' lang='grc'><strong>24.</strong></span> 
     </span>
     <span class='ocr_line' id='line_1_104' title="bbox 909 2382 1605 2418; baseline -0.001 -1"><span class='ocrx_word' id='word_1_528' title='bbox 909 2383 1088 2418; x_wconf 86' lang='lat' dir='ltr'><strong>maximam</strong></span> <span class='ocrx_word' id='word_1_529' title='bbox 1099 2383 1238 2418; x_wconf 87' lang='lat' dir='ltr'><strong>classem</strong></span> <span class='ocrx_word' id='word_1_530' title='bbox 1249 2384 1388 2418; x_wconf 86' lang='lat' dir='ltr'><strong>instruit</strong></span> <span class='ocrx_word' id='word_1_531' title='bbox 1397 2388 1515 2417; x_wconf 89' lang='lat' dir='ltr'><strong>contra</strong></span> <span class='ocrx_word' id='word_1_532' title='bbox 1525 2382 1605 2417; x_wconf 88' lang='lat' dir='ltr'><strong>Bal-</strong></span> 
     </span>
     <span class='ocr_line' id='line_1_105' title="bbox 914 2429 1607 2473; baseline 0.001 -10"><span class='ocrx_word' id='word_1_533' title='bbox 914 2430 1008 2464; x_wconf 88' lang='lat' dir='ltr'><strong>duini</strong></span> <span class='ocrx_word' id='word_1_534' title='bbox 1022 2429 1146 2463; x_wconf 88' lang='lat' dir='ltr'><strong>filium:</strong></span> <span class='ocrx_word' id='word_1_535' title='bbox 1163 2430 1291 2464; x_wconf 89' lang='lat' dir='ltr'><strong>insulas</strong></span> <span class='ocrx_word' id='word_1_536' title='bbox 1303 2435 1482 2473; x_wconf 85' lang='lat' dir='ltr'><strong>recuperat</strong></span> <span class='ocrx_word' id='word_1_537' title='bbox 1493 2429 1550 2471; x_wconf 91' lang='lat'><strong>98,</strong></span> <span class='ocrx_word' id='word_1_538' title='bbox 1570 2430 1607 2464; x_wconf 89' lang='lat'><strong>6.</strong></span> 
     </span>
     <span class='ocr_line' id='line_1_106' title="bbox 912 2474 1605 2511; baseline -0.003 0"><span class='ocrx_word' id='word_1_539' title='bbox 912 2475 1076 2511; x_wconf 86' lang='lat' dir='ltr'><strong>Michaeli</strong></span> <span class='ocrx_word' id='word_1_540' title='bbox 1092 2477 1215 2511; x_wconf 87' lang='lat' dir='ltr'><strong>Aetolo</strong></span> <span class='ocrx_word' id='word_1_541' title='bbox 1236 2474 1354 2509; x_wconf 88' lang='lat' dir='ltr'><strong>bellum</strong></span> <span class='ocrx_word' id='word_1_542' title='bbox 1380 2475 1504 2509; x_wconf 79' lang='lat' dir='ltr'><strong>infert:</strong></span> <span class='ocrx_word' id='word_1_543' title='bbox 1533 2475 1605 2510; x_wconf 85' lang='lat' dir='ltr'><strong>viso</strong></span> 
     </span>
     <span class='ocr_line' id='line_1_107' title="bbox 913 2521 1605 2566; baseline -0.004 -9"><span class='ocrx_word' id='word_1_544' title='bbox 913 2528 1047 2559; x_wconf 85' lang='lat' dir='ltr'><strong>cometa</strong></span> <span class='ocrx_word' id='word_1_545' title='bbox 1070 2528 1239 2557; x_wconf 79' lang='lat' dir='ltr'><strong>terretur:</strong></span> <span class='ocrx_word' id='word_1_546' title='bbox 1269 2521 1492 2555; x_wconf 86' lang='lat' dir='ltr'><strong>imminentem</strong></span> <span class='ocrx_word' id='word_1_547' title='bbox 1516 2522 1605 2566; x_wconf 83' lang='lat' dir='ltr'><strong>Scy-</strong></span> 
     </span>
     <span class='ocr_line' id='line_1_108' title="bbox 913 2567 1606 2614; baseline -0.004 -10"><span class='ocrx_word' id='word_1_548' title='bbox 913 2570 1049 2604; x_wconf 87' lang='lat' dir='ltr'><strong>tharum</strong></span> <span class='ocrx_word' id='word_1_549' title='bbox 1081 2568 1301 2614; x_wconf 88' lang='lat' dir='ltr'><strong>irruptionem</strong></span> <span class='ocrx_word' id='word_1_550' title='bbox 1327 2567 1440 2601; x_wconf 86' lang='lat' dir='ltr'><strong>timet:</strong></span> <span class='ocrx_word' id='word_1_551' title='bbox 1473 2568 1606 2601; x_wconf 88' lang='lat' dir='ltr'><strong>domum</strong></span> 
     </span>
     <span class='ocr_line' id='line_1_109' title="bbox 913 2612 1605 2655; baseline -0.004 -4"><span class='ocrx_word' id='word_1_552' title='bbox 913 2616 1005 2651; x_wconf 88' lang='lat' dir='ltr'><strong>redit</strong></span> <span class='ocrx_word' id='word_1_553' title='bbox 1017 2618 1072 2655; x_wconf 87' lang='lat'><strong>98,</strong></span> <span class='ocrx_word' id='word_1_554' title='bbox 1082 2618 1138 2651; x_wconf 84' lang='lat'><strong>20.</strong></span> <span class='ocrx_word' id='word_1_555' title='bbox 1148 2614 1302 2648; x_wconf 78' lang='lat' dir='ltr'><strong>triremes</strong></span> <span class='ocrx_word' id='word_1_556' title='bbox 1310 2612 1393 2647; x_wconf 88' lang='lat' dir='ltr'><strong>duas</strong></span> <span class='ocrx_word' id='word_1_557' title='bbox 1408 2619 1538 2655; x_wconf 89' lang='lat' dir='ltr'><strong>nactus,</strong></span> <span class='ocrx_word' id='word_1_558' title='bbox 1550 2614 1605 2648; x_wconf 86' lang='lat' dir='ltr'><strong>fu-</strong></span> 
     </span>
     <span class='ocr_line' id='line_1_110' title="bbox 913 2658 1605 2707; baseline -0.006 -9"><span class='ocrx_word' id='word_1_559' title='bbox 913 2673 960 2707; x_wconf 84' lang='lat' dir='ltr'><strong>ga</strong></span> <span class='ocrx_word' id='word_1_560' title='bbox 970 2663 1115 2698; x_wconf 87' lang='lat' dir='ltr'><strong>elabitur</strong></span> <span class='ocrx_word' id='word_1_561' title='bbox 1129 2664 1204 2699; x_wconf 89' lang='lat'><strong>100,</strong></span> <span class='ocrx_word' id='word_1_562' title='bbox 1214 2662 1271 2696; x_wconf 87' lang='grc'><strong>20.</strong></span> <span class='ocrx_word' id='word_1_563' title='bbox 1283 2658 1424 2703; x_wconf 83' lang='lat' dir='ltr'><strong>periurii</strong></span> <span class='ocrx_word' id='word_1_564' title='bbox 1437 2663 1472 2694; x_wconf 90' lang='lat' dir='ltr'><strong>et</strong></span> <span class='ocrx_word' id='word_1_565' title='bbox 1484 2660 1605 2694; x_wconf 91' lang='lat' dir='ltr'><strong>crude-</strong></span> 
     </span>
     <span class='ocr_line' id='line_1_111' title="bbox 910 2707 1605 2752; baseline -0.006 -8"><span class='ocrx_word' id='word_1_566' title='bbox 910 2708 1018 2744; x_wconf 86' lang='lat' dir='ltr'><strong>litatis</strong></span> <span class='ocrx_word' id='word_1_567' title='bbox 1041 2707 1230 2743; x_wconf 82' lang='lat' dir='ltr'><strong>absolvitur</strong></span> <span class='ocrx_word' id='word_1_568' title='bbox 1254 2707 1334 2747; x_wconf 88' lang='lat'><strong>108,</strong></span> <span class='ocrx_word' id='word_1_569' title='bbox 1357 2707 1392 2740; x_wconf 88' lang='lat'><strong>2.</strong></span> <span class='ocrx_word' id='word_1_570' title='bbox 1419 2711 1605 2752; x_wconf 83' lang='lat' dir='ltr'><strong>occupatas</strong></span> 
     </span>
     <span class='ocr_line' id='line_1_112' title="bbox 911 2752 1605 2794; baseline -0.006 -3"><span class='ocrx_word' id='word_1_571' title='bbox 911 2766 934 2790; x_wconf 87' lang='lat' dir='ltr'><strong>a</strong></span> <span class='ocrx_word' id='word_1_572' title='bbox 955 2756 1086 2790; x_wconf 83' lang='lat' dir='ltr'><strong>Latinis</strong></span> <span class='ocrx_word' id='word_1_573' title='bbox 1109 2754 1234 2787; x_wconf 86' lang='lat' dir='ltr'><strong>insulas</strong></span> <span class='ocrx_word' id='word_1_574' title='bbox 1258 2752 1367 2787; x_wconf 86' lang='lat' dir='ltr'><strong>classe</strong></span> <span class='ocrx_word' id='word_1_575' title='bbox 1391 2758 1496 2786; x_wconf 70' lang='lat' dir='ltr'><strong>vexat</strong></span> <span class='ocrx_word' id='word_1_576' title='bbox 1525 2753 1605 2794; x_wconf 88' lang='lat'><strong>117,</strong></span> 
     </span>
     <span class='ocr_line' id='line_1_113' title="bbox 912 2798 1606 2846; baseline -0.01 -8"><span class='ocrx_word' id='word_1_577' title='bbox 912 2803 946 2838; x_wconf 89' lang='lat'><strong>8.</strong></span> <span class='ocrx_word' id='word_1_578' title='bbox 969 2801 1170 2846; x_wconf 85' lang='lat' dir='ltr'><strong>Byzantium</strong></span> <span class='ocrx_word' id='word_1_579' title='bbox 1186 2799 1313 2833; x_wconf 89' lang='lat' dir='ltr'><strong>munit:</strong></span> <span class='ocrx_word' id='word_1_580' title='bbox 1337 2798 1475 2832; x_wconf 78' lang='lat' dir='ltr'><strong>Siciliae</strong></span> <span class='ocrx_word' id='word_1_581' title='bbox 1492 2809 1606 2841; x_wconf 85' lang='lat' dir='ltr'><strong>regem</strong></span> 
     </span>
     <span class='ocr_line' id='line_1_114' title="bbox 911 2844 1606 2886; baseline -0.007 -3"><span class='ocrx_word' id='word_1_582' title='bbox 911 2854 949 2883; x_wconf 86' lang='lat' dir='ltr'><strong>et</strong></span> <span class='ocrx_word' id='word_1_583' title='bbox 966 2849 1116 2883; x_wconf 85' lang='lat' dir='ltr'><strong>Venetos</strong></span> <span class='ocrx_word' id='word_1_584' title='bbox 1134 2847 1171 2881; x_wconf 92' lang='lat' dir='ltr'><strong>in</strong></span> <span class='ocrx_word' id='word_1_585' title='bbox 1190 2844 1349 2880; x_wconf 79' lang='lat' dir='ltr'><strong>carolum</strong></span> <span class='ocrx_word' id='word_1_586' title='bbox 1367 2844 1516 2879; x_wconf 84' lang='lat' dir='ltr'><strong>concitat</strong></span> <span class='ocrx_word' id='word_1_587' title='bbox 1529 2846 1606 2886; x_wconf 78' lang='lat'><strong>124,</strong></span> 
     </span>
    </p>
   </div>
  </div>
 </body>
</html>
