1794 3172
253 159 355 208 988
676 161 992 210 NICEPHORI
1020 161 1345 208 GREGORAE

35 283 73 317 A.
96 284 142 318 Μ.
162 271 488 334 6859δρευόντων
517 269 692 318 δικτύων
721 271 859 327 ἓντδς,
897 273 942 317 τί
967 271 1047 317 ἔδει
1077 279 1206 317 ποιεῖν
1233 272 1396 332 ἕτερον,
1434 270 1461 329 ἢ
1483 273 1739 332 βραχυλογίᾳ

89 327 194 367 ¹¹¹d·4
250 344 521 404 χρησαμένῳ,
558 345 594 387 εἴ
613 342 816 398 δυναίμην
824 375 839 397 ,
877 341 1220 387 ἀπαλλάττεσθαι
1239 343 1316 399 τὴν
1335 342 1556 398 ταχίστην,·
1593 341 1642 386 οὐ
1659 342 1738 399 γὰρ

253 419 506 473 φυγομαχεῖν
539 411 669 463 εὐθὺς
699 410 846 468 ἐχρῆν,
886 414 954 456 καὶ
976 417 1111 456 ταῦτα
1140 410 1351 470 πρόφασιν
1373 411 1520 468 ἱκανὴν
1541 412 1737 468 κεκτημέ-

210 494 353 534 Βνους
380 483 599 540 ἄποφυγῆς
627 478 703 538 τήν
732 498 777 525 τε
806 478 933 526 νόσον
959 484 1030 525 καὶ
1061 481 1155 538 ἅμα
1179 482 1256 539 τὴν
1287 479 1481 538 μόνωσιν.
1527 476 1555 537 ἦ
1585 480 1664 539 γὰρ
1687 479 1737 524 ἂν

253 552 359 597 κατὰ
396 548 530 595 νώτου
560 552 772 594 κείσεσθαι
800 549 992 606 ἔμελλον,
1032 553 1182 603 δειλίας
1210 550 1464 610 γραφόμενοι
1498 551 1567 594 καὶ
1599 555 1771 599 λειπο-5

253 623 398 674 ταξίου
426 622 543 677 δίκην
570 617 801 678 ἐπάγοντες.
850 621 955 679 πρὸς
981 621 1056 677 μὲν
1091 617 1164 665 οὗν
1184 621 1232 665 τὸ
1265 626 1340 678 τῆς
1362 619 1567 677 θεότητος
1586 619 1733 675 ὄνομα,

251 692 311 748 μὴ
331 695 384 749 τῇ
406 690 528 751 οὐσίᾳ
547 694 709 746 μᾶλλον
729 689 755 746 ἢ
777 697 869 741 ταῖς
889 692 1104 748 ἐνεργείαις
1123 688 1341 749 ἁρμόττειν
1362 692 1513 749 κυρίως
1531 691 1599 733 καὶ
1620 687 1736 747 πρώ-

251 778 360 815 τως,
398 757 567 818 πρώτην
586 760 815 820 ποιουμένῳ
833 761 901 803 καὶ
919 760 995 817 τὴν
1015 758 1243 817 ἀπάντησιν
1253 793 1267 814 ,
1305 760 1451 819 ἤρκεσε
1479 763 1736 818 παραχρῆμα

251 830 356 889 πρὸς
376 827 494 873 λύσιν
514 829 562 874 τὸ
578 834 652 873 τοῦ
666 830 785 873 θειόυ
807 830 966 889 πατρὸς
986 830 1110 875 ἐκεῖνο
1127 831 1288 888 γεγονὸς
1307 831 1387 874 ἀνὰ
1405 828 1542 886 στόμα
1555 843 1565 853 ·
1591 862 1606 883 ,
1612 832 1735 884 ,θεοῦ

253 901 300 944 δὲ
322 899 423 944 ὅταν
441 898 567 954 εἴπω,
606 899 707 956 λε’γω
728 899 910 958 πατρὸς,
945 900 1040 944 υἱοῦ
1051 933 1065 954 ,
1103 902 1170 943 καὶ
1199 898 1315 955 ἁγίου
1344 897 1602 955 πνεύματος,
1642 897 1736 942 οὔτε
1750 903 1794 938 10

221 968 364 1033 Οζῦπέρ
389 972 525 1012 ταῦτα
546 967 848 1025 τῆςήθεότητος
862 970 1082 1026 χεομένης,
1109 971 1180 1013 ἵνα
1198 969 1257 1026 μὴ
1281 971 1415 1026 δῆμον
1436 973 1549 1013 θεῶν
1570 966 1738 1025 εἰσαγά-

253 1056 390 1097 γωμεν
404 1070 418 1093 ,
458 1037 552 1081 οὔτε
572 1038 684 1090 ἐντὸς
702 1037 861 1083 τούτων
879 1037 1138 1098 ὁριζομένης,
1173 1041 1244 1083 ἵνα
1279 1039 1338 1096 μὴ
1368 1040 1510 1083 πενίαν
1534 1035 1738 1094 θεότητος

254 1108 619 1165 κατακριθῶμεν.”
654 1110 723 1152 καὶ
737 1106 884 1152 πάλιν·
906 1141 920 1163 ,
926 1113 1049 1163 ,θεοῦ
1073 1110 1118 1152 δὲ
1134 1108 1234 1153 ὅταν
1256 1109 1370 1162 εἴπω,
1393 1107 1450 1152 ἑνὶ
1475 1110 1737 1166 ᾳωτὶπερια-

254 1176 503 1236 στράφθητε
529 1179 596 1220 καὶ
621 1180 775 1236 τρισίν·
813 1176 872 1221 ἑνὶ
897 1179 973 1234 μὲν
995 1178 1103 1222 κατὰ
1123 1179 1197 1222 τὸν
1220 1183 1295 1235 τῆς
1316 1178 1460 1228 οὗσίας
1480 1176 1628 1234 λόγον,
1653 1175 1733 1219 εἴτ’

255 1243 329 1291 οὖν
356 1245 582 1302 θεότητος·
619 1250 728 1305 τρισὶ
753 1248 860 1291 κατὰ
889 1248 964 1298 τὰς
991 1246 1224 1304 ἰδιότητας,
1264 1247 1342 1291 εἴτ’
1373 1243 1446 1291 οὗν
1466 1244 1729 1300 ὑποστάσεις,
1748 1252 1792 1289 15

252 1317 294 1360 εἷ’
313 1334 391 1360 τινι
411 1319 532 1374 φίλων
549 1321 707 1371 καλεῖν,
744 1316 771 1374 ’ἢ
793 1315 1009 1376 πρόσωπα.
1047 1317 1167 1361 οὐδὲν
1188 1317 1267 1375 γὰρ
1288 1318 1378 1375 περὶ
1405 1321 1489 1360 τῶν
1519 1313 1734 1371 ὀνομάτων

255 1384 614 1444 ζυγομαχήσομεν,
655 1387 730 1438 ἕως
750 1386 801 1430 ἂν
824 1387 928 1445 πρὸς
947 1387 1024 1444 τὴν
1046 1387 1175 1442 αὐτὴν
1191 1387 1348 1430 ἔννοιαν
1370 1387 1414 1429 αἱ
1435 1387 1638 1440 συλλαβαὶ
1660 1385 1735 1443 φέ-

209 1467 370 1515 Βρωσι.
409 1458 623 1512 διαιρεῖται
645 1456 724 1514 γὰρ
746 1456 1012 1515 ἅδιαιρέτως,
1048 1458 1119 1500 ἵνα
1142 1456 1275 1508 οὕτως
1294 1456 1406 1510 εἴπω,
1439 1457 1506 1498 καὶ
1530 1452 1734 1498 συνάπτε-

250 1543 320 1570 ται
343 1525 609 1583 διῃρημὲνως.
641 1524 687 1569 <ἓν
715 1526 794 1583 γὰρ
818 1528 860 1570 ἐν
883 1529 1016 1583 τρισὶν
1042 1524 1069 1582 ’ἦ
1090 1524 1267 1582 θεότης,
1305 1527 1374 1568 καὶ
1399 1524 1451 1568 τὰ
1473 1526 1568 1581 τρία
1586 1523 1630 1568 (ἐν
1640 1558 1654 1579 ,
1680 1524 1735 1567 τὰ

251 1590 295 1639 ἓν
321 1593 425 1651 οἷςῆ
449 1593 624 1652 θεότης,
662 1593 689 1652 ἢ
709 1594 758 1639 τό
777 1612 820 1653 γε
841 1595 1130 1654 ἀκριβέστερον
1157 1598 1278 1639 εἰπεῖν
1290 1628 1304 1648 ,
1343 1593 1370 1638 ἃ
1391 1592 1417 1651 ἡ
1445 1591 1620 1650 θεότης·
1657 1593 1791 1644 vas-20

252 1665 299 1707 δὲ
333 1663 569 1721 ὑπερβολὰς
599 1666 666 1708 καὶ
697 1666 892 1721 ἐλλείψεις
932 1665 1228 1720 ἐλλει’ψωμεν.”
1273 1666 1342 1707 καὶ
1379 1663 1654 1708 ὃΝυσσαέων
1684 1663 1730 1706 δ’

254 1732 406 1790 ὁμοίως
428 1732 576 1792 φάσκει
601 1737 643 1777 Γ
640 1732 854 1792 ρηγόριος·
886 1735 961 1788 „zi
981 1734 1028 1779 τὸ
1053 1737 1211 1779 ΘΕΟΣ
1238 1733 1369 1790 ὄνομα
1400 1733 1544 1784 οὐσίας
1571 1750 1732 1789 σημαν-

345 1823 378 1858 3.
402 1818 645 1866 κεκτημένους
663 1821 761 1859 Boiv.
780 1834 843 1868 pro
863 1820 1107 1867 κεκτημένοις.
1217 1823 1251 1857 9.
1278 1823 1428 1858 ΣΧΟΛ.
1449 1821 1520 1857 τοῦ
1535 1818 1731 1865 θεολόγον,

346 1869 401 1910 εἰς
417 1867 458 1904 τό
480 1867 585 1914 ἅγιον
602 1867 736 1914 πάσχα.
831 1870 886 1905 13.
911 1871 1062 1905 ΣΧΟΛ.
1081 1869 1152 1905 τοῦ
1173 1867 1305 1914 αὑτοῦ,
1331 1867 1370 1905 ἐκ
1386 1869 1457 1905 τοῦ
1475 1869 1528 1910 εἰς
1546 1866 1593 1904 τὰ
1610 1867 1731 1914 ‹paira-

345 1916 405 1950 22.
428 1917 578 1952 ΣΧΟΛ.
602 1915 642 1952 ἐκ
664 1917 732 1952 τοῦ
751 1913 1044 1962 πρὸς’“Έλληνοις.

254 1986 435 2029 terceptus
457 1985 659 2029 haerebam,
685 1985 768 2032 quid
785 1985 876 2021 aliud
894 1985 1012 2021 facere
1027 1984 1151 2028 debui,
1177 1983 1244 2020 nisi
1261 1987 1300 2020 ut
1319 1996 1393 2028 me,
1418 1984 1449 2020 si
1469 1995 1626 2030 possem,
1649 1983 1732 2019 bre-

253 2030 292 2066 vi
312 2031 468 2065 oratione
487 2033 731 2078 quamprimum
747 2033 826 2067 inde
844 2033 1067 2077 expedirem?
1091 2033 1246 2078 Pugnam
1268 2036 1362 2067 certe
1393 2032 1589 2066 detrectare
1615 2031 1730 2066 statim

252 2076 348 2111 haud
365 2078 538 2122 oportuit,
563 2079 700 2113 tametsi
718 2079 912 2113 declinandi
932 2079 1055 2114 idonea
1085 2080 1175 2114 ratio
1204 2083 1282 2113 erat
1304 2079 1441 2113 morbus
1475 2079 1551 2123 ipse
1579 2089 1653 2112 cum
1674 2089 1732 2111 so-

252 2122 397 2158 litudine
428 2125 638 2160 coniunctus.
685 2125 740 2159 Illi
770 2125 855 2159 enim
883 2137 904 2159 a
930 2131 1031 2171 tergo
1057 2126 1226 2160 instantes
1257 2125 1384 2160 crimen
1422 2125 1504 2160 mihi
1530 2123 1731 2159 timiditatis

253 2169 423 2204 obiecturi
435 2195 445 2212 ‚
470 2177 506 2205 et
523 2171 615 2217 quod
633 2172 743 2206 locum
760 2171 1006 2214 deseruissem,
1024 2185 1120 2207 reum
1142 2172 1255 2206 acturi
1274 2172 1431 2206 fuissent.
1477 2170 1531 2206 Ad
1549 2177 1731 2215 argumen-

252 2219 325 2251 tum
350 2216 458 2261 igitur
486 2229 528 2251 ex
556 2230 596 2251 eo
618 2219 777 2259 ductum,
800 2218 892 2263 quod
920 2231 1040 2253 nomen
1067 2217 1249 2263 θεότητος
1266 2218 1408 2265 proprie
1427 2222 1464 2252 et
1481 2217 1646 2263 primario
1664 2227 1732 2251 non

253 2262 366 2307 magis
386 2263 598 2298 substantiae
618 2276 720 2310 quam
739 2264 996 2309 operationibus
1018 2266 1216 2300 conveniret
1228 2291 1239 2308 ,
1260 2265 1402 2312 primum
1421 2263 1603 2309 respondi;
1627 2262 1732 2307 eique

253 2308 442 2344 refellendo
462 2310 601 2344 suffecit
620 2310 736 2345 statim
758 2310 843 2345 illud
869 2311 942 2346 divi
965 2312 1137 2354 doctoris,
1163 2312 1253 2357 quod
1272 2315 1344 2346 tum
1360 2310 1439 2346 mihi
1460 2314 1599 2355 praesto
1617 2308 1652 2343 in
1671 2319 1732 2344 ore

254 2355 412 2390 exstitit:
434 2357 547 2399 „Cum
565 2356 631 2390 Dei
653 2356 750 2399 dico,
775 2357 890 2392 Patris
909 2358 985 2393 dico
1004 2363 1040 2393 et
1058 2359 1140 2394 Filii
1160 2363 1197 2393 et
1216 2358 1370 2404 Spiritus
1388 2356 1509 2391 sancti.
1557 2355 1732 2390 Divinitas

254 2413 319 2436 nec
344 2402 437 2437 ultra
463 2403 551 2437 haec
575 2402 806 2446 diffunditur,
830 2416 874 2439 ne
893 2405 1043 2440 Deorum
1073 2406 1207 2440 turbam
1224 2405 1444 2445 inducamus3
1468 2414 1532 2437 nec
1551 2403 1640 2437 citra
1667 2402 1732 2436 hos

251 2448 339 2483 fines
357 2448 528 2491 consistit,
545 2460 588 2483 ne
606 2449 650 2484 ‹le
668 2450 786 2496 inopia
804 2450 995 2486 divinitatis
1012 2450 1240 2487 damnemur.”
1269 2451 1319 2485 Et
1336 2461 1477 2484 rursus:
1502 2449 1597 2491 „Dei
1615 2451 1733 2483 autem

251 2506 329 2530 cum
346 2495 423 2530 dico
434 2521 446 2539 ‚
467 2507 534 2531 uno
552 2495 678 2531 lumine
696 2502 732 2531 et
745 2496 856 2531 tribus
871 2497 1069 2532 circumfusi
1085 2497 1312 2532 irradiemini:
1336 2508 1403 2531 uno
1425 2495 1558 2542 quidem
1570 2520 1581 2537 ‚
1606 2506 1732 2530 secun-

251 2540 331 2576 dum
346 2542 511 2578 rationem
528 2542 742 2577 substantiae
761 2555 822 2578 seu
839 2543 1050 2586 divinitatisr,
1074 2544 1188 2579 tribus
1204 2548 1338 2586 autem,
1362 2543 1550 2577 secundum
1570 2540 1732 2588 proprie-

251 2591 346 2622 tates
370 2601 430 2624 seu
455 2590 658 2635 hypostases
692 2589 749 2633 (si
772 2589 848 2635 quis
874 2590 970 2625 malit
995 2591 1045 2626 ita
1068 2590 1220 2635 vocare)
1258 2601 1318 2624 seu
1343 2600 1520 2636 personas.
1568 2588 1660 2623 Nam
1686 2587 1731 2621 de

253 2634 446 2671 nominibus
465 2635 559 2670 nulla
577 2635 675 2670 nobis
693 2636 769 2670 rixa
789 2637 906 2671 futura
930 2640 1003 2679 est,
1029 2637 1189 2683 quamdiu
1209 2636 1363 2680 syllabae
1382 2636 1428 2670 ad
1446 2634 1589 2670 eandem
1615 2633 1731 2669 notio-

253 2691 331 2714 nem
349 2682 473 2718 fereut.
521 2682 664 2728 Quippe
683 2686 719 2716 et
735 2682 907 2717 indivisim
927 2683 1114 2727 dividitur,
1138 2687 1176 2717 ut
1196 2682 1247 2717 ita
1266 2682 1396 2724 dicam,
1420 2685 1458 2718 et
1483 2680 1618 2715 divisim
1648 2691 1731 2714 con-

253 2727 423 2763 nectitur:
446 2728 605 2775 quoniam
632 2728 796 2764 divinitas
812 2740 913 2764 unum
933 2734 986 2765 est
1008 2729 1044 2764 in
1070 2730 1203 2772 tribus3
1227 2732 1263 2763 et
1281 2729 1350 2764 tria
1370 2729 1450 2770 illa,
1475 2727 1511 2762 in
1530 2726 1653 2772 quibus
1676 2729 1732 2760 est

255 2772 439 2817 divinitas,
464 2786 526 2809 seu
544 2786 654 2821 quae,
678 2779 718 2810 ut
737 2775 934 2810 accuratius
950 2776 1090 2823 loquar,
1114 2775 1276 2811 divinitas
1295 2780 1370 2818 est,
1393 2785 1494 2810 unum
1517 2777 1608 2808 sunt.
1653 2772 1730 2807 Ex-

251 2829 371 2855 cessus
388 2825 502 2856 uutem
524 2832 565 2856 ac
581 2822 738 2857 defectus
763 2821 990 2857 omittamus.”
1030 2822 1168 2858 Pariter
1193 2826 1229 2856 et
1247 2821 1438 2867 Gregorius
1459 2821 1642 2865 Nyssenus
1657 2818 1728 2852 ait:

251 2866 309 2907 „si
330 2867 396 2903 hoc
411 2879 544 2910 nomen,
568 2867 681 2912 Dans,
704 2867 928 2904 substantiam
946 2868 1133 2915 significat,
1157 2879 1258 2905 uuam
1276 2867 1415 2904 divinae
1436 2865 1623 2903 Trinitatis
1647 2864 1726 2900 sub·
