1754 3164
193 116 218 161 1
225 115 324 163 268
740 121 1220 168 ANNOTATIONES.

190 233 349 267 mortuo
373 229 452 267 iam
484 233 569 266 tum
600 226 742 267 Clu-ele
775 228 979 279 Triballo,
1017 230 1059 269 in
1080 229 1206 269 Cralis
1229 235 1429 282 potestate
1458 237 1558 270 erat.
1618 228 1722 269 Vide

191 285 408 326 Cantacuz.
432 285 501 326 lib.
521 285 592 326 ΙΙΙ.
614 299 701 338 cap.
725 286 824 326 LIV.
846 301 935 340 pag.
959 289 1057 332 530.
1116 300 1274 327 BOIVIN.

216 394 220 398 ι
307 346 403 396 Pag.
433 341 535 392 654,
566 346 607 384 6.
664 342 709 384 ‘O
725 341 802 398 γοέρ
821 342 897 398 πρὸ
919 344 1085 399 βραχέος
1105 341 1378 398 ἐπιτροπεύων
1399 338 1455 397 ἦν
1474 342 1720 396 Μελενίκου]

193 402 404 439 cantacuz.
427 400 497 440 lib.
521 400 589 439 ΙΙΙ.
610 414 697 454 cap.
718 402 837 444 XLV.
859 416 949 455 pag.
969 402 1066 445 499.
1105 416 1280 442 DUCANG.

302 455 470 498 Ibidem.
533 460 763 500 Μελενίκου
785 456 1012 515 φρούριον]
1049 460 1151 500 Vide
1178 474 1300 513 supra
1320 459 1439 500 huius
1456 459 1553 498 libri
1578 472 1668 512 cap.
1689 458 1721 498 I.

191 521 290 556 sect.
310 517 352 558 3.
410 529 561 556 BOIVIN.

308 575 401 626 Pag.
433 573 537 623 655,
567 572 606 615 4.
663 577 853 628 Βραχεῖαι
871 573 968 629 μετοῖ
989 578 1109 617 τοῦτο
1129 591 1165 617 κ.
1187 591 1220 618 τ.
1242 575 1302 629 λ.]
1333 574 1435 616 Vide
1455 574 1719 613 Cantacuzen.

191 629 264 670 lib.
282 629 356 670 ΙΙΙ.
382 645 468 684 cap.
489 631 557 674 57.
614 646 764 672 BOIVIN.

308 690 403 742 Pag-
434 688 538 738 655,
570 692 610 732 8.
676 687 759 744 Τήν
791 690 849 740 εἷς
875 689 1074 746 Βέρῥοιαν
1106 691 1289 744 εἴσοδον]
1316 692 1539 731 θεώτεραι.
1561 690 1633 729 lib.
1655 690 1720 732 111.

191 758 282 798 cap.
303 744 373 788 58.
429 759 601 785 nummo.

309 805 405 857 Pag.
437 803 543 853 655,
576 807 641 846 19.
707 807 790 846 Τοῦ
809 800 995 853 ἐπιόντος
1015 802 1164 858 χρόνου
1187 802 1290 861 πρὸς
1317 801 1496 859 οἷμοιβήν
1518 801 1576 847 δι’
1599 801 1724 846 αὐτόν

194 855 387 913 ἆγαθῶν]
415 861 473 900 Ita
495 862 613 900 etiam
633 862 781 914 legitur
803 863 845 901 in
865 863 1010 902 Codice
1030 864 1241 915 Vaticano,
1272 864 1378 903 unde
1395 862 1495 903 haec
1513 863 1629 903 valde
1651 863 1725 901 ob-

192 931 312 957 scura
328 918 628 959 illustraturum
650 934 712 958 me
733 934 1002 973 speraveram.
1059 935 1216 961 nomm.

306 974 407 1030 Pog-
440 977 543 1028 656,
573 977 615 1021 4.
679 981 744 1035 Τῷ
764 976 807 1019 δὲ
824 981 907 1020 τῶν
932 980 1160 1034 Τριβαλλῶν
1178 975 1361 1037 ἆρχηγῷ]
1396 980 1607 1018 Cantacuz.
1626 977 1723 1017 ibid.

192 1047 365 1074 DUCANG.

305 1093 410 1144 Pag.
442 1091 546 1142 656,
576 1096 644 1135 23.
704 1091 906 1142 Βασιλέως
935 1090 1290 1148 πρωτεξᾶὃελφος]
1333 1095 1503 1134 Ioannes
1535 1092 1725 1144 Angelus,

195 1161 313 1201 quem
343 1144 517 1200 οἶνεψιόν
540 1147 661 1189 vocat
680 1151 787 1190 idem
808 1151 1107 1191 Cantacuzenus
1139 1153 1227 1195 eod.
1248 1167 1338 1206 cap.
1360 1153 1403 1191 id
1425 1159 1482 1191 est
1497 1148 1725 1206 patruelem.

192 1207 292 1246 Erat
311 1206 413 1245 enim
442 1205 547 1245 filius
574 1208 724 1247 sororis
753 1209 879 1260 patris
900 1210 983 1249 sui:
1014 1210 1184 1261 proinde
1213 1207 1550 1264 πρωτεξάὸελφον
1572 1209 1727 1261 impro-

193 1264 283 1317 prie
308 1263 500 1316 appellat,
536 1278 637 1317 quae
659 1280 744 1305 vox
775 1265 968 1318 patruelis
983 1266 1124 1322 filium
1156 1275 1285 1309 sonat.
1346 1268 1447 1307 Vide
1467 1268 1596 1305 Gloss.
1620 1265 1725 1305 med.

195 1321 369 1360 Graecit.
395 1320 437 1359 in
454 1317 713 1374 Ἐξάὸελφος,
746 1329 783 1362 et
802 1324 941 1364 Famil.
966 1325 1128 1376 Byzant.
1152 1339 1240 1378 pag.
1264 1326 1359 1370 249.
1417 1338 1591 1364 numne.

309 1375 475 1418 Ibidem.
531 1378 575 1420 ‘O
607 1384 683 1421 τοῦ
711 1381 904 1434 βασιλέως
946 1379 1297 1435 πρωτεξάδελφος]
1341 1382 1595 1437 Imperatoris
1629 1395 1723 1420 con-

194 1434 410 1482 sobrinus;
450 1450 532 1474 non
566 1439 719 1490 primus
756 1437 1023 1478 consobrinus.
1073 1437 1403 1493 πρωτεξάδελφος
1436 1440 1544 1479 idem
1577 1444 1637 1478 est
1670 1444 1726 1476 at.

196 1506 275 1545 que
307 1487 541 1545 ἐξάδελφος.
604 1496 734 1543 Quem
766 1495 1078 1547 Gregoras-hoc
1109 1499 1199 1537 loco
1238 1493 1572 1552 πρωτεξᾶδελφον
1604 1502 1726 1535 vocat

194 1550 449 1605 imperatoris
481 1551 770 1602 Cantacuzeni,
802 1567 888 1593 eum
919 1555 1220 1594 Cantacuzenus
1245 1556 1330 1608 ipse
1359 1551 1578 1606 ἕξᾶδελφον
1606 1559 1727 1592 vocat

196 1607 299 1647 Hist.
318 1608 386 1647 lib.
408 1608 460 1648 II.
483 1623 573 1662 cap.
599 1613 638 1652 6.
670 1618 709 1650 et
733 1606 907 1662 οἷνεψιὸν
935 1612 1034 1651 Hist.
1065 1613 1134 1652 lib.
1165 1614 1237 1653 III.
1268 1628 1356 1666 cap.
1383 1615 1450 1659 32.
1484 1611 1725 1662 Ducangius‚

194 1666 237 1704 in
263 1666 464 1705 Glossario
482 1668 636 1707 mediae
655 1675 694 1708 et
712 1668 870 1708 infimae
889 1670 1125 1710 Graecitatis
1147 1671 1187 1709 in
1207 1685 1245 1710 v.
1267 1668 1506 1723 ἐξάδελφος,
1525 1666 1724 1721 πρωτὲξά-

197 1724 345 1773 δελφῡν
368 1725 654 1776 interpretatur
683 1726 921 1779 ἐξανέψιον,
957 1742 1029 1767 seu
1049 1728 1242 1781 patruelis
1257 1728 1418 1784 filium,
1451 1734 1489 1767 et
1510 1728 1726 1766 Harmeno-

195 1781 282 1834 puli
305 1781 531 1821 testimonio
552 1784 698 1834 utitur,
726 1784 790 1823 cui
820 1791 953 1823 tamen
980 1784 1305 1840 πρωτεξοὲδελφοι
1332 1786 1507 1839 proximi
1535 1790 1630 1838 post
1655 1785 1727 1824 αὑ-

194 1836 418 1889 ταδέλφους
443 1848 726 1891 numerantur,
757 1856 803 1881 ac
831 1844 1000 1895 βαθμοῦ
1033 1840 1220 1896 τετάρτου
1251 1850 1507 1893 statuuntur3
1545 1843 1586 1880 id
1616 1840 1725 1893 quod

195 1896 389 1935 fratribus
415 1899 664 1949 patruelibus
693 1900 812 1952 plane
832 1900 1032 1939 convenit.
1089 1902 1174 1939 Nec
1193 1902 1317 1952 magis
1339 1902 1447 1940 favet
1467 1901 1557 1939 viro
1579 1899 1727 1938 doctis-

195 1953 298 1992 simo
326 1953 557 1994 Eustathius
597 1972 618 1995 a
660 1958 862 2009 Ducangio
896 1958 1082 1996 laudatus
1113 1959 1155 1997 in
1186 1973 1227 2000 v.
1256 1957 1606 2013 πρωτεξοὲδελφος,
1657 1956 1726 2008 qui

197 2010 312 2050 Iliad.
337 2012 376 2064 β.
403 2026 493 2080 pag.
514 2015 611 2056 307-
636 2010 855 2067 ἆνεψιοῦς,
885 2012 915 2069 ἢ
938 2012 1235 2069 αὕτανεψίους,
1265 2017 1554 2070 interpretatur
1572 2014 1726 2065 ἐξαδὲλ-

195 2083 302 2120 φους
322 2084 518 2123 πρωτους.
573 2086 728 2112 B01V1N.

311 2140 407 2191 Pag.
441 2139 544 2189 657,
574 2143 612 2182 6.
651 2136 877 2195 Ἀνωτέρω]
909 2141 1037 2182 Huius
1056 2143 1152 2183 libri
1174 2158 1261 2197 cap.
1284 2143 1352 2183 ΙΙΙ.
1374 2150 1472 2183 sect.
1497 2147 1535 2186 6.
1575 2156 1725 2183 noxvm.

309 2204 408 2260 Pag·
439 2208 542 2258 657,
572 2213 642 2252 20.
670 2206 890 2264 Ἀνωτὲρω]
914 2212 1014 2251 Vide
1033 2213 1179 2254 lib.XI.
1193 2228 1280 2267 cap.
1302 2213 1369 2252 III.
1392 2215 1540 2255 sect.3.
1568 2225 1727 2251 notvm.

313 2277 409 2330 Pag·
439 2277 544 2327 658,
577 2281 642 2321 10.
703 2277 919 2334 Φυγοῦσα]
968 2281 1069 2322 Vide
1101 2289 1216 2322 notas
1249 2282 1300 2321 ad
1327 2281 1399 2321 lib.
1429 2281 1500 2320 XI.
1540 2294 1629 2334 cap.
1659 2280 1725 2318 VI.

197 2338 296 2374 sect.
319 2335 358 2375 3.
414 2347 568 2373 BOIVIN.

313 2404 410 2455 Pag.
442 2402 543 2452 658,
576 2407 642 2445 11.
697 2399 812 2446 Ἀλλοέ
844 2409 969 2447 ταῦτα
1001 2405 1074 2460 μὲν
1115 2407 1160 2449 ἐν
1197 2409 1282 2455 τοῖς
1318 2405 1411 2460 ἑξῆς
1448 2405 1726 2461 διαρκέστερον

199 2455 521 2514 οἷφηγησόμεθα]
565 2461 763 2512 Gregoras
799 2463 841 2502 id
880 2465 989 2517 quod
1024 2464 1104 2504 hoc
1141 2465 1232 2503 loco
1266 2465 1490 2518 promittit,
1529 2477 1726 2515 nusquam

196 2517 441 2569 praestabit3
472 2531 700 2570 quanquam
722 2519 770 2559 de
787 2521 1018 2574 Nicephoro
1046 2522 1180 2561 Annae
1197 2521 1294 2571 filio,
1326 2529 1366 2561 et
1389 2522 1438 2563 de
1462 2521 1584 2562 rebus
1609 2521 1726 2560 Aeto-

197 2575 353 2625 lorum,
384 2576 507 2615 semel
523 2576 643 2615 credo
665 2577 771 2615 circa
799 2579 997 2619 Historiae
1017 2579 1134 2618 finem
1162 2586 1322 2618 acturus
1346 2587 1416 2621 est.
1440 2576 1444 2582 ⁸
1472 2593 1626 2619 1301vffl.

314 2646 410 2697 Pag·
442 2645 546 2696 658,
575 2646 644 2689 24.
686 2643 902 2702 Ναύαρχον
924 2647 1023 2702 ἔχων
1041 2645 1212 2699 Ἀλέξιον
1228 2645 1300 2691 τᾶν
1319 2645 1593 2700 Ἀπόκαυκον]
1625 2648 1728 2687 Can-

198 2707 328 2741 tacuz.
346 2701 417 2741 lib.
437 2702 505 2743 111.
529 2717 621 2754 cap.
649 2703 718 2746 58.
774 2719 951 2746 onemo.

314 2761 410 2812 Pag·
440 2760 541 2811 659,
572 2764 610 2804 9.
670 2763 867 2815 Ποταμοῦ
892 2759 1106 2818 διάβασιν]
1154 2762 1276 2804 Axii.
1322 2764 1536 2804 Cantacuz.
1561 2762 1632 2803 lib.
1656 2762 1727 2803 III.

199 2829 286 2869 cap.
309 2816 375 2860 58.
396 2816 463 2861 59.
520 2831 692 2861 numne.
