1794 3172
320 139 639 187 HISTORIAE
669 138 1046 185 BYZANTINAE
1074 137 1193 184 XVI.
1211 143 1253 187 3.
1413 133 1530 184 -805

39 249 198 310 νῆσεις,
229 249 312 296 ὕπὸ
338 253 456 296 δυοΐν
479 250 729 308 ὄχληθείσας
748 254 927 303 παθῶν,
966 250 1205 309 φιλοτιμίας
1225 247 1331 307 ὁμοῦ
1349 253 1419 296 καὶ
1443 254 1527 296 δει-
1550 259 1588 290 Δ.
1602 254 1749 293 (3.1347

38 325 143 373 λίας.
204 321 299 381 (Β.)
335 323 422 366 Καὶ
439 322 516 377 μὲν
535 321 587 378 δὴ
607 319 750 364 λοιπὸν
771 321 986 376 ε’κπέμπειν
1006 317 1136 364 ἐδόκει
1158 321 1324 376 βέλτιον
1343 305 1750 388 Εἷρήνηνῐῃᾞζέιξῑζοῖψ

37 392 115 448 τὴν
137 393 359 446 βασιλίδα,
387 392 586 447 βαθείαις
614 408 658 434 τε
681 390 899 447 χριομένην
926 396 1021 440 ταῖς
1048 394 1125 446 τῆς
1154 391 1356 442 συνέσεως
1376 392 1565 444 αὕλαξιῦ

37 464 106 505 καὶ
131 460 220 516 ἅμα
241 461 500 517 οῗκονομικὴν
532 461 574 511 ἐς
602 460 656 503 τὰ
685 458 869 515 μάλιστα
898 455 1029 503 οὖσαν
1060 459 1105 502 ἔκ
1126 477 1170 503 τε
1194 462 1339 518 πείρας
1355 463 1423 505 καὶ
1442 460 1527 521 φύ-

5 537 165 585 5σεως,
201 533 269 575 καὶ
294 530 617 587 μαλακωτέρους
634 529 748 580 τινὰς
770 529 843 581 ξὺν
870 533 932 589 τῷ
950 533 1144 589 πιθανῷ,
1178 533 1246 573 καὶ
1274 530 1381 583 ὅλως
1403 534 1527 576 εἰπεῖν

34 601 262 659 μητρικοὺς
279 605 339 660 τῷ
366 602 484 644 παιδὶ
503 601 679 655 κομίζειν
702 602 857 642 εἰδυῖαν
885 597 1046 656 λόγους.
1085 597 1272 657 ἐξιούσης
1290 603 1429 645 τοίνυν
1447 602 1526 645 αὖ-

35 676 136 727 τῆς,
174 670 314 714 ἓπειδῖ-
347 672 438 727 περὶ
461 668 694 728 Πάμφιλον
728 667 899 726 ἐγεγόνει
932 668 1009 725 τὴν
1032 667 1176 723 πόλιν,
1212 670 1318 728 πρὸς
1336 670 1526 729 ἀπάντη-

35 758 102 784 σιν
121 740 248 791 αὖτὸς
265 738 482 798 ἐπορεύετο
499 738 615 795 μάλα
635 739 905 798 τεθαρρηκὼς
922 743 999 795 τῆς
1016 739 1190 796 μητρὸς,
1224 743 1292 783 καὶ
1312 740 1400 797 ἅμα
1415 743 1524 786 ἔπει-

32 809 206 867 γόμενος
225 809 332 853 κατὰ
351 809 428 868 τὴν
450 811 634 867 πορείαν,
658 811 753 867 πρὶν
772 811 814 860 ἐς
831 807 1077 867 Ὀρεστιάδα
1098 809 1326 867 ἀφικέσθαι
1344 811 1422 868 τὴν
1437 817 1563 869 μη-Ι)

0 881 158 938 Οτέρα,
190 880 268 932 ἔξω
288 897 371 941 που
395 879 763 937 προκατειληφέναι
774 912 788 933 ‚
823 880 892 922 καὶ
913 878 987 923 τὸν
1007 884 1084 936 τῆς
1112 879 1289 937 ἀφίξεως
1304 879 1526 939 πόρρωθεν

33 950 252 993 πυθέσθαι
284 948 453 994 σκοπόν.
502 947 530 1006 ἦ
560 950 606 992 δὲ
640 949 738 999 τοὺς
768 950 921 993 ἐκείνου
961 954 1104 1007 σοφῶς
1145 952 1523 1008 παρακρουσαμένη

34 1017 218 1076 δρόμους
248 1018 400 1063 ἔλαθεν
430 1019 546 1069 ε’ντός
567 1017 834 1075 Ὄρεστιάδος
860 1023 1218 1076 παρεισπεσοῦσα,
1248 1021 1344 1078 πρὶν
1373 1021 1525 1064 αι’σθέ-

33 1094 140 1133 σθαι
160 1089 232 1132 τὸν
247 1087 351 1133 υἱόν.
377 1088 468 1148 (Γ.)
499 1088 608 1132 Ἐπεὶ
630 1090 676 1132 δὲ
702 1088 817 1146 παρὰ
838 1088 915 1145 τὴν
936 1086 1034 1132 ὁδὸν
1054 1086 1077 1132 ὅ
1100 1092 1337 1141 Ματθαῖος
1358 1089 1648 1147 ἧκηκόειΡ.507

31 1159 78 1203 τὸ
104 1161 248 1216 δρᾶμα
257 1192 271 1213 ,
308 1160 378 1202 καὶ
406 1158 670 1215 βαθυτέραις
700 1158 804 1216 ἔγνω
831 1163 980 1217 σαφῶς
1010 1163 1085 1214 τῆς
1104 1159 1266 1218 μητρὸς
1287 1177 1520 1219 κατασοφι-

0 1243 19 1279 5
32 1231 150 1279 σθεὶς
170 1229 391 1282 ἐπινοίαις,
423 1229 468 1279 ἔς
484 1228 561 1284 τὴν
580 1226 806 1286 ὑστεραίαν
822 1230 891 1272 καὶ
915 1228 1043 1279 αὐτὸς
1059 1233 1111 1287 τῇ
1130 1228 1365 1287 Ὀρεστιάδι
1383 1231 1520 1275 ἐπιδε-

31 1297 187 1355 δήμηκε
201 1331 215 1352 ,
247 1300 316 1342 καὶ
346 1302 399 1357 τῇ
425 1315 469 1342 τε
488 1300 617 1357 μητρὶ
645 1298 722 1355 τὴν
744 1296 1039 1357 προσήκουσαν
1059 1298 1258 1343 ἀπεδίδου
1283 1299 1520 1359 προσκύνη-

30 1386 96 1412 σιν
126 1370 195 1412 καὶ
225 1367 315 1424 ἅμα
334 1367 439 1427 πρὸς
458 1367 570 1411 ἅπαν
587 1368 636 1412 τὸ
655 1367 918 1424 κελευόμενον
936 1367 1172 1425 ὑπισχνεῖτο
1192 1371 1382 1428 παρέχειν
1401 1368 1519 1415 ὗπεί-

5 1456 156 1504 ..κοντα
184 1436 332 1482 ἑαυτὸν
343 1472 358 1492 ,
391 1440 427 1482 εἶ
447 1437 539 1489 δέος
570 1437 683 1483 ἅπαν
704 1439 880 1491 ἐξέλοιτο
903 1443 980 1495 τῆς
1001 1440 1154 1483 ἐκείνου
1182 1445 1349 1496 ψυχῆς,
1377 1438 1519 1499 μήτηρ

4 1505 13 1515 ”
27 1526 72 1552 τε
104 1504 211 1552 οὖσα
236 1509 305 1552 καὶ
323 1507 466 1565 ψυχὴν
493 1512 630 1559 καλῶς
656 1510 788 1552 εῗδυῖα
808 1506 1053 1566 θεραπεύειν
1074 1508 1344 1568 ἇμφιρῤεπῶς
1361 1514 1518 1554 ταλαν-

0 1578 249 1635 ῠτευομένην
277 1575 358 1621 ὕπὸ
393 1579 567 1630 δειλίας,
607 1576 674 1621 καὶ
703 1577 825 1638 φόβῳ
855 1579 1157 1634 τινασσομένην
1186 1584 1262 1622 τοῦ
1292 1580 1555 1635 μέλλοντοςΒ

24 1646 192 1704 γνώμην
211 1647 304 1690 υἱοῦ
329 1646 611 1705 φιλομήτορος
630 1652 841 1708 συνιστᾷν.
879 1645 906 1704 ἧ
930 1648 976 1690 δὲ
993 1646 1108 1703 μάλα
1134 1652 1361 1703 βασιλικῶς
1381 1666 1515 1707 προσ-
1524 1656 1569 1695 V.
1578 1655 1650 1695 410

26 1722 198 1761 ειποῦσα
232 1719 300 1760 καὶ
327 1715 434 1772 μετά
470 1734 582 1767 τινος
619 1718 817 1768 ἐπιεικοῦς
847 1719 1199 1776 μεγαλοπρεπείας
1238 1719 1515 1777 δεξιωσαμένη

22 1788 97 1830 τὸν
121 1787 214 1831 υἱὸν
236 1785 335 1830 τάδε
358 1787 556 1838 διέξεισιν.
612 1786 708 1847 (Δ.)
743 1787 881 1844 ,,Ἐγώ
902 1786 1069 1847 (φησὶν)
1095 1783 1128 1831 ὦ
1148 1794 1238 1841 παΐ,
1270 1788 1347 1845 τὴν
1363 1807 1516 1848 παροι-

21 1858 123 1913 μίαν
135 1890 148 1910 ,
187 1856 264 1913 τὴν
285 1856 352 1900 ἀεί
368 1874 408 1900 τι
425 1854 575 1913 Λιβύη
585 1890 598 1911 ‚
630 1855 892 1915 φάσκουσαν,
924 1857 1037 1917 φέρει
1058 1858 1222 1913 καινὸν,
1249 1859 1403 1903 ἐπαινῶ
1417 1860 1509 1916 με’ν,

114 1969 149 2004 8.
173 1965 290 2011 αὐτὸς
311 1967 412 2003 Boiv.
434 1980 499 2016 pro
523 1966 652 2015 αὐτῆς.

20 2061 156 2096 flamma
171 2061 219 2096 ad
236 2061 367 2096 caelum
384 2073 494 2108 usque
511 2062 689 2105 ventilata,
712 2061 898 2098 affectibus
916 2061 1049 2098 duobus
1065 2061 1251 2098 ambitione
1268 2067 1305 2098 et
1319 2066 1412 2099 metu
1429 2074 1509 2110 per-

20 2109 192 2143 turbatos.
247 2109 333 2154 (11.)
363 2109 505 2144 Demum
529 2109 564 2144 ei
587 2109 698 2144 satius
720 2109 830 2144 visum
856 2114 911 2145 est
933 2110 1059 2145 Irenen
1082 2110 1220 2146 mittere
1242 2109 1508 2156 imperatricem,

19 2157 111 2200 quae
130 2155 249 2189 mulier
272 2155 364 2189 altae
386 2157 530 2198 mentis,
555 2156 742 2201 eademque
762 2156 807 2191 ad
825 2168 883 2191 res
898 2157 1099 2192 tractandas
1123 2168 1197 2192 cum
1213 2162 1338 2192 natura
1357 2169 1420 2192 sua
1438 2162 1509 2193 tum

21 2201 98 2247 ipso
117 2213 180 2236 usu
199 2202 285 2236 mire
302 2202 441 2245 habilis,
463 2203 619 2237 mollibus
638 2203 839 2249 quibusdam
858 2209 896 2239 et
912 2204 956 2239 ad
974 2203 1249 2250 persuadendum
1272 2204 1508 2239 accommoda-

19 2248 80 2290 tis,
103 2249 266 2283 maternis
283 2248 433 2295 deniqne
450 2249 555 2284 dictis
573 2249 679 2284 filium
697 2250 846 2295 aggredi
862 2262 932 2285 una
946 2250 1090 2285 omnium
1106 2251 1250 2285 maxime
1265 2252 1410 2286 sciebat.
1432 2251 1508 2285 Ita·-

19 2307 89 2340 que
106 2295 192 2330 haec
207 2295 398 2340 egreditur.
445 2295 507 2331 Ille
525 2296 645 2338 matri,
669 2309 747 2331 cum
764 2302 858 2332 esset
873 2298 968 2344 apud
985 2298 1103 2332 urbem
1118 2297 1346 2343 Pamphilum,
1369 2298 1507 2332 obviam

19 2342 179 2387 procedit
197 2353 321 2387 magna
341 2342 489 2385 fiducia,
513 2343 724 2389 festinatque
742 2355 829 2386 eam,
854 2350 1038 2390 antequam
1054 2344 1274 2379 Orestiadem
1293 2345 1507 2390 pervenerit,

16 2387 551 2471 3³3330¹221225tffl⁰⁰b253152⁸
571 2390 1111 2473 dssffi‘sssffiaffifflffifflff
1124 2390 1506 2479 ffirffimum³⁰m¹¹g13

18 2482 137 2515 urbem
151 2482 384 2525 otestiadem,
406 2462 588 2529 antequa'm
606 2483 696 2518 filius
712 2484 890 2528 sensisset,
911 2484 1114 2531 irrepserat.
1162 2484 1265 2530 (111.)
1289 2483 1504 2526 Matthaeus,

18 2533 198 2573 postquam
222 2527 258 2562 in
274 2528 333 2563 via
350 2529 387 2563 id
409 2529 502 2576 quod
525 2530 701 2565 acciderat
723 2531 877 2574 audivit,
900 2543 943 2567 ac
961 2530 1005 2566 se'
1021 2531 1264 2566 occultioribus
1281 2530 1402 2565 matris
1418 2541 1503 2565 eon-

18 2573 107 2607 siliis
126 2575 391 2611 circumventum
409 2581 506 2611 certo
525 2578 700 2622 cognovit,
718 2578 888 2624 postridie
907 2584 943 2613 et
958 2578 1034 2624 ipse
1051 2577 1271 2613 Orestiadem
1288 2576 1407 2618 venit;
1428 2588 1504 2611 ma-

15 2626 117 2662 trem,
140 2625 181 2654 nt
199 2633 263 2666 par
282 2627 359 2665 est,
383 2622 527 2658 salutat:
550 2624 649 2658 simul
667 2636 718 2666 se,
742 2624 909 2671 quidquid
926 2625 988 2660 illa
1007 2625 1171 2667 iusserit,
1194 2624 1288 2659 dicto
1306 2622 1503 2658 audientem

16 2667 93 2701 fore
114 2667 307 2712 pollicetur,
329 2670 429 2704 modo
452 2681 581 2705 omnem
601 2670 667 2705 sibi
686 2676 812 2706 metum
831 2683 876 2706 ex
893 2671 1004 2706 animo
1022 2671 1190 2712 revellat-3
1212 2675 1354 2705 matrem
1372 2668 1504 2716 quippe

14 2724 92 2747 eam
111 2725 211 2756 esse,
234 2725 323 2760 quae
338 2716 484 2750 animum
503 2716 624 2751 timore
643 2729 863 2763 suspensum,
885 2725 924 2753 et
942 2717 1052 2762 futuri
1069 2722 1206 2754 terrore
1223 2727 1422 2752 concussam
1437 2715 1503 2750 filii

13 2760 238 2794 amantissimi
253 2765 410 2805 mentem,
426 2763 563 2798 firmare
580 2765 712 2810 optime
729 2764 848 2799 sciret.
894 2765 996 2800 Haec
1010 2776 1096 2799 vero
1112 2764 1230 2805 filium,
1250 2763 1400 2807 benigna
1415 2774 1502 2808 qua·

13 2805 92 2840 dam
108 2807 287 2842 maiestate
303 2813 496 2855 exceptum,
519 2821 663 2855 prorsus
682 2810 782 2856 regie
797 2811 993 2856 alloquitur,
1017 2814 1054 2846 et
1071 2812 1161 2846 hanc
1178 2811 1283 2845 habet
1300 2808 1498 2844 orationem.

13 2852 114 2898 (lv.)
131 2853 274 2900 „Ego‚”
289 2854 417 2901 inquit,
439 2855 524 2900 „mi
537 2856 588 2892 fili
598 2883 609 2901 ,
633 2857 853 2904 proverbium
868 2857 975 2893 illud:
994 2869 1131 2905 semper
1145 2854 1266 2892 Africa
1283 2854 1415 2904 aliquid
1429 2855 1502 2892 fert
