1794 3172
397 116 715 188 HISTORJAE
743 95 1120 187 BnmAE
1151 141 1269 188 xrv.
1301 147 1340 188 1.
1398 215 1401 216 γ
1511 135 1613 183 693

125 259 209 313 ρῶν
231 255 274 298 ἐν
292 257 353 314 τῷ
372 254 631 311 τῶνμεταξῦ
648 251 838 311 μεγάλων
867 253 1029 297 ἐκείνων
1056 249 1314 311 πραγμάτων
1336 249 1528 296 κλύδωσι
1542 250 1660 296 καὶἈ.
1679 262 1719 295 c.
1740 260 1794 296 132.

123 320 182 369 ὧν
202 326 424 376 ἐνεδείξατο
445 326 640 382 γενναίων
660 322 855 382 ἀγώνων,
893 322 937 366 ἕν
958 340 1002 366 τε
1020 327 1196 378 βουλαῖς
1230 324 1298 365 καὶ
1330 320 1482 380 δώροις
1501 309 1794 391 παν-Ιῆξὲέἶξ

121 397 249 446 τοιόις
282 396 351 438 καὶ
386 397 597 451 μειλιχίοις
639 393 798 451 λόγοις,
846 392 907 436 δι’
948 387 1006 436 ὧν
1039 390 1144 448 ὄμοῦ
1178 391 1436 450 στρατηγούς
1464 395 1741 438 τε“καὶΡ.433

119 463 383 523 στρατιώτας
401 463 659 523 ἄνεῤῥώννυέ
673 476 716 508 τε
736 465 805 507 καὶ
826 462 931 520 πρὸς
946 462 995 506 τὸ
1014 460 1292 520 εὐψυχότερον
1313 464 1612 506 διανίστασθαι

85 531 394 592 5παρεσκεύαζε
408 548 418 558 ·
454 535 511 591 πὴ
532 535 608 590 μὲν
629 532 905 586 θωπεύουσα,
941 531 998 589 πὴ
1016 532 1059 575 δ’
1091 532 1332 589 ἐλέγχουσα·
1368 534 1437 576 καὶ
1454 532 1512 589 πὴ
1533 533 1610 588 μὲν

119 612 212 655 ταῖς
242 602 490 662 ὀξυρρόποις
522 609 607 648 τῶν
644 601 898 661 πραγμάτων
928 602 1088 646 ἐκείνων
1115 605 1320 654 ποικίλαις
1356 607 1611 658 μεταβολαῖς

117 674 195 730 τὴν
226 678 302 730 τῆς
330 675 482 724 οῗκειάς
507 674 767 717 ἀντιτιθεῖσα
795 673 979 723 διανοίας
999 670 1203 728 ὀξύτητα,
1241 672 1299 729 πὴ
1322 672 1367 716 δ’
1400 674 1609 728 οἷκονομι-

117 748 201 794 κῶς
218 742 555 801 ἇντιπράττουσα
573 750 664 793 ταῖς
683 744 727 786 ἐκ
748 744 979 796 Βυζαντίου
999 740 1144 798 λάθρα
1166 743 1235 785 καὶ
1261 742 1392 798 συχνὰ
1408 741 1646 800 προσιού-Β

117 830 211 864 σαις
238 813 384 856 ἄλλοτ’
417 813 558 864 ἄλλοις
587 818 671 857 τῶν
705 814 747 864 ἐς
771 811 1075 868 Διδυμότειχον
1105 817 1370 869 στρατιωτῶν
1401 810 1507 867 ὅμοῦ
1541 814 1736 862 xaiv,351

61 892 106 928 10
118 887 361 941 στρατηγῶν
395 881 644 940 ὗποσχέσεσί
672 900 716 926 τε
747 885 816 926 καὶ
849 885 1035 941 δολεροΐς
1057 880 1353 938 μηχανήμασι,
1391 884 1461 925 καὶ
1496 886 1608 938 λαμ-

115 958 233 1012 πρῶς
264 953 477 997 ἀνιστῶσα
515 951 804 997 κινδυνεύοντα
841 953 1000 996 πίπτειν
1033 950 1296 1010 φρονήματα.
1342 951 1527 1008 μάλιστα
1561 954 1607 997 δὲ

114 1028 191 1067 τοῦ
206 1025 470 1082 δραστηρίου
485 1026 555 1067 καὶ
577 1028 652 1080 τῆς
672 1023 882 1080 ἀγχινοίας
906 1022 1036 1079 αὐτὴν
1067 1020 1089 1065 ὃ
1110 1021 1328 1079 σατράπης
1341 1022 1498 1079 Ἀμοῦρ
1519 1024 1606 1074 ἐξε-

112 1092 247 1150 πλάγη
267 1093 573 1150 τεθαυμακὼς,
612 1091 752 1149 ἐπειδή
773 1110 816 1150 γε
844 1091 1098 1148 ἐμεμαθήκει
1130 1091 1287 1149 ταύτην
1309 1088 1441 1136 οὖσαν
1462 1095 1604 1136 αῗτιω-

111 1161 267 1224 τάτην,
311 1163 587 1222 ἀνθρωπίνως
607 1165 731 1207 εἰπεῖν
737 1197 751 1217 ,
790 1167 865 1219 τῆς
890 1165 1091 1218 διαμονῆς
1115 1164 1182 1206 καὶ
1202 1160 1443 1214 συστάσεως
1463 1167 1538 1207 τοῦ
1560 1181 1604 1207 τε

58 1240 100 1275 15
113 1237 296 1291 στρατοῦ
322 1236 391 1277 καὶ
413 1235 718 1290 Διδυμοτείχου
749 1237 825 1289 τῆς
854 1231 1014 1284 πόλεως
1047 1235 1117 1276 καὶ
1151 1232 1212 1276 δι’
1244 1233 1384 1277 αὐτῶν
1414 1237 1491 1290 τῆς
1517 1237 1641 1279 τῶνο

112 1302 218 1347 ὅλων
236 1307 296 1362 τῷ
319 1308 488 1359 βασιλεῖ
503 1302 758 1361 πραγμάτων
778 1304 821 1347 ἐν
839 1302 1026 1362 ἀσφαλεῖ
1037 1301 1345 1354 καταστάσεως.
1377 1305 1446 1347 καὶ
1464 1308 1601 1347 ταῦτα

107 1375 183 1429 μὲν
203 1377 352 1417 τοῦτον
379 1373 470 1430 ἴσχε
500 1374 573 1418 τὸν
603 1371 783 1432 τρόπον·
825 1375 894 1417 καὶ
917 1371 940 1417 ὅ
964 1373 1121 1430 χειμὼν
1144 1374 1188 1417 ἐν
1206 1371 1371 1425 τούτοις
1393 1372 1597 1417 ἐτελεύτα.

109 1442 205 1503 (Δ.)
241 1438 376 1500 ’.Ηρος
419 1444 465 1488 ‹5’
500 1443 730 1502 ἀρχομένου
776 1443 817 1487 οἷ
842 1444 935 1499 μὲν
973 1442 1195 1497 Βυζάντιοι
1235 1447 1319 1488 τῶν
1367 1447 1600 1502 λῃστρικῶν

107 1513 215 1556 κατὰ
234 1514 539 1570 Διδυμοτείχου
562 1514 752 1569 πολέμων
770 1515 838 1557 καὶ
856 1511 991 1570 λόχων
1012 1512 1268 1564 ἀποστάντες
1275 1547 1290 1567 ,
1328 1514 1407 1556 δέει
1426 1518 1502 1569 τῆς
1522 1515 1606 1556 ἐκεῖ

49 1590 97 1626 20
108 1587 319 1641 Περσικῆς
349 1582 585 1640 δυνάμεως,
633 1583 738 1641 πρὸς
776 1584 894 1641 ἕτερα
930 1582 1054 1627 πάλιν
1092 1581 1276 1641 ἐχώρουν
1313 1581 1595 1639 βουλεύματα.

108 1656 176 1696 καὶ
213 1652 266 1708 δὴ
298 1654 463 1709 βέλτιον
496 1653 631 1705 ἔδοξεν
663 1651 770 1696 εἷναί
800 1669 945 1711 σφισι,
992 1651 1220 1711 χρημάτων
1249 1652 1439 1713 ἀφθονίᾳ
1458 1651 1643 1711 κρύφαΙ)

104 1721 447 1781 περιεληλυθόσιν
463 1723 618 1781 Ἀμοὺρ
631 1756 645 1776 ,
677 1723 751 1767 τὸν
770 1721 989 1781 σατράπην
1009 1725 1078 1767 καὶ
1098 1721 1278 1780 ἡγεμόνα
1299 1727 1376 1779 τῆς
1390 1726 1602 1781 Περσικῆς

104 1791 343 1848 δυνάμεως,
378 1800 516 1837 πεῖσαι
546 1790 828 1837 καταλιπόντα
860 1791 1032 1857 Θρᾴκην
1071 1795 1140 1837 καὶ
1175 1795 1306 1851 φίλων
1345 1792 1503 1851 ἴρωτας
1535 1792 1600 1836 οἷ’-

104 1866 203 1907 καδε
224 1863 327 1923 πρὸς
337 1864 480 1908 Ἀσίαν
498 1862 675 1920 τάχιστα
705 1861 932 1921 ἐπανήκειν.
979 1863 1069 1924 (E.)
1107 1863 1199 1916 Τὰς
1214 1865 1259 1908 δὲ
1277 1860 1475 1915 τοιαύτας
1491 1861 1598 1907 ὕπο-

102 2021 288 2057 cessissent
308 2034 506 2068 magnorum
529 2022 746 2069 negotiorum
771 2022 938 2058 fluctibus
962 2021 1233 2058 constantissime
1253 2021 1478 2069 pertulisset3
1503 2021 1597 2067 quod

101 2070 226 2104 fortem
248 2070 392 2104 animum
419 2071 654 2116 praestitisset
680 2072 784 2105 rebus
809 2071 1031 2114 difficilibus3
1063 2070 1286 2106 deliberando
1305 2070 1461 2112 scilicet3
1485 2068 1596 2103 omnis

100 2116 238 2161 generis
259 2116 350 2151 dona
366 2117 565 2163 largiend03
588 2117 746 2152 mollibus
763 2117 869 2153 dictis
884 2118 1117 2153 confirmando
1137 2123 1242 2164 atque
1257 2118 1293 2152 in
1310 2116 1482 2152 meliorem
1498 2127 1595 2162 spem

100 2163 269 2208 erigendo
288 2163 393 2199 duces
413 2165 545 2211 pariter
564 2168 600 2199 et
615 2164 764 2208 milite53
787 2176 829 2199 ac
849 2176 940 2200 nunc
959 2165 1099 2211 quidem
1117 2164 1346 2207 blandiendo,
1368 2175 1458 2198 nunc
1476 2163 1595 2197 incre-

98 2210 238 2256 pando;
262 2222 353 2245 nunc
373 2212 543 2246 celeribus
570 2216 607 2246 et
630 2211 739 2246 variis
762 2216 954 2258 temporum
978 2213 1114 2248 illorum
1139 2211 1438 2247 vicissitudinibus
1461 2209 1595 2254 ingenii

99 2257 154 2291 sui
180 2257 334 2292 vividam
362 2258 432 2293 vim
462 2258 690 2305 opponend03
723 2271 814 2294 nunc
837 2260 1014 2306 sapienter
1040 2259 1253 2295 occurrendo
1284 2257 1595 2294 machinationibus

97 2303 227 2338 dolosis
248 2310 284 2339 et
302 2304 629 2351 pollicitationibus,
655 2317 743 2352 quae
762 2307 808 2341 ad
826 2307 1012 2342 tentandos
1031 2306 1266 2353 Didymotichi
1286 2305 1412 2340 milites
1431 2308 1468 2338 et
1485 2304 1595 2338 duces

98 2350 185 2385 alias
213 2351 299 2386 alios
325 2352 495 2398 Byzantio
523 2352 610 2387 clam
636 2357 672 2387 et
691 2353 814 2388 crebro
834 2354 1031 2388 venissent:
1055 2354 1205 2400 denique
1232 2353 1362 2388 animos
1387 2350 1595 2386 vacillantes

96 2398 239 2443 egregie
262 2399 462 2434 relevando.
519 2399 671 2434 Maxime
695 2405 809 2435 autem
833 2401 908 2435 eius
932 2401 1168 2436 strenuitatem
1197 2405 1234 2435 et
1255 2399 1431 2434 solertiam
1460 2396 1594 2442 stupuit

95 2451 202 2490 atque
223 2446 409 2480 admiratus
438 2450 492 2481 est
511 2447 694 2489 Ammius,
718 2451 902 2494 postquam
922 2448 1059 2494 accepit
1078 2459 1178 2483 unam
1202 2448 1311 2489 hanc,
1335 2449 1500 2492 quantum
1522 2445 1594 2477 lm-

95 2491 204 2526 marlis
220 2492 356 2527 viribus
376 2493 547 2538 praestari
568 2498 698 2539 posset,
723 2495 898 2536 effecisse,
920 2499 958 2529 ut
972 2499 1009 2529 et
1028 2495 1154 2530 milites
1174 2499 1211 2530 et
1228 2494 1307 2539 ipsa
1322 2492 1408 2527 urbs
1425 2490 1594 2536 Didymo-

96 2537 226 2573 tichum
251 2544 450 2574 constantes
468 2541 503 2574 in
522 2540 592 2575 fide
612 2546 809 2583 manerent,
833 2541 1022 2587 eademque
1041 2554 1150 2588 opera
1171 2546 1213 2577 ut
1227 2537 1430 2586 imperatori
1451 2538 1594 2583 negotia

94 2585 208 2620 omnia
229 2585 266 2620 in
284 2591 361 2621 tuto
387 2592 505 2622 essent
532 2588 714 2622 collocata.
764 2589 813 2623 Et
832 2588 919 2623 haec
945 2588 1083 2634 quidem
1109 2589 1162 2623 ita
1188 2600 1226 2623 se
1250 2588 1461 2622 habueruut:
1486 2590 1594 2630 atque

93 2630 230 2666 interea
250 2633 360 2668 hiems
380 2634 478 2671 abiit.
527 2634 630 2679 (IV.)
655 2635 748 2669 Vere
772 2635 913 2670 ineunte
933 2635 1096 2682 Byzantii
1125 2636 1169 2670 ab
1196 2631 1428 2681 oppugnando
1455 2643 1520 2677 per
1543 2631 1597 2666 la-

94 2678 242 2714 trocinia
262 2684 298 2714 et
316 2681 464 2715 insidias
478 2680 727 2726 Didymoticho
747 2682 975 2724 abstinentes,
998 2686 1092 2717 metu
1110 2682 1327 2717 Persicarum
1346 2678 1483 2722 virium,
1505 2688 1596 2723 quae

93 2723 166 2758 illic
192 2731 311 2769 erant,
337 2727 382 2761 ad
399 2728 469 2763 alia
488 2740 526 2762 se
549 2728 694 2762 consilia
718 2733 974 2764 converterunt.
1022 2730 1073 2764 Et
1097 2729 1163 2764 hoc
1185 2729 1323 2775 quidem
1342 2725 1506 2772 optimum
1525 2724 1595 2759 illis

92 2770 204 2805 visum
223 2778 290 2814 est,
314 2785 439 2819 magna
458 2775 628 2820 pecuniae
646 2775 683 2809 vi
700 2775 787 2810 clam
807 2775 1060 2811 circumvenire
1077 2776 1264 2818 Amurium‚
1285 2778 1458 2818 satrapam
1475 2777 1513 2807 et
1525 2771 1592 2806 du-

93 2827 167 2851 cem
185 2818 319 2854 Persici
338 2821 534 2863 exercitus,
559 2822 665 2867 eique
684 2823 916 2868 persuadere,
937 2827 977 2857 ut
995 2823 1121 2858 relicta
1137 2821 1316 2863 Thracia,
1339 2819 1528 2864 amicisque
1554 2823 1592 2853 et

92 2864 264 2900 amoribus
291 2865 461 2912 dimissis,
495 2868 533 2903 in
557 2869 675 2905 Asiam
701 2869 817 2905 abiret
839 2869 1090 2917 quamprimum
1117 2881 1159 2905 ac
1178 2870 1312 2905 domum
1340 2871 1590 2903 reverteretur.
