1754 3164
528 173 1006 219 ANNOTATIONES
1211 139 1218 141 “
1409 172 1542 221 1283

16 277 121 330 ψας,
160 276 230 319 καὶ
258 277 466 332 βασιλείαν
501 283 576 322 τοῦ
602 283 710 321 θεοῦ
736 283 855 322 τοῦτο
883 280 1074 332 καλέσας,
1116 281 1303 333 ἐδίδαξαν
1330 282 1451 339 ἧμας.
1494 300 1544 327 ου

17 331 94 390 γάρ
123 334 230 376 ἐστιν
257 334 288 388 ἦ
315 338 496 390 βασιλεία
524 341 597 379 τοῦ
627 341 733 379 θεοῦ
761 335 886 407 δουλη
916 338 985 380 καὶ
1012 337 1162 393 κτιστή.
1181 338 1312 409 μόνη
1340 359 1423 414 γαρ
1442 338 1545 415 αῦτη

17 390 166 442 παντὸς
195 395 346 446 μᾶλλον
375 391 635 454 ἀβασίλευτος
659 394 728 436 καὶ
757 392 976 449 ἀήττητος,
1023 396 1093 439 καὶ
1121 393 1269 451 χρόνου
1298 397 1446 449 παντὸς
1475 400 1547 441 καὶ

19 450 170 499 αἰῶνος
197 450 392 492 ἐπέκεινα.
424 449 552 501 ου’τως
583 455 660 494 οὐν
683 451 800 506 ἡμεῖς
828 471 899 495 ενα
925 470 1026 495 κατα
1055 452 1122 496 τὸν
1151 455 1276 524 μέγαν
1300 452 1548 499 Ἀθανᾶσιον

20 507 65 548 ἐν
94 511 168 577 μιᾷ
195 503 362 562 θεότητι
386 509 555 563 σέβομεν
576 507 692 561 θεὸν,
723 507 774 552 ου’
794 527 895 552 κατα
915 527 992 564 την
1018 508 1162 554 οὐσίαν
1193 510 1326 585 μόνην
1348 512 1548 567 ἅκτιστον,

21 561 120 605 ἀλλὰ
148 565 217 606 καὶ
245 563 347 606 κατὰ
374 564 423 607 τὰ
452 568 542 618 περὶ
571 584 647 620 την
675 565 819 610 οὐσίαν
827 565 1113 639 θεωρούμενα
1140 571 1209 611 καὶ
1237 569 1550 625 θεολογούμενα,

22 638 99 674 την
129 619 327 675 δύναμιν,
365 622 441 677 τὴν
469 624 661 678 θέλησιν,
699 623 776 678 τὴν
811 622 1068 696 ιῖγαθότητα,
1109 625 1156 669 vo*
1185 632 1294 680 φῶς,
1324 627 1400 683 τὴν
1430 628 1549 696 ζωην,

22 678 92 720 καὶ
109 696 158 721 τα
175 683 365 721 τοιαῦτα·
395 681 464 722 καὶ
489 699 543 731 ως
561 686 655 736 μιᾶς
671 682 741 723 καὶ
762 686 834 736 τῆς
855 680 980 738 αὐτῆς
1000 683 1124 737 οὔσης
1143 688 1226 726 τῶν
1237 690 1367 753 τριῶν
1386 683 1551 739 προσῶ-

23 753 115 778 πων
133 737 201 778 καὶ
221 741 295 789 τῆς
314 736 455 788 οὐσίας
470 740 539 780 καὶ
559 743 632 792 τῆς
654 737 909 793 ἔλλοὶμψεως,
938 741 1008 782 καὶ
1029 741 1166 790 ἅπλῶς
1189 740 1323 796 πάσης
1343 741 1553 817 δυνάμεως

25 794 93 835 καὶ
116 795 314 849 ἐνεργείας
341 798 471 845 θείας.
491 796 513 838 6
541 796 584 838 δὲ
611 795 840 870 Ἀιὶίνδυνος
860 795 1047 850 ἄθέσμως
1066 801 1123 848 εἰς
1143 799 1278 841 κτιστα
1302 802 1367 842 καὶ
1390 799 1561 843 ὄῖκτιστα

25 849 95 892 τὸν
124 852 196 894 ἕνα
224 851 324 894 θεὸν
353 854 573 907 διχοτομεῑ,
613 855 682 895 καὶ
711 856 768 903 εἰς
798 853 873 897 δύο
902 854 1100 909 θεότητας
1128 855 1348 929 e’mpv'kpvg,
1390 860 1460 900 καὶ
1485 874 1554 901 ον-

26 925 106 958 τως
132 908 426 981 ὑπερκειμένην
456 926 497 953 τε
525 911 594 952 καὶ
621 912 862 966 υφειμένην,
894 911 970 965 τὴν
998 915 1095 967 μίαν
1124 915 1355 970 κατατέμνει
1382 914 1555 969 θεότητα

27 969 103 1008 τοῦ
130 965 281 1036 πατρός
309 968 379 1010 καὶ
408 972 483 1010 τοῦ
509 970 607 1011 υἱοῦ
633 970 703 1011 καὶ
729 974 806 1011 τοῦ
834 970 950 1025 ἆγίου
979 969 1227 1025 πνεύματος·
1255 971 1351 1044 τη“ν
1378 989 1476 1044 μενη
1484 970 1557 1015 οὕ-

30 1025 124 1065 σίαν
158 1029 232 1066 τοῦ
268 1029 375 1067 θεοῦ
410 1018 702 1086 ῦπερκειμένην
740 1027 884 1082 λέγων,
925 1027 982 1077 ῶς
1020 1026 1148 1082 μόνην
1176 1026 1267 1070 κατ’
1297 1026 1466 1072 αὐτόν’
1449 1029 1557 1072 οἰκτι-

33 1095 127 1124 στον
155 1079 352 1135 θεότητα·
391 1082 436 1125 τὰ
467 1083 510 1124 δὲ
540 1088 632 1134 φῶς
664 1085 815 1135 έκεῖνο,
843 1085 1069 1155 ῦφειμένην
1099 1103 1153 1135 ως
1180 1086 1343 1142 κτιστην
1372 1085 1558 1161 θεότητα.

33 1143 146 1181 ποιεῖ
172 1138 216 1180 δε
244 1138 408 1194 κτιστήν
437 1141 629 1183 ἐντεῦθεν
668 1143 736 1183 καὶ
774 1140 851 1195 τὴν
889 1139 1034 1185 ουσίαν
1070 1147 1146 1185 τοῦ
1172 1149 1287 1186 θεοῦ.
1346 1142 1395 1187 οὗ
1424 1144 1515 1216 γὰρ
1529 1144 1560 1198 ἦ

34 1197 233 1251 ἔλλαμψις
261 1196 420 1250 κτιστη,
443 1213 659 1273 ακτιστοντ
666 1196 765 1240 αὕτὸ
796 1197 872 1241 οῦκ
902 1200 994 1242 ἔστι.
1037 1198 1084 1242 το“
1113 1200 1157 1242 δὲ
1187 1205 1350 1255 πλῆθος
1376 1206 1458 1244 τῶν
1488 1200 1561 1244 ἅλ-

33 1259 116 1296 λων
145 1260 340 1312 πονηρῶν
368 1255 580 1327 αἱρέσεων,
613 1253 677 1306 αἷς
705 1257 898 1299 ἐντεῦθεν
926 1260 1165 1312 περιπίπτει,
1199 1277 1226 1314 η
1249 1263 1322 1302 τοῦ
1339 1264 1418 1301 νῦν
1437 1257 1561 1331 γράμ-

35 1328 161 1367 ματος
199 1314 394 1366 συντομία
435 1310 486 1356 οῦ
523 1319 652 1368 χωρεῖ.
709 1311 899 1385 καθάπερ
933 1314 976 1357 δὲ
1006 1315 1027 1357 6
1055 1318 1292 1369 Σαβέλλιος,
1335 1318 1379 1359 ἐν
1414 1322 1469 1374 τῷ
1504 1315 1560 1371 μὴ

36 1369 247 1422 διαφέρειν
275 1371 404 1426 λέγειν
431 1375 506 1413 τοῦ
533 1370 685 1424 πατρὸς
712 1370 783 1413 τόν
811 1371 928 1422 υἱόν,
976 1370 1031 1426 μὴ
1062 1373 1164 1426 ἔχειν
1191 1373 1281 1416 υἱὸν
1312 1373 1385 1416 τὸν
1413 1375 1563 1446 πατέρα

36 1423 312 1481 ἕδογμάτιζεν,
352 1427 482 1478 οὕτως
510 1428 536 1471 6
562 1426 818 1481 Ἀκίνδυνος,
857 1427 953 1472 ’ὅταν
982 1430 1074 1486 λέγῃ
1093 1430 1225 1504 μηδεν
1255 1432 1459 1485 διαφέρειν
1486 1430 1564 1484 τὴν

36 1486 159 1526 θείαν
189 1485 348 1539 ἐκείνην
377 1485 577 1540 ἕλλαμψιν
605 1487 675 1528 καὶ
711 1487 912 1557 ἐνέργειαν
946 1491 1020 1540 τῆς
1054 1486 1194 1538 οὐσίας
1222 1492 1297 1531 τοῦ
1323 1493 1448 1538 θεοῦ,
1488 1487 1565 1530 οῦκ

39 1543 143 1596 ἔχειν
172 1543 299 1595 φησὶν
339 1543 541 1598 ἐνέργειαν
575 1542 652 1596 τὴν
685 1540 830 1586 οὔσίαν
866 1548 940 1586 τοῦ
967 1547 1084 1586 θεοῦ.
1143 1546 1167 1588 6
1197 1544 1241 1587 δὲ
1268 1550 1386 1588 τοῦτο
1422 1546 1563 1601 λέγων,

40 1616 137 1654 μετα
167 1604 241 1641 τοῦ
269 1599 552 1650 Μεσσαλιανὸς
581 1599 704 1651 εἶναι,
735 1618 803 1642 και
829 1597 1007 1675 οἷναιρεῖ
1018 1602 1156 1652 τελέως
1183 1601 1252 1644 τὸν
1279 1601 1395 1654 θεόν,
1426 1602 1565 1644 ἑαυτὸν

43 1656 174 1699 α’θεον
211 1654 444 1711 ὑπάρχοντα
483 1656 658 1707 δεικνυς.
717 1657 762 1701 το“
792 1657 867 1713 γὰρ
898 1676 952 1713 μη
984 1659 1074 1712 ε’χον
1112 1660 1333 1714 ἐνέργειαν,
1376 1657 1567 1715 οῦδαμῶς

42 1716 124 1757 ἐστι
153 1731 253 1755 κατα
280 1714 376 1765 τοῦς
403 1713 641 1771 θεολόγους.
682 1714 749 1757 δια
776 1720 894 1758 τοῦτο
923 1714 967 1758 τὸ
993 1722 1111 1758 θεῖον
1141 1718 1268 1759 ἐκεῖνο
1297 1717 1366 1759 καὶ
1393 1732 1566 1772 προσκυ-

42 1771 167 1826 νητὸν
196 1769 318 1826 στόμα
345 1777 422 1815 τοῦ
447 1775 781 1828 τρισμακαρίστου
809 1790 878 1814 και
908 1773 1025 1828 αγίου
1055 1791 1132 1828 μου
1161 1771 1363 1816 αὕθέντου
1399 1775 1468 1816 καὶ
1498 1777 1568 1829 βα-

45 1829 207 1881 σιλέως,
248 1828 316 1872 δια
345 1834 421 1872 τοῦ
446 1833 665 1872 συνοδικοῦ
693 1844 796 1884 φησι
822 1827 964 1884 τόμον·
1005 1831 1060 1880 ῶς
1089 1833 1126 1873 εἰ
1151 1832 1220 1873 καὶ
1247 1830 1368 1900 πρός
1376 1836 1568 1874 τοσοῦτον

44 1885 157 1940 &mog
183 1889 360 1940 θεωρίας
387 1884 613 1942 ἆνέδραμον
642 1888 685 1929 ἐν
709 1891 766 1945 τῷ
796 1872 943 1959 Θαβωρ
974 1890 1016 1930 οἱ
1040 1893 1115 1931 τοῦ
1128 1891 1284 1959 κυρίου
1312 1886 1471 1943 μύσται,
1499 1886 1569 1943 26-

47 1961 113 2000 ριν
140 1945 210 1986 καὶ
233 1944 358 1996 δόξαν
378 1943 489 1988 εἶδον
488 1947 642 2020 θείαν,
673 1931 761 1986 ἄλλ’
781 1962 829 1987 ου
826 1962 922 2017 την
942 1959 1069 1997 φυσιν
1086 1943 1213 1999 αῦτήν
1231 1945 1306 2000 τὴν
1319 1950 1571 2001 χορηγοῦσαν

46 2001 122 2056 τήν
143 2000 275 2056 χάριν.
306 2020 375 2045 και
393 2019 469 2058 γαρ
488 2003 602 2056 ισμεν
621 2003 791 2057 ἐκείνην,
808 2002 890 2045 υπὸ
907 2007 988 2045 τῶν
1006 2005 1133 2045 θείων
1150 2006 1297 2059 λογίων
1311 2004 1570 2075 μεμυημένοι,

49 2057 285 2114 οἷμέθεκτον,
306 2059 499 2113 ἄληπτον,
519 2057 707 2112 ἀόρατον,
726 2061 795 2102 καὶ
814 2057 956 2111 αυταῖς
970 2066 1057 2110 ταῖς
1071 2061 1358 2117 ὕπερκοσμίοις
1381 2062 1449 2103 καὶ
1473 2058 1573 2103 οἴνω-

38 2116 155 2159 wirce
204 2115 410 2170 δυνάμεσι.
453 2121 533 2159 νῦν
569 2115 612 2159 δ’
646 2119 689 2159 οἱ
729 2116 1104 2171 καταφρονήσαντες
1138 2120 1207 2160 καὶ
1243 2123 1348 2160 θεοῦ
1386 2119 1456 2161 καὶ
1491 2122 1574 2160 τῶν

53 2175 99 2217 ἐκ
126 2179 233 2216 θεοῦ
264 2175 414 2231 οἵγίων,
445 2176 514 2217 καὶ
542 2179 615 2216 τοῦ
644 2175 687 2217 ἐκ
715 2179 821 2217 θεοῦ
848 2175 1041 2245 βασιλέως
1069 2176 1187 2229 ’ἡμῶν
1219 2177 1375 2218 ἐκείνου
1407 2177 1477 2218 και
1502 2180 1574 2229 τῆς

56 2234 274 2285 συνοδικῆς
300 2230 514 2283 ἐξετάσεως
549 2248 590 2273 τε
618 2232 688 2274 καὶ
717 2229 983 2285 α’ποφάσεως,
1027 2234 1096 2275 καὶ
1123 2238 1205 2305 τῶν
1234 2234 1299 2276 ε’πὶ
1325 2232 1450 2290 ταύτῃ
1481 2250 1574 2286 φρι-

51 2287 312 2332 κωδεστατων
340 2292 497 2344 δεσμῶν
525 2290 594 2332 καὶ
626 2286 984 2344 ἆναθεματισμῶν,
1014 2290 1122 2363 ημᾶς
1144 2307 1217 2345 μεν
1246 2288 1374 2341 οὕτως
1403 2276 1575 2344 εῦσεβῶς

56 2351 334 2400 φρονοῦντας,
363 2348 432 2389 καὶ
457 2345 553 2397 τοῦς
579 2347 680 2402 ημῖν
700 2347 1041 2418 ὁμοφρονοῦντας
1070 2346 1423 2402 α’ποκηρύττουσιν,
1449 2345 1575 2389 Ἀκίν-

56 2407 182 2447 δυνον
211 2404 255 2446 δὲ
291 2406 359 2447 καὶ
397 2422 494 2455 τους
534 2402 619 2455 οἷος
659 2401 803 2455 αῦτός,
843 2401 1037 2447 τάναντία
1073 2408 1277 2460 δυσσεβῶς
1312 2408 1574 2460 φρονοῦντας,

58 2466 327 2534 συνηγοροῦσι
353 2463 423 2504 καὶ
443 2463 680 2531 στηρίζουσι,
709 2462 827 2503 παντὶ
852 2460 996 2518 τρόπῳ,
1025 2462 1249 2512 κοινωνούς
1270 2463 1370 2516 εχειν
1396 2461 1464 2503 καὶ
1486 2464 1577 2502 συλ-

56 2518 311 2575 λειτουργοῦς
340 2517 642 2570 σπουδάζοντες.
698 2520 812 2559 Hanc
846 2521 1052 2574 epistolam
1089 2527 1188 2574 puto
1227 2519 1487 2572 primordium
1529 2532 1577 2557 ac

57 2578 235 2630 primum
258 2579 373 2617 velut
400 2578 702 2618 fundamentum
731 2578 855 2616 fuisse
884 2578 1006 2618 initae
1026 2579 1075 2618 ab
1098 2580 1275 2631 Augusta
1304 2590 1395 2617 cum
1417 2576 1577 2615 Palama

59 2634 253 2674 adversus
275 2635 547 2688 patriarcham
570 2636 782 2676 societatis.
837 2649 992 2678 nomm.

171 2706 274 2756 Pag.
304 2707 409 2755 769,
441 2707 511 2749 18.
571 2702 764 2757 Παύλου]
795 2703 860 2744 Ad
889 2705 1050 2745 Galatas
1077 2718 1164 2756 cap.
1187 2702 1216 2741 Ι.
1236 2714 1274 2740 v.
1293 2703 1332 2744 8.
1373 2713 1523 2740 nolvm.

173 2770 272 2826 Pag-
301 2777 407 2824 770,
437 2776 479 2817 3.
539 2777 688 2824 ,Κακῶς
715 2771 791 2829 μὲν
818 2770 931 2828 ἀφίει
956 2790 993 2816 κ.
1017 2789 1051 2815 τ.
1071 2770 1136 2827 λ.]
1175 2771 1290 2811 Hom.
1320 2769 1435 2809 Iliad.
1458 2768 1490 2808 1.
1513 2766 1580 2812 25.

62 2843 212 2870 1301le-
