1754 3164
525 158 1004 206 ANNOTATIONES.
1402 152 1536 202 1187

0 279 127 306 mense
154 264 303 306 Martio
333 265 441 307 circa
471 267 650 307 mediam
679 265 1023 320 quadragesimam
1053 264 1238 305 abdicata
1267 265 1462 318 dignitate
1490 266 1536 307 in

0 323 281 364 monasterium
290 323 592 366 Panaehrantae
606 324 676 376 (de
690 338 771 377 quo
787 323 939 375 egimus
949 322 994 362 in
1005 323 1355 379 Constantinopoli
1364 323 1534 377 Christ.)

0 381 182 433 secessit,
211 381 384 435 proinde
404 397 469 423 an.
489 382 583 426 Chr.
607 381 895 421 MCCLXXIX.
931 393 1111 423 numo.

114 442 209 492 Pag.
241 442 344 490 170,
373 442 415 482 2.
476 434 538 481 05
566 439 815 497 γενομένου]
846 437 1091 491 Pachymer.
1106 437 1178 481 lib.
1201 437 1286 479 VII.
1319 451 1406 493 cap.
1429 437 1534 480 VIII.

0 495 66 540 [X.
84 497 139 536 X.
156 496 324 535 XXXV.
354 510 534 538 nucum.

112 556 211 606 Pag.
245 556 350 604 170,
382 557 448 596 10.
502 549 579 596 Ἦν
613 552 659 596 δὲ
695 551 720 596 o‘
749 548 1008 603 Μουζᾶλων]
1062 551 1299 606 Pachymer.
1328 551 1399 592 lib.
1427 552 1533 594 VIII.

0 625 87 666 cap.
115 610 263 650 XXVI.
294 611 448 652 XXXI.
504 625 682 653 numne.

113 670 207 721 Pag.
237 670 320 711 170
328 697 340 718 ‚
371 672 439 713 17.
472 669 555 711 Καὶ
575 667 674 724 πρὸς
692 670 744 726 τῇ
761 667 986 724 πυραμίδι]
1018 666 1122 707 Vide
1144 667 1394 709 Gloss.med.
1411 668 1536 708 Grae-

0 726 69 767 cit.
96 725 139 764 in
162 726 362 779 Πυραμίς.
398 740 571 767 Dumna.

114 785 210 836 Pag.
246 785 347 832 171,
377 786 416 826 3.
478 783 563 824 Καὶ
588 782 835 836 Μετοχίτης]
873 781 1072 834 Georgius
1091 781 1341 822 Metochites.
1370 781 1538 836 Pachy-

0 854 95 881 mer.
122 840 192 880 lib.
209 839 297 880 VII.
325 853 415 894 cap.
431 841 603 882 XXXV.
635 841 687 880 de
718 854 798 891 quo
830 846 871 880 et
892 840 977 880 eius
1003 840 1165 893 scriptis
1183 840 1310 880 multa
1328 839 1453 880 habet
1472 841 1537 880 Al-

0 898 120 938 latius
144 897 187 936 in
205 897 385 937 Diatn‘ba
406 899 457 938 de
476 898 660 950 Georgiis
682 911 772 950 pag.
792 897 889 941 345.
919 911 1096 937 mmmm.

115 958 211 1007 Pag.
243 958 347 1008 171,
375 959 446 999 21.
508 953 618 1010 Πρὸς
643 952 716 997 τὸν
738 955 782 996 ἐν
800 954 1064 1010 Βλαχέρναις]
1097 954 1334 1009 Pachymer.
1355 955 1427 996 lib.
1451 956 1536 997 VII.

0 1026 88 1067 cap.
110 1012 238 1053 XVII.
253 1012 398 1052 XVIII.
416 1014 530 1053 XIX.
567 1026 745 1053 nummo.

116 1072 212 1122 Pag·
246 1073 349 1120 172,
380 1073 445 1114 16-
501 1067 775 1125 Ἐπιβοῶντας
794 1067 863 1121 τό,
893 1065 1098 1120 Ἀνάξιος]
1136 1069 1241 1109 Vide
1265 1070 1398 1111 Gloss.
1429 1070 1536 1112 med.

2 1127 179 1167 Graecit.
200 1126 245 1166 in
257 1124 410 1177 ’Ἄξιος
438 1142 616 1171 nucum.

118 1187 214 1236 Pag-
247 1187 351 1236 172,
383 1187 451 1228 19.
505 1186 589 1227 Καὶ
617 1188 702 1234 τοῖς
733 1183 797 1226 ἐπὶ
832 1179 985 1238 κόρῤης
1017 1183 1292 1238 ῥαπίσμασιν]
1324 1184 1537 1234 Quomodo

3 1243 42 1281 S.
58 1241 258 1293 Ignatium
279 1249 382 1295 patr.
403 1243 706 1295 constantinop.
729 1242 989 1293 degradatum
1016 1254 1064 1280 ac
1092 1241 1264 1294 pessime
1295 1249 1486 1282 vexatum
1515 1257 1540 1281 a

1 1298 210 1338 Photianis
231 1300 375 1340 scribit
391 1301 552 1341 Nicetas
570 1300 778 1354 Paphlago
797 1299 841 1339 in
871 1299 982 1338 illius
1008 1298 1092 1338 vita
1122 1313 1161 1351 p.
1195 1302 1320 1343 1207.
1356 1294 1464 1354 ἦσαν
1495 1298 1539 1342 δὲ

6 1357 50 1399 οἱ
75 1358 360 1409 κολαφίζοντες
387 1358 457 1400 καὶ
483 1361 829 1412 ταλαιπωροῦντες
857 1353 997 1398 αὐτόν.
1035 1370 1214 1395 nummo.

119 1418 218 1470 Pag.
248 1419 354 1467 173,
380 1419 424 1461 2.
457 1413 563 1459 Ου’δὲ
580 1414 656 1471 γάρ
678 1411 832 1468 οὐδεὶς]
851 1413 1087 1467 Pachymer.
1099 1413 1170 1455 lib.
1185 1413 1269 1455 VII.
1283 1428 1372 1468 cap.
1385 1414 1536 1458 XXIII.

0 1485 179 1512 nucum.

121 1533 215 1583 Pag.
249 1531 352 1579 173,
382 1531 425 1575 5.
457 1527 578 1573 Μετὰ
604 1532 730 1572 ταῦτα
756 1529 917 1579 τοίνυν]
956 1528 1196 1582 Pachymer.
1224 1529 1296 1570 lib.
1329 1528 1416 1572 VII.
1445 1543 1536 1583 cap.

3 1588 190 1627 XXXVI.
229 1599 408 1627 numne.

121 1647 217 1697 Pag.
250 1643 351 1696 174,
385 1649 423 1689 1.
467 1641 547 1685 ’Ἑν
566 1659 648 1685 τινι
669 1644 861 1701 πολιχνίῳ
881 1646 954 1696 τῆς
971 1641 1196 1695 Βιθυνίας]
1225 1642 1459 1696 Pachymer.
1480 1645 1541 1700 ’τῇ

6 1705 88 1744 τῶν
106 1698 364 1754 Νικητιάτων
387 1704 460 1756 τῆς
481 1698 747 1754 Δακκυβύζης
767 1702 981 1757 φρουρίῳ.·
996 1713 1174 1741 nummo.

123 1762 219 1812 Pag.
251 1758 353 1809 174,
382 1764 422 1803 2.
482 1758 565 1800 Καὶ
591 1756 641 1799 τοὶ
672 1756 802 1801 εἰκότα
828 1754 1245 1814 παραμυθησόμενος]
1288 1757 1426 1810 Neque
1453 1762 1539 1796 tan-

6 1823 92 1856 tum
124 1823 168 1855 ut
196 1816 386 1856 miserum
416 1817 638 1870 principem
670 1818 891 1866 solaretur,
935 1816 1007 1855 sed
1046 1821 1086 1854 et
1123 1821 1168 1854 ut
1198 1815 1247 1854 ab
1279 1829 1325 1854 eo
1354 1815 1540 1854 volunta-

6 1875 109 1915 riam
145 1874 308 1927 imperii
349 1875 568 1914 cessionem
607 1874 659 1913 ad
694 1874 912 1926 legitimam
949 1872 1202 1926 principatus
1247 1872 1539 1924 possessionem

9 1932 195 1981 eliceret,
224 1937 272 1970 ut
292 1931 348 1971 ait
364 1931 644 1984 PachymereS.
687 1932 734 1971 Id
755 1932 877 1984 paulo
897 1930 1025 1969 fusius
1042 1936 1179 1969 narrat
1198 1928 1398 1969 Phranzes
1415 1929 1485 1970 lib.
1503 1929 1537 1969 I.
1594 1956 1598 1961 ⁴

10 2003 101 2042 cap.
131 1989 216 2028 VH.
242 1988 356 2028 hisce
391 1989 548 2030 verbis:
592 1989 690 2028 Cum
719 2003 840 2043 porro
869 1989 911 2027 in
952 1987 1085 2027 urbem
1119 1988 1273 2027 veniens
1310 1985 1540 2026 recordatus

10 2056 107 2087 esset
140 2044 361 2100 facinoris,
406 2045 514 2102 quod
548 2056 664 2100 pater
699 2048 743 2086 in
771 2044 1056 2086 adolescentem
1087 2042 1276 2085 Ioannem
1308 2043 1540 2092 Lascarim‚

12 2105 78 2144 cui
100 2104 235 2157 potius
260 2104 464 2156 imperium
494 2102 729 2152 debebatur,
751 2112 1044 2158 perpetrasset,
1084 2101 1323 2142 conscientia
1351 2099 1540 2140 stimula-

10 2171 95 2209 ius,
129 2157 511 2214 moderationemque
542 2160 752 2200 virtutibus
782 2159 943 2215 reliquis
971 2157 1307 2212 anteponens,'ac1
1333 2174 1440 2207 eum,
1472 2158 1541 2212 qui

10 2218 134 2270 ipsius
172 2231 313 2256 caussa
351 2217 487 2257 oculos
512 2215 760 2271 perdiderat,
808 2218 849 2256 in
887 2215 1078 2271 oppidulo
1116 2214 1290 2270 quodam
1326 2214 1542 2268 Bithyniae

11 2273 256 2314 habitantem
295 2273 540 2314 invisendum
579 2276 773 2314 accessit.-
815 2288 928 2328 quem
966 2275 1010 2313 in
1047 2274 1268 2312 monastico
1304 2271 1540 2311 humilitatis

13 2330 151 2370 habitu
190 2332 399 2383 reperiens,
437 2335 615 2371 oratione
649 2329 916 2370 consolatoria
951 2329 1176 2384 permulsit,
1219 2331 1371 2369 veniam
1395 2338 1537 2381 petens,

12 2386 122 2443 quod
149 2404 189 2427 se
216 2389 423 2441 ignorante
447 2399 561 2442 paier
589 2388 631 2427 in
659 2386 775 2427 illum
805 2386 1014 2428 crudeliter
1035 2385 1301 2428 consuluisset.
1364 2381 1481 2436 Quod
1505 2383 1541 2421 si

11 2455 144 2499 posset
181 2455 216 2483 et
251 2443 318 2484 illi
350 2444 545 2499 placeret,
585 2446 703 2484 etiam
746 2443 956 2483 dimidium
993 2445 1147 2499 imperii
1174 2459 1214 2482 se
1241 2442 1306 2482 illi
1345 2453 1539 2481 cessurum

13 2500 201 2550 ostendit,
241 2511 284 2549 ut
323 2501 380 2541 ad
417 2501 595 2556 amplam
628 2511 858 2555 potestatem
887 2500 1046 2541 subiret.
1103 2499 1306 2540 Praeterea
1335 2495 1391 2536 acl
1415 2498 1539 2535 vitam

14 2556 229 2610 degendam
260 2561 479 2599 necessaria
508 2558 573 2599 illi
602 2560 736 2598 omnia
763 2559 945 2614 affatim,
984 2557 1120 2613 quoad
1149 2565 1366 2610 superaret,
1396 2568 1542 2607 suppe-

12 2612 167 2654 ditavit.
222 2629 396 2658 DUGANG.

129 2675 221 2724 Peg·
248 2673 351 2723 174,
371 2677 437 2716 10.
464 2669 532 2713 Ἐν
555 2669 713 2722 τούτοις
733 2687 777 2728 γε
793 2669 903 2726 μήν]
926 2671 1162 2725 Pachymer.
1177 2668 1248 2709 lib.
1265 2668 1348 2709 VII.
1367 2669 1541 2720 cap.26.

10 2727 83 2768 lib.
103 2728 174 2767 IX.
198 2742 284 2781 cap.
305 2733 370 2773 18.
413 2743 589 2770 nummo.

130 2788 226 2838 Pag·
259 2787 362 2837 175,
393 2791 457 2831 18.
513 2784 729 2828 Ἐντεῦθεν
750 2783 794 2829 τὸ
811 2784 1086 2842 Γασμουλικὸν
1118 2781 1228 2826 ἅπαν
1254 2776 1539 2833 διεσκεδάσθη]

15 2841 118 2883 Vide
142 2843 212 2883 lib.
231 2842 300 2884 IV.
323 2857 413 2899 cap.
433 2845 482 2887 V.
499 2851 598 2886 sect.
619 2844 658 2889 5.
690 2858 842 2887 nomn.
