1794 3172
326 155 644 204 HISTORIAE
671 150 1046 199 BYZANTINAE
1066 150 1184 196 XlV.
1198 156 1265 198 10.
1430 142 1532 190 737

50 275 216 328 πλῆθος
235 270 304 313 καὶ
327 267 445 324 δίκην
473 267 646 323 βαθέων
671 270 808 325 νεφῶν
843 261 1003 315 πάντας
1036 261 1136 314 τοὺς
1152 260 1270 307 ἴνδον
1299 264 1384 305 τῶν
1406 257 1533 304 ἓπάλ-
1558 265 1596 299 Α.
1608 266 1646 299 C.
1666 261 1758 301 1345

50 345 150 393 ξεων
171 338 390 396 ἀπήλασαν
410 338 454 380 ἐκ
474 342 549 381 τοῦ
568 340 838 394 παραχρῆμα,
859 335 989 391 μηδὲν
1009 332 1185 378 ὁθενοῦν
1204 331 1373 388 ἔχοντας
1391 314 1758 394 ὅπλον,1ωἷ’ἑὲ31“.ξ3”

49 410 77 467 ἢ
109 408 414 468 φυλακτήριον,
452 406 479 463 ’ἢ
511 406 570 450 δι’
603 401 661 450 ὧν
694 406 913 461 ἀμυνεῖταί
941 421 1004 454 τις
1035 403 1110 447 τὸν
1138 400 1306 446 ε’πιόντα
1324 401 1533 456 πολέμιον.

53 481 93 524 οἳ
114 480 229 523 δὲτὰ
254 474 573 535 ἕκμοχλευτήριά
594 476 787 534 φέροντες
806 474 986 531 ὄργανα,
1025 470 1265 530 προσιόντες
1297 470 1454 524 ἔξωθεν
1481 468 1536 514 τά
1546 475 1588 510 Ρ.
1597 472 1668 510 463

24 564 100 599 5τε
118 551 228 605 τείχη
253 545 517 603 πολλαχόθεν
540 544 769 602 διώρυττον
803 547 872 588 καὶ
902 543 979 594 τὰς
1007 541 1142 593 πύλας
1162 539 1459 598 ἀνεμόχλευον·
1480 538 1539 592 ὥς

52 620 97 662 ἐν
115 618 222 662 πάνυ
253 618 427 677 βραχείᾳ
455 620 600 674 καιροῦ
623 616 754 674 ῥοπῇ,
792 617 958 658 πολλῶν
978 610 1241 668 πολλαχόθεν
1261 616 1346 656 τῶν
1365 607 1539 655 εῗσόδων

52 689 349 744 ἀνοιχθεισῶν,
376 684 537 737 πάντας
555 685 687 743 ἄρδην
705 688 914 742 εἰσρυῆναι
931 682 1031 734 τοὺς
1055 684 1290 739 πολεμίους.
1328 676 1540 741 (ΙΒ.)Ἦν

51 756 146 802 τότε
169 760 268 801 ἰδεῖν
285 756 383 808 τοὺς
404 757 480 812 μὲν
501 756 678 807 ἀθλίους
701 756 876 805 ἐκείνους
903 753 1084 812 ἀφειδῶς
1114 752 1437 810 ἀναιρουμένους
1470 752 1542 794 καὶ

54 828 159 885 πρὸς
190 826 295 888 ᾅδην
323 828 367 870 ἐκ
397 830 481 870 τῶν
507 826 615 882 χθὲς
652 826 938 881 πεμπομένους
963 825 1149 878 δεσμῶν·
1195 822 1296 872 τοὺς
1327 822 1372 865 δὲ
1408 819 1541 879 φόνου

0 910 46 946 10
58 898 254 948 πνέοντας
288 895 446 952 ἄνδρας
484 897 662 946 ἐκείνους
700 898 758 946 εἷς
786 895 1014 944 πολυειδεῖς
1050 894 1119 936 καὶ
1150 893 1338 942 ποικίλας
1375 891 1542 949 σφαγὰς

49 967 290 1024 χρωμένους
316 974 404 1017 τοῖς
432 967 565 1024 ξίφεσι
598 965 670 1017 ξὺν
691 969 824 1023 πολλῇ
844 966 912 1007 καὶ
941 961 1138 1019 μανιώδει
1159 963 1237 1005 τινὶ
1267 965 1318 1020 τῇ
1350 959 1574 1017 ὠμότητιΒ

54 1039 122 1080 καὶ
142 1041 382 1094 βαρβαρικῇ
403 1040 456 1094 τῇ
485 1033 738 1094 θρασύτητι,
775 1036 920 1092 γυμνοὶ
938 1033 1015 1089 μὲν
1046 1028 1119 1076 οὖν
1137 1032 1325 1076 ἀσπίδων
1345 1031 1385 1075 οἳ
1407 1029 1541 1074 τάλα-

53 1123 119 1157 νες
144 1106 257 1158 ὄντες
283 1108 424 1149 ἐκεῖνοι
444 1107 514 1149 καὶ
537 1105 701 1160 ἄοπλοι,
725 1107 794 1148 καὶ
822 1103 972 1161 ἣκιστα
1000 1105 1227 1162 διαφυγεῖν
1245 1101 1319 1146 τὸν
1349 1098 1541 1159 παρόντα

55 1174 274 1232 δυνάμενοι
295 1177 509 1230 κίνδυνον,
547 1176 588 1219 οἳ
606 1176 681 1231 μὲν
698 1175 779 1232 ἤδη
799 1172 1020 1218 ἐκόπτοντο
1033 1207 1047 1227 ,
1086 1173 1127 1217 οἷ
1146 1174 1171 1216 δ
1177 1172 1190 1188 ²
1212 1171 1415 1228 ἐξεχέοντο
1439 1169 1542 1229 φεύ-

0 1258 44 1293 15
55 1263 195 1304 γοντες
215 1244 368 1290 σύνδυο
392 1247 461 1289 καὶ
486 1243 672 1304 σύντρεις
698 1247 767 1289 καὶ
794 1244 902 1288 κατὰ
924 1248 1114 1300 πλῆθος,
1153 1244 1222 1286 καὶ
1255 1242 1325 1286 διὰ
1358 1245 1445 1285 τῶν
1465 1258 1542 1297 με-

55 1317 257 1372 σοτοίχιον
284 1315 580 1375 καταρρέοντες
608 1317 651 1367 ἒς
673 1316 749 1372 τὴν
772 1314 968 1371 ἐχομένην
984 1319 1058 1370 τῆς
1076 1313 1192 1364 Νέας
1207 1312 1340 1369 μονὴ-ν
1365 1311 1543 1368 διεμερί-

57 1385 176 1439 ζοντό
201 1397 246 1430 τε
279 1386 356 1438 τὰς
384 1387 507 1437 θείας
538 1384 698 1437 εῗκόνας
726 1385 824 1429 ἀντ’
849 1384 978 1428 ἄλλου
1001 1384 1285 1443 φυλακτηρίου
1305 1382 1462 1432 παντὸς
1484 1381 1583 1424 ἴε-Ο

57 1461 134 1515 ροῦ
149 1470 160 1480 ·
198 1457 237 1500 οἳ
269 1457 313 1499 δ’
345 1457 628 1514 ἔνεχειρίζοντο
650 1456 703 1500 τιὶ
733 1457 797 1499 ἐπὶ
820 1460 897 1512 τῆς
915 1456 1038 1505 θείας
1060 1454 1262 1511 τραπέζης
1281 1456 1365 1495 τῶν
1380 1468 1545 1507 μυστη-

56 1528 157 1584 ρίων
180 1525 269 1583 ἱερὰ
291 1525 441 1583 σκεύη,
480 1524 738 1583 δυσωπήσειν
761 1523 939 1581 οἰόμενοι
957 1524 1057 1575 τοὺς
1082 1524 1262 1573 ἀναιδεῖς
1282 1522 1459 1571 ἐκείνους
1477 1522 1547 1563 καὶ

0 1595 275 1651 Ξομανιώδεις
306 1596 463 1654 λῃστὰς
491 1595 560 1639 διὰ
589 1601 674 1639 τῶν
701 1593 927 1640 τοιούτων·
964 1594 1006 1637 οῗ
1035 1593 1079 1636 δ’
1107 1593 1371 1650 ἠγκαλίζοντο
1402 1588 1480 1646 τήν
1501 1607 1547 1633 τε,

55 1667 179 1709 θείαν
208 1663 514 1722 τράπεζαν,καὶ
533 1665 607 1708 τὸν
633 1664 715 1709 ὗπό
744 1662 878 1723 ταύτῃ
898 1664 1141 1707 στυλίσκον·
1178 1661 1218 1705 οἳ
1241 1662 1286 1704 δὲ
1311 1657 1547 1718 γυμνούμε-

55 1749 122 1779 νοι
152 1735 288 1779 τέλεον
321 1736 537 1779 ἐθελονταὶ
557 1735 611 1778 τιὶ
638 1733 782 1791 ἱμάτια
799 1735 882 1793 πρὸ
916 1735 1056 1777 ποδῶν
1085 1732 1326 1792 ἕρῥίπτουν,
1365 1727 1546 1786 οῗόμενοι

58 1805 128 1849 διὰ
144 1809 233 1862 τῆς
259 1803 506 1862 γυμνώσεως
529 1804 634 1864 πρὸς
655 1803 791 1849 οἶκτόν
813 1823 858 1849 τε
887 1801 1084 1861 μαλάξειν
1102 1802 1175 1848 τὸν
1194 1799 1364 1862 φονικὸν
1385 1800 1586 1844 ε’κείνωνῙ)

149 1929 209 1964 21.
232 1926 486 1973 γυμνούμενοι
507 1928 609 1965 Boiv.
634 1940 698 1977 pro
717 1926 962 1976 γυμνιόμενοι.

56 2033 133 2067 bem
158 2031 325 2068 iacientes
353 2032 512 2079 repulere
541 2032 617 2068 illos
638 2044 755 2070 omnes
777 2032 989 2080 derepente,
1014 2030 1074 2078 qui
1093 2028 1230 2065 summis
1246 2028 1283 2064 in
1299 2039 1547 2076 propugnacu-

55 2080 101 2114 lis
118 2080 278 2122 stabant,
302 2080 405 2114 armis
422 2080 648 2127 undecunque
666 2080 851 2116 destitutos
862 2106 873 2122 ‚
897 2084 968 2115 tam
985 2079 1031 2115 iis
1048 2080 1172 2125 quibus
1191 2090 1316 2125 corpus
1334 2077 1546 2124 protegitur,

58 2138 161 2172 quam
180 2126 247 2160 illis
266 2126 390 2172 quibus
410 2126 576 2173 ingruens
599 2129 709 2163 hostis
734 2128 966 2175 propulsatur.
1013 2127 1084 2162 Alii
1102 2138 1186 2161 vero
1204 2130 1378 2161 tormenta
1400 2121 1543 2158 muralia

57 2173 311 2215 admovebant,
334 2173 548 2219 propiusque
568 2175 773 2210 accedentes
796 2175 923 2221 passim
942 2177 979 2209 et
996 2186 1110 2210 muros
1127 2173 1383 2220 perfodiebant,
1409 2176 1446 2206 et
1464 2180 1549 2216 por-

58 2225 114 2254 tas
137 2220 295 2254 vectibus
316 2220 597 2263 labefactabant3
620 2221 672 2256 ita
691 2228 730 2258 ut
747 2226 915 2256 momento
940 2221 1126 2268 temporis,
1151 2220 1327 2266 patefacto
1350 2219 1418 2252 sibi
1435 2216 1554 2252 multis

57 2266 94 2300 in
115 2266 201 2300 locis
222 2267 318 2302 aditu
332 2292 343 2309 ,
366 2267 520 2302 universi
539 2280 682 2314 prorsus
701 2269 820 2303 hostes
837 2268 1039 2314 irruperint.
1086 2267 1206 2312 (xli.)
1230 2267 1302 2301 Iam
1322 2266 1444 2301 videre
1463 2268 1553 2306 erat,

57 2313 294 2348 infortunatus
315 2313 452 2359 quidem
473 2315 552 2349 illos
569 2314 682 2351 effuse
700 2315 871 2357 interimi,
895 2320 931 2350 et
947 2316 991 2350 ab
1011 2314 1184 2350 hesternis
1204 2312 1350 2348 vinculis
1367 2313 1412 2347 ad
1433 2315 1550 2346 tumu-

57 2360 125 2394 lum
142 2360 343 2395 transferri:
367 2360 454 2395 istos
471 2365 585 2396 autem
600 2362 840 2407 sanguinarios
855 2362 951 2396 viros
968 2362 1014 2396 ad
1030 2361 1155 2396 multas
1174 2361 1359 2406 variasque
1377 2357 1548 2393 hominum

58 2406 185 2441 caedes
209 2406 334 2452 gladiis
350 2407 422 2450 uti,
447 2420 523 2442 cum
544 2408 679 2443 immani
697 2414 734 2444 et
756 2409 872 2444 furiali
895 2409 1044 2454 quadam
1068 2408 1274 2443 crudelitate
1296 2405 1549 2450 barbaricoque

57 2453 211 2488 licentia.
258 2453 425 2488 Destituti
444 2455 562 2501 itaque
585 2455 714 2502 clypeis
732 2456 912 2491 miserrimi
929 2455 1000 2498 illi,
1026 2467 1101 2490 cum
1123 2460 1161 2491 et
1180 2456 1328 2490 inermes
1352 2456 1488 2493 essent,
1510 2454 1548 2484 et

59 2511 226 2545 praesens
246 2500 434 2546 periculum
451 2502 609 2548 effugere
626 2502 764 2538 minime
779 2508 940 2548 possent,
963 2503 1089 2549 partim
1106 2504 1174 2536 iam
1194 2501 1440 2540 caedebantur,
1464 2508 1548 2543 par-

60 2547 121 2580 tim
139 2546 174 2581 in
193 2548 310 2591 sugam
330 2548 599 2583 effundebantur
616 2549 690 2584 bini
706 2549 885 2596 ternique,
910 2554 947 2585 et
966 2550 1180 2591 catervatim,
1205 2561 1246 2583 ac
1265 2559 1327 2595 per
1343 2545 1546 2581 interiectos

60 2593 213 2646 parietes
232 2594 267 2628 in
287 2595 482 2640 contiguam
501 2597 635 2631 domum
647 2622 657 2639 ,
681 2597 771 2642 quod
791 2602 845 2632 est
863 2598 964 2632 Neae
990 2596 1251 2637 monasterium,
1276 2593 1547 2632 delabebantur3

61 2640 266 2686 divinasque
290 2642 458 2687 imagines
482 2642 574 2677 inter
591 2655 630 2677 se
655 2655 718 2689 pro
737 2643 804 2678 alio
823 2643 915 2678 omni
938 2655 1037 2679 sacro
1060 2642 1277 2690 phylacterio
1299 2639 1547 2686 partiebantur.

60 2687 227 2740 Nonnulli
247 2687 386 2722 divinae
405 2701 542 2724 mensae
559 2689 719 2735 imposita
739 2690 1048 2736 apprehendebant
1069 2702 1168 2725 sacra
1186 2688 1425 2735 mysteriorum
1444 2695 1549 2726 vasa3

61 2738 128 2767 rati
144 2745 208 2778 per
225 2746 267 2768 ea
282 2735 444 2770 iniectum
460 2736 506 2770 iri
526 2736 687 2781 pudorem
706 2737 880 2782 protervis
896 2737 965 2771 illis
983 2742 1020 2772 et
1037 2736 1233 2772 furibundis
1249 2733 1454 2770 latronibus.
1479 2732 1550 2767 Alii

60 2780 355 2835 amplectebantur
375 2786 411 2816 et
430 2794 578 2817 mensam
599 2783 708 2829 ipsam
728 2787 981 2819 sacrosanctam
1005 2787 1043 2819 et
1070 2785 1260 2818 subiectam
1286 2783 1406 2817 basim.
1455 2779 1549 2822 Qui-

61 2827 139 2860 dam
162 2827 311 2872 demque
336 2828 455 2863 nudati
482 2840 624 2875 prorsus
646 2830 853 2866 vestimenta
882 2835 963 2865 ante
982 2830 1091 2877 pedes
1119 2831 1211 2865 ultro
1235 2829 1429 2870 iaciebant,
1452 2827 1550 2862 arbi-

60 2874 156 2916 trati,
180 2874 211 2908 si
229 2873 452 2919 nudarentur,
477 2875 642 2912 mollitum
656 2876 701 2911 iri
719 2877 959 2914 misericordia
973 2877 1146 2918 crudelem
1166 2877 1302 2912 illorum
1317 2887 1465 2918 morem,
1489 2872 1549 2921 qui
