1794 3172
323 108 644 176 HISTORIAE
673 127 1052 175 BYZANI'INAE
1079 128 1201 174 xm.
1233 133 1274 176 3.
1432 120 1531 169 641

44 247 150 286 σθαι
182 249 270 293 τοῖς
300 239 444 291 ὅπλοις
470 236 632 298 νύκτωρ
661 241 729 284 καὶ
758 240 868 297 μεθ’
898 238 1080 299 ἡμέραν,
1123 235 1300 291 τούτους
1331 237 1384 283 οὗ
1413 235 1530 295 μάλα
1553 242 1759 282 A.0.1342

44 313 281 368 ἐξέπληττεν
311 310 392 355 ὅσα
424 310 536 368 φέρει
567 310 679 353 δεινὰ
710 311 759 355 τὸ
786 315 864 368 τῆς
884 310 1105 368 ἀλλοτρίας
1128 309 1263 366 ἄηθες
1289 313 1389 366 γῆς·
1436 294 1758 376 ἀλλ’Ῑωῖζθὶῗ-’ξω

43 380 66 425 ὃ
87 381 186 432 τοὺς
217 382 369 431 ἄλλους
400 380 524 423 ἐποίει
552 384 849 439 ταλαιπωρεῖν,
888 381 1005 438 σφίσι
1030 380 1124 435 βίος
1153 374 1206 436 ἦν
1228 379 1576 436 ἀταλαίπωρος.Β

43 449 153 494 οὕτω
184 449 329 511 ῥᾴδιον
359 448 387 506 ἦ
418 447 622 505 συνήθεια
651 451 720 493 καὶ
750 455 911 508 κοῦφον
941 450 1010 493 καὶ
1040 449 1090 492 οὗ
1117 447 1285 508 σφόδρα
1315 450 1534 492 ἐπίπονον·

11 519 150 564 ὂῶστε
169 523 238 563 καὶ
257 521 301 564 εἷ’
321 537 408 574 τις,
447 520 491 562 ἐκ
507 519 751 574 προθέσεως
772 520 942 577 ἀγαθῆς
969 516 1233 576 ὡρμημένος,
1269 518 1345 563 τὸν
1363 518 1538 577 ἄριστον

42 590 175 633 ἕλοιτο
198 591 320 645 βίον,
358 588 650 646 ἀταλαίπωρον
679 588 731 633 ἂν
750 588 854 633 εἶναί
883 589 923 633 οἳ
943 588 1075 640 εῧθὺς
1105 593 1181 633 τοῦ
1204 593 1350 633 λοιποῦ
1375 590 1470 644 βίον
1490 606 1536 632 τε

41 657 180 702 ἀνύειν
219 657 431 702 ἀνώδυνον
463 659 532 701 καὶ
573 656 729 715 ἡδονὴν
759 656 978 704 ἀθάνατον
1005 658 1048 702 ἐν
1075 663 1223 717 θνητῷ
1245 662 1430 703 κτᾶσθαι
1449 656 1536 702 σώ-

39 746 155 784 ματι.
228 727 321 789 (Β.)
353 727 466 785 Ἐγὼ
501 727 545 771 δ’
572 730 780 772 ἐνταυθοῖ
794 734 869 785 τῆς
901 729 1088 787 ἱστορίας
1112 727 1327 786 γενόμενος
1361 726 1539 784 ἐβουλό-

39 817 124 854 μην
142 798 513 856 λεπτομερεστέραν
531 799 625 841 τινὰ
649 797 911 855 ποιήσασθαι
933 798 1010 855 τὴν
1033 797 1241 856 ἀφήγησιν
1250 831 1266 852 ‚
1303 800 1371 842 καὶ
1394 800 1574 855 dmm-c

0 874 32 909 [0
42 869 187 925 γορίας
204 869 385 912 ἐκθεῖναι
407 872 483 912 τοῦ
502 869 730 923 βασιλέως,
768 869 819 919 ἅς
834 886 879 912 τε
899 868 1005 927 πρὸς
1021 868 1094 912 τὸν
1110 867 1287 926 Κράλην
1315 870 1534 925 πεποίηται

41 939 110 981 καὶ
136 938 187 989 ἃς
207 937 313 996 πρὸς
340 938 414 982 τὸν
445 939 592 982 οἰκεῖον
624 939 807 997 στρατὸν
840 938 884 982 ἐν
916 945 1074 996 καιροῖς
1101 946 1189 990 τοῖς
1209 935 1427 995 ἀνήκουσι,
1465 939 1536 981 καὶ

40 1006 94 1058 ἃς
112 1007 218 1065 πρὸς
239 1007 369 1051 αὐτὸν
388 1008 544 1053 ἐκεῖνοι.
581 1010 666 1052 δεῖν
685 1009 764 1067 γὰρ
786 1005 843 1060 ὧς
861 1007 916 1052 τὰ
940 1007 1077 1052 πολλὰ
1097 1010 1166 1052 καὶ
1188 1006 1360 1066 πράξεσι
1382 1005 1535 1065 λόγους

38 1078 108 1120 καὶ
133 1075 270 1135 λόγοις
301 1075 470 1136 πράξεις
499 1083 691 1136 πανταχῆ
715 1080 1020 1137 παρεζεῦχθαι·
1064 1078 1124 1135 μὴ
1151 1076 1281 1134 μόνον
1310 1077 1372 1121 ὅτι
1392 1081 1535 1134 ψυχῆς

40 1144 188 1198 εῗκόνες
216 1145 434 1206 ἀμφότερα
467 1149 538 1192 καὶ
564 1153 641 1205 τῆς
659 1149 703 1193 ἐν
723 1149 831 1207 αὐτῇ
854 1146 1127 1205 κατοικούσης
1147 1146 1314 1206 γνώμης
1333 1149 1403 1191 καὶ
1419 1145 1530 1205 γνώ·

0 1222 28 1258 v5
39 1232 142 1268 σεως
160 1215 402 1275 αὐτάγγελοι
423 1215 617 1276 κήρυκες,
655 1218 882 1263 κάντεῦθεν
894 1223 1049 1277 χρῆναι
1067 1218 1328 1277 σαφεστέραν
1348 1217 1424 1274 τὴν
1443 1221 1530 1261 τῶν

37 1286 341 1345 ἱστορουμένων
371 1286 607 1346 προσώπων
646 1291 715 1332 καὶ
739 1287 995 1348 πραγμάτων
1026 1289 1216 1347 γίνεσθαι
1244 1286 1425 1345 δήλωσιν
1456 1286 1565 1332 διὰΙ)

36 1361 121 1400 τῶν
153 1355 377 1401 τοιούτων·
413 1358 521 1402 ἀλλὰ
553 1360 623 1403 καὶ
651 1358 717 1404 ὅτι
748 1360 1001 1418 σκιαγραφία
1034 1365 1099 1410 τίς
1119 1359 1206 1403 ἐστι
1228 1362 1313 1402 τῶν
1334 1355 1525 1416 πράξεων
1595 1352 1600 1355 ’

36 1423 58 1470 ὅ
80 1423 201 1484 λόγος
213 1441 225 1452 ·
259 1429 330 1471 καὶ
348 1425 507 1472 τούτων
525 1429 602 1485 μέν
620 1423 743 1480 οὗτος
757 1427 913 1487 ἡγεῖται
925 1443 936 1454 ·
958 1426 1109 1473 τούτου
1129 1429 1175 1472 δ’
1207 1422 1331 1472 αὗται
1350 1425 1525 1470 κατόπιν

35 1493 236 1554 ἔρχονται.
274 1496 372 1541 ἀλλ’
395 1497 611 1558 ἐπειδήπερ
631 1496 790 1556 δρῶμεν
800 1500 931 1550 ἐνίους
951 1503 1012 1558 τῷ
1029 1500 1181 1543 πλείονι
1197 1498 1311 1556 μέρει
1328 1501 1404 1553 τῆς
1423 1512 1524 1553 συγ-

1 1571 200 1624 Ογραφῆς
234 1566 277 1610 ἐν
312 1574 403 1618 ταῖς
436 1570 707 1628 δημηγορίαις
740 1569 1108 1626 καταχρωμένους,
1156 1567 1228 1612 διὰ
1257 1567 1305 1611 τὸ
1338 1565 1524 1622 μάλιστα

34 1633 202 1679 πάντων
220 1636 264 1679 ἐν
283 1634 456 1688 ταύταις
474 1637 576 1694 ἔχειν
594 1638 672 1695 τὴν
690 1643 767 1694 τῆς
788 1637 1010 1697 ῥητορικῆς
1039 1638 1325 1682 ἐνδείκνυσθαι
1348 1634 1527 1691 δύναμιν

35 1706 103 1748 καὶ
132 1704 181 1749 τὸ
212 1710 288 1763 τῆς
318 1711 438 1764 σφῶν
460 1709 612 1767 σοφίας
644 1706 886 1767 φιλότιμον,
923 1704 981 1759 ὥς
1005 1709 1245 1764 συμβαίνειν
1264 1707 1457 1750 ἐντεῦθεν
1472 1704 1522 1748 τὸ

32 1772 240 1834 πάρεργον
261 1778 399 1832 μεῖζον
434 1782 511 1822 τοῦ
541 1777 660 1836 ἔργου
691 1779 1008 1832 καθίστασθαι,
1043 1777 1121 1834 τὴν
1149 1777 1281 1834 μέσην
1297 1774 1416 1834 ἦμεΐς
1434 1779 1559 1830 βα-Ε

33 1846 153 1898 δι’ζειν
175 1846 389 1904 ἐκρίναμεν
418 1848 515 1892 δεῖν.
561 1847 770 1892 ἐπανιτέον
794 1852 1013 1906 τοιγαροῦν
1031 1844 1189 1893 ὁπόθεν
1207 1849 1265 1898 εἷς
1282 1851 1417 1892 ταῦτα
1436 1844 1524 1898 ἐξέ-

123 1935 159 1971 9.
182 1934 411 1982 δημηγορίας
433 1947 498 1973 em.
522 1935 623 1972 Boiv.
646 1947 711 1983 pro
734 1935 975 1983 δημηγορίαν.
1422 1927 1427 1932 ’

30 2008 131 2047 rant,
154 2004 363 2052 laboresque
386 2010 491 2042 noctu
513 2011 550 2042 et
566 2007 719 2042 interdiu
737 2007 879 2042 bellicos
901 2006 1154 2047 toleraverant,
1176 2017 1237 2041 eos
1257 2017 1326 2041 non
1349 2005 1402 2041 ita
1424 2006 1523 2041 fran-

30 2052 162 2096 gebant
181 2052 271 2088 mala
292 2053 375 2096 illa,
399 2066 491 2100 quae
510 2054 577 2089 soli
595 2054 734 2089 externi
755 2054 941 2089 insolentia
961 2053 1076 2088 affert.
1124 2052 1196 2087 Sed
1214 2065 1303 2099 quae
1324 2053 1397 2088 vita
1414 2053 1522 2088 mole-

30 2098 172 2134 stiarum
196 2100 299 2145 plena
318 2100 397 2136 aliis
417 2105 513 2144 erat,
535 2101 580 2136 iis
601 2101 779 2137 molestiae
800 2112 928 2147 expers
945 2100 1141 2136 videbatur.
1187 2101 1285 2136 Adeo
1308 2100 1519 2135 consuetudo

28 2144 109 2191 ipsa
135 2157 276 2192 pronum
301 2147 464 2194 quiddam
490 2153 527 2183 et
552 2148 631 2183 leve
657 2154 732 2191 est,
756 2153 793 2183 et
814 2148 951 2184 minime
973 2147 1192 2183 laboriosum.
1240 2147 1463 2193 Quapropter
1485 2147 1518 2181 si

30 2192 109 2237 quis
135 2193 299 2239 prudenti
333 2194 546 2240 cogitatione
575 2195 738 2231 inductus
770 2195 933 2242 optimum
956 2195 1053 2229 vitae
1077 2206 1187 2239 genus
1212 2193 1341 2240 eligat,
1365 2194 1470 2229 facile
1489 2193 1523 2228 ei

30 2239 148 2274 statim
174 2240 282 2275 fuerit
309 2241 415 2276 vitam
442 2241 573 2276 laboris
600 2247 708 2289 atque
729 2241 933 2278 incommodi
961 2246 1138 2287 expertem
1164 2242 1209 2276 de
1233 2244 1373 2275 caetero
1403 2252 1523 2286 agere,

29 2290 69 2320 et
84 2286 299 2332 voluptatem
324 2288 460 2323 mortali
489 2289 526 2323 in
551 2301 696 2334 corpore
723 2301 850 2336 parare
875 2287 943 2323 sibi
967 2288 1202 2323 immortalem.
1247 2287 1334 2333 (11.)
1359 2288 1436 2322 Hac
1455 2299 1522 2332 ego

27 2331 67 2366 in
87 2339 188 2379 parte
213 2333 379 2370 historiae
402 2334 536 2381 singula
558 2336 661 2371 velim
686 2348 860 2382 exponere
877 2334 1060 2377 minutius,
1084 2345 1212 2381 easque
1234 2335 1368 2370 referre
1390 2334 1524 2368 oratio-

28 2390 110 2422 nes,
134 2392 222 2426 quas
245 2381 433 2427 imperator
455 2394 532 2418 cum
555 2383 648 2428 apud
671 2383 810 2419 Cralem
834 2382 976 2424 habuit,
999 2386 1074 2417 tum
1089 2383 1184 2428 apud
1201 2393 1299 2417 suum
1320 2380 1523 2423 exercitum,

28 2431 137 2472 prout
156 2428 294 2463 occasio
315 2428 424 2471 tulit3
455 2434 494 2464 et
516 2441 576 2464 eas
597 2429 712 2473 etiam,
738 2441 823 2476 quas
842 2429 895 2464 illi
913 2440 990 2463 cum
1013 2441 1067 2464 eo.
1114 2428 1289 2464 Convenit
1306 2428 1395 2463 enim
1411 2427 1522 2462 maxi-

27 2483 102 2516 me,
127 2479 163 2509 et
182 2474 286 2509 factis
303 2474 399 2510 dicta
420 2479 457 2511 et
474 2476 578 2512 dictis
595 2477 690 2512 facta
706 2476 834 2523 passim
849 2475 1006 2517 annecti3
1029 2487 1099 2510 non
1114 2475 1221 2510 solum
1237 2474 1321 2521 quia
1340 2479 1522 2520 utrumque

28 2519 115 2554 illud
138 2521 242 2556 animi
268 2521 383 2567 imago
408 2523 619 2570 latentisque
645 2523 682 2558 in
702 2535 745 2558 eo
763 2521 953 2558 voluntatis
972 2525 1010 2557 et
1028 2522 1249 2568 cogitationis
1269 2521 1439 2568 genuinus
1456 2533 1522 2556 ve·-

26 2564 92 2601 luti
118 2567 265 2603 nuncius
283 2574 358 2611 est3
383 2574 491 2616 atque
509 2570 591 2605 hinc
611 2570 763 2606 existere
784 2573 924 2616 oportet
946 2569 1131 2604 certiorem
1150 2580 1373 2615 personarum
1402 2571 1439 2602 et
1461 2579 1519 2602 re-

26 2623 113 2656 rum,
145 2613 190 2649 de
240 2613 341 2650 uibus
370 2615 500 2662 agitur,
528 2616 707 2652 notitiam=
738 2627 859 2652 verum
883 2615 988 2651 etiam
1013 2616 1095 2662 quia
1118 2616 1155 2650 in
1174 2615 1281 2650 dictis
1303 2614 1520 2649 adumbratio

25 2661 194 2704 quaedam
217 2627 389 2697 ‘doctorum
409 2668 484 2699 est:
508 2667 545 2699 et
564 2662 624 2698 illa
646 2662 785 2709 quidem
804 2663 966 2709 praeire,
990 2662 1078 2698 haec
1097 2667 1210 2698 autem
1229 2673 1320 2708 pone
1339 2662 1439 2708 sequi
1459 2672 1518 2696 so-

24 2704 106 2741 lent.
152 2707 224 2742 Sed
243 2708 324 2754 quia
339 2709 496 2750 videmus
514 2710 678 2757 quosdam
698 2710 845 2746 maxima
866 2709 983 2756 operis
1003 2714 1105 2756 parte
1128 2709 1224 2744 abuti
1249 2708 1294 2744 ad
1318 2708 1514 2751 conciones,

23 2751 117 2797 quod
137 2752 176 2788 in
199 2753 251 2789 eis
273 2755 420 2791 maxime
446 2757 541 2792 loms
570 2756 619 2792 sit
644 2757 883 2792 ostentandae*
898 2756 1038 2794 dicendi
1065 2755 1226 2792 facultati
1251 2759 1290 2790 et
1308 2754 1513 2790 eruditionis

22 2798 223 2842 ambitioni3
246 2800 338 2836 unde
355 2802 408 2844 fit,
431 2806 470 2838 ut
493 2803 573 2849 ipsa
591 2815 633 2838 re
651 2804 760 2838 maius
778 2803 986 2849 quandoque
1001 2803 1131 2838 existat
1150 2802 1208 2846 id,
1231 2801 1323 2846 quod
1341 2807 1396 2836 est
1412 2807 1512 2837 extra

22 2855 116 2888 τως
139 2845 272 2883 idcirco
288 2848 432 2886 mediam
452 2850 552 2886 nobis
570 2849 660 2886 ‘viam
679 2850 860 2887 tenendam
883 2849 1189 2887 eowoensuimus.
1236 2848 1428 2887 Redeamus
1442 2848 1511 2887 ita-
