<?xml version="1.0" encoding="UTF-8"?>
<!DOCTYPE html PUBLIC "-//W3C//DTD XHTML 1.0 Transitional//EN"
    "http://www.w3.org/TR/xhtml1/DTD/xhtml1-transitional.dtd">
<html xmlns="http://www.w3.org/1999/xhtml" xml:lang="en" lang="en">
 <head>
  <title>
</title>
<meta http-equiv="Content-Type" content="text/html;charset=utf-8" />
  <meta name='ocr-system' content='tesseract 3.04.00' />
  <meta name='ocr-capabilities' content='ocr_page ocr_carea ocr_par ocr_line ocrx_word'/>
</head>
<body>
  <div class='ocr_page' id='page_1' title='image "./corpusscriptorum39niebuoft_0203.png"; bbox 0 0 1794 3172; ppageno 0'>
   <div class='ocr_carea' id='block_1_1' title="bbox 326 102 1590 184">
    <p class='ocr_par' dir='ltr' id='par_1_1' title="bbox 326 102 1590 184">
     <span class='ocr_line' id='line_1_1' title="bbox 326 102 1590 184; baseline -0.005 -1"><span class='ocrx_word' id='word_1_1' title='bbox 326 137 646 184; x_wconf 78' lang='lat' dir='ltr'><strong>H1sToR1AE</strong></span> <span class='ocrx_word' id='word_1_2' title='bbox 673 137 1047 183; x_wconf 77' lang='lat' dir='ltr'><strong>BYzANTmAE</strong></span> <span class='ocrx_word' id='word_1_3' title='bbox 1081 138 1181 182; x_wconf 81' lang='lat' dir='ltr'><strong>xv.</strong></span> <span class='ocrx_word' id='word_1_4' title='bbox 1210 141 1251 184; x_wconf 84' lang='lat'><strong>4.</strong></span> <span class='ocrx_word' id='word_1_5' title='bbox 1423 131 1524 179; x_wconf 74' lang='lat'><strong>761</strong></span> <span class='ocrx_word' id='word_1_6' title='bbox 1584 102 1590 107; x_wconf 71' lang='grc'><em>’</em></span> 
     </span>
    </p>
   </div>
   <div class='ocr_carea' id='block_1_2' title="bbox 0 246 1749 1765">
    <p class='ocr_par' dir='ltr' id='par_1_2' title="bbox 0 246 1749 1002">
     <span class='ocr_line' id='line_1_2' title="bbox 42 246 1749 306; baseline -0.002 -12"><span class='ocrx_word' id='word_1_7' title='bbox 42 249 198 300; x_wconf 74' lang='grc' dir='ltr'><strong><em>θέντας</em></strong></span> <span class='ocrx_word' id='word_1_8' title='bbox 222 246 390 294; x_wconf 78' lang='grc' dir='ltr'><strong><em>ἅπαντα</em></strong></span> <span class='ocrx_word' id='word_1_9' title='bbox 416 249 494 306; x_wconf 72' lang='grc' dir='ltr'><strong>οὐχ</strong></span> <span class='ocrx_word' id='word_1_10' title='bbox 514 246 683 300; x_wconf 80' lang='grc' dir='ltr'><strong><em>ἕκὸντας</em></strong></span> <span class='ocrx_word' id='word_1_11' title='bbox 722 249 830 306; x_wconf 78' lang='grc' dir='ltr'><strong><em>μηδὲ</em></strong></span> <span class='ocrx_word' id='word_1_12' title='bbox 850 252 927 306; x_wconf 78' lang='grc' dir='ltr'><strong><em>τῆς</em></strong></span> <span class='ocrx_word' id='word_1_13' title='bbox 957 247 1174 305; x_wconf 72' lang='grc' dir='ltr'><strong><em>ἐλαχίστης</em></strong></span> <span class='ocrx_word' id='word_1_14' title='bbox 1202 246 1406 306; x_wconf 72' lang='grc' dir='ltr'><strong><em>ἀδακρυτὶ</em></strong></span> <span class='ocrx_word' id='word_1_15' title='bbox 1426 250 1528 304; x_wconf 70' lang='grc' dir='ltr'><strong><em>κλη·</em></strong></span> <span class='ocrx_word' id='word_1_16' title='bbox 1549 254 1588 289; x_wconf 84' lang='lat' dir='ltr'><strong>A.</strong></span> <span class='ocrx_word' id='word_1_17' title='bbox 1604 256 1641 289; x_wconf 86' lang='lat' dir='ltr'><strong>c.</strong></span> <span class='ocrx_word' id='word_1_18' title='bbox 1657 252 1749 291; x_wconf 71' lang='lat'><strong>1346</strong></span> 
     </span>
     <span class='ocr_line' id='line_1_3' title="bbox 43 302 1747 376; baseline -0.001 -13"><span class='ocrx_word' id='word_1_19' title='bbox 43 316 222 376; x_wconf 79' lang='grc' dir='ltr'><strong><em>ροῦχους</em></strong></span> <span class='ocrx_word' id='word_1_20' title='bbox 239 317 343 363; x_wconf 76' lang='grc' dir='ltr'><strong><em>εἶναι</em></strong></span> <span class='ocrx_word' id='word_1_21' title='bbox 369 317 595 364; x_wconf 72' lang='grc' dir='ltr'><strong><em>δύνασθαι.</em></strong></span> <span class='ocrx_word' id='word_1_22' title='bbox 639 317 745 376; x_wconf 86' lang='grc' dir='ltr'><strong><em>πρὸς</em></strong></span> <span class='ocrx_word' id='word_1_23' title='bbox 768 323 903 362; x_wconf 84' lang='grc' dir='ltr'><strong><em>ταῦτα</em></strong></span> <span class='ocrx_word' id='word_1_24' title='bbox 934 315 1224 375; x_wconf 85' lang='grc' dir='ltr'><strong><em>δυσχεράνασα</em></strong></span> <span class='ocrx_word' id='word_1_25' title='bbox 1246 319 1341 361; x_wconf 88' lang='grc' dir='ltr'><strong><em>λίαν</em></strong></span> <span class='ocrx_word' id='word_1_26' title='bbox 1358 315 1386 374; x_wconf 81' lang='grc' dir='ltr'><strong><em>ἦ</em></strong></span> <span class='ocrx_word' id='word_1_27' title='bbox 1404 302 1666 373; x_wconf 44' lang='grc' dir='ltr'><strong><em>βασι-ωρᾶθ·</em></strong></span> <span class='ocrx_word' id='word_1_28' title='bbox 1682 303 1747 336; x_wconf 81' lang='lat' dir='ltr'><strong>Pa-</strong></span> 
     </span>
     <span class='ocr_line' id='line_1_4' title="bbox 42 385 1531 445; baseline 0.001 -15"><span class='ocrx_word' id='word_1_29' title='bbox 42 390 107 439; x_wconf 85' lang='grc' dir='ltr'><strong><em>λὶς</em></strong></span> <span class='ocrx_word' id='word_1_30' title='bbox 138 389 357 443; x_wconf 85' lang='grc' dir='ltr'><strong><em>ἐπίβουλον</em></strong></span> <span class='ocrx_word' id='word_1_31' title='bbox 386 387 519 432; x_wconf 90' lang='grc' dir='ltr'><strong><em>ἐκάλει</em></strong></span> <span class='ocrx_word' id='word_1_32' title='bbox 545 388 621 432; x_wconf 80' lang='grc' dir='ltr'><strong>τὸν</strong></span> <span class='ocrx_word' id='word_1_33' title='bbox 651 386 906 443; x_wconf 80' lang='grc' dir='ltr'><strong><em>σύμβουλον,</em></strong></span> <span class='ocrx_word' id='word_1_34' title='bbox 935 388 1004 430; x_wconf 85' lang='grc' dir='ltr'><strong>καὶ</strong></span> <span class='ocrx_word' id='word_1_35' title='bbox 1023 386 1139 438; x_wconf 80' lang='grc' dir='ltr'><strong><em>ὅλαις</em></strong></span> <span class='ocrx_word' id='word_1_36' title='bbox 1156 385 1370 443; x_wconf 88' lang='grc' dir='ltr'><strong><em>παλάμαις</em></strong></span> <span class='ocrx_word' id='word_1_37' title='bbox 1385 385 1531 445; x_wconf 74' lang='grc' dir='ltr'><strong><em>πόρῥω</em></strong></span> 
     </span>
     <span class='ocr_line' id='line_1_5' title="bbox 42 455 1528 516; baseline 0 -16"><span class='ocrx_word' id='word_1_38' title='bbox 42 475 124 501; x_wconf 89' lang='grc' dir='ltr'><strong>που</strong></span> <span class='ocrx_word' id='word_1_39' title='bbox 148 462 232 501; x_wconf 78' lang='grc' dir='ltr'><strong>τῶν</strong></span> <span class='ocrx_word' id='word_1_40' title='bbox 252 457 487 516; x_wconf 74' lang='grc' dir='ltr'><em>ὀφθαλμῶν</em></span> <span class='ocrx_word' id='word_1_41' title='bbox 508 456 633 502; x_wconf 72' lang='grc' dir='ltr'><strong><em>ἐώθει</em></strong></span> <span class='ocrx_word' id='word_1_42' title='bbox 650 457 724 501; x_wconf 87' lang='grc' dir='ltr'><strong>τὸν</strong></span> <span class='ocrx_word' id='word_1_43' title='bbox 741 457 979 515; x_wconf 73' lang='grc' dir='ltr'><strong><em>ἄνθρωπον.</em></strong></span> <span class='ocrx_word' id='word_1_44' title='bbox 1017 455 1125 513; x_wconf 74' lang='grc' dir='ltr'><strong><em>αὕτη</em></strong></span> <span class='ocrx_word' id='word_1_45' title='bbox 1144 456 1390 501; x_wconf 74' lang='grc' dir='ltr'><em>σκανδάλων</em></span> <span class='ocrx_word' id='word_1_46' title='bbox 1418 456 1528 514; x_wconf 75' lang='grc' dir='ltr'><strong><em>ἀρχὴ</em></strong></span> 
     </span>
     <span class='ocr_line' id='line_1_6' title="bbox 14 523 1566 585; baseline -0.001 -15"><span class='ocrx_word' id='word_1_47' title='bbox 14 529 112 570; x_wconf 79' lang='grc' dir='ltr'><strong><em>ὅκαὶ</em></strong></span> <span class='ocrx_word' id='word_1_48' title='bbox 132 525 385 578; x_wconf 86' lang='grc' dir='ltr'><strong><em>κατάστασις</em></strong></span> <span class='ocrx_word' id='word_1_49' title='bbox 406 525 550 585; x_wconf 73' lang='grc' dir='ltr'><strong><em>πρώτη</em></strong></span> <span class='ocrx_word' id='word_1_50' title='bbox 583 526 691 570; x_wconf 77' lang='grc' dir='ltr'><strong><em>κατὰ</em></strong></span> <span class='ocrx_word' id='word_1_51' title='bbox 718 531 795 570; x_wconf 84' lang='grc' dir='ltr'><strong><em>τοῦ</em></strong></span> <span class='ocrx_word' id='word_1_52' title='bbox 829 523 1088 584; x_wconf 76' lang='grc' dir='ltr'><strong><em>πατριάρχου</em></strong></span> <span class='ocrx_word' id='word_1_53' title='bbox 1108 531 1161 584; x_wconf 82' lang='grc' dir='ltr'><strong><em>τῇ</em></strong></span> <span class='ocrx_word' id='word_1_54' title='bbox 1185 528 1370 581; x_wconf 79' lang='grc' dir='ltr'><strong><em>βασιλίδι</em></strong></span> <span class='ocrx_word' id='word_1_55' title='bbox 1398 527 1566 579; x_wconf 60' lang='grc' dir='ltr'><strong><em>καθί·,Β</em></strong></span> 
     </span>
     <span class='ocr_line' id='line_1_7' title="bbox 44 590 1528 656; baseline 0 -17"><span class='ocrx_word' id='word_1_56' title='bbox 44 613 206 640; x_wconf 89' lang='grc' dir='ltr'><strong><em>σταται.</em></strong></span> <span class='ocrx_word' id='word_1_57' title='bbox 252 595 352 656; x_wconf 92' lang='grc' dir='ltr'>(Δ.)</span> <span class='ocrx_word' id='word_1_58' title='bbox 368 597 469 654; x_wconf 79' lang='grc' dir='ltr'><strong>Ἀφ’</strong></span> <span class='ocrx_word' id='word_1_59' title='bbox 497 590 546 640; x_wconf 69' lang='grc' dir='ltr'><strong>οὗ</strong></span> <span class='ocrx_word' id='word_1_60' title='bbox 569 596 649 653; x_wconf 79' lang='grc' dir='ltr'><strong>γὰρ</strong></span> <span class='ocrx_word' id='word_1_61' title='bbox 669 595 717 640; x_wconf 78' lang='grc' dir='ltr'><strong><em>τὸ</em></strong></span> <span class='ocrx_word' id='word_1_62' title='bbox 737 600 815 652; x_wconf 83' lang='grc' dir='ltr'><strong><em>τῆς</em></strong></span> <span class='ocrx_word' id='word_1_63' title='bbox 834 597 1082 652; x_wconf 83' lang='grc' dir='ltr'><strong><em>ζηλοτυπίας</em></strong></span> <span class='ocrx_word' id='word_1_64' title='bbox 1101 597 1233 652; x_wconf 77' lang='grc' dir='ltr'><strong><em>αὐτὴν</em></strong></span> <span class='ocrx_word' id='word_1_65' title='bbox 1252 597 1423 652; x_wconf 76' lang='grc' dir='ltr'><strong><em>κατέσχε</em></strong></span> <span class='ocrx_word' id='word_1_66' title='bbox 1443 594 1528 639; x_wconf 87' lang='grc' dir='ltr'><strong><em>πά-</em></strong></span> 
     </span>
     <span class='ocr_line' id='line_1_8' title="bbox 42 664 1531 722; baseline 0 -13"><span class='ocrx_word' id='word_1_67' title='bbox 42 670 149 719; x_wconf 77' lang='grc' dir='ltr'><strong><em>θος,</em></strong></span> <span class='ocrx_word' id='word_1_68' title='bbox 191 664 213 710; x_wconf 85' lang='grc' dir='ltr'>ὃ</span> <span class='ocrx_word' id='word_1_69' title='bbox 243 665 352 709; x_wconf 78' lang='grc' dir='ltr'><strong><em>κατὰ</em></strong></span> <span class='ocrx_word' id='word_1_70' title='bbox 379 670 454 710; x_wconf 87' lang='grc' dir='ltr'><strong><em>τοῦ</em></strong></span> <span class='ocrx_word' id='word_1_71' title='bbox 485 665 692 721; x_wconf 85' lang='grc' dir='ltr'><strong><em>βασιλέως</em></strong></span> <span class='ocrx_word' id='word_1_72' title='bbox 716 667 1068 722; x_wconf 82' lang='grc' dir='ltr'><strong><em>Καντακουζηνοῢ</em></strong></span> <span class='ocrx_word' id='word_1_73' title='bbox 1102 667 1172 709; x_wconf 80' lang='grc' dir='ltr'><strong>καὶ</strong></span> <span class='ocrx_word' id='word_1_74' title='bbox 1211 670 1288 722; x_wconf 86' lang='grc' dir='ltr'><strong><em>τῆς</em></strong></span> <span class='ocrx_word' id='word_1_75' title='bbox 1313 667 1531 721; x_wconf 79' lang='grc' dir='ltr'><strong><em>βασιλίδος</em></strong></span> 
     </span>
     <span class='ocr_line' id='line_1_9' title="bbox 42 733 1530 793; baseline 0 -15"><span class='ocrx_word' id='word_1_76' title='bbox 42 733 225 792; x_wconf 78' lang='grc' dir='ltr'><strong><em>Εἶρήνης</em></strong></span> <span class='ocrx_word' id='word_1_77' title='bbox 254 737 313 786; x_wconf 78' lang='grc' dir='ltr'><strong>εἷς</strong></span> <span class='ocrx_word' id='word_1_78' title='bbox 340 735 389 779; x_wconf 83' lang='grc' dir='ltr'><strong><em>τὸ</em></strong></span> <span class='ocrx_word' id='word_1_79' title='bbox 420 735 719 793; x_wconf 83' lang='grc' dir='ltr'><strong><em>δαψιλέστερον</em></strong></span> <span class='ocrx_word' id='word_1_80' title='bbox 738 734 933 793; x_wconf 69' lang='grc' dir='ltr'><strong><em>ἔθρεψεν,</em></strong></span> <span class='ocrx_word' id='word_1_81' title='bbox 963 735 1061 779; x_wconf 76' lang='grc' dir='ltr'><strong><em>οὐδ’</em></strong></span> <span class='ocrx_word' id='word_1_82' title='bbox 1082 734 1224 793; x_wconf 69' lang='grc' dir='ltr'><strong><em>ἄκροις</em></strong></span> <span class='ocrx_word' id='word_1_83' title='bbox 1242 736 1343 780; x_wconf 82' lang='grc' dir='ltr'><strong><em>ὠσὶν</em></strong></span> <span class='ocrx_word' id='word_1_84' title='bbox 1362 735 1530 791; x_wconf 75' lang='grc' dir='ltr'><strong><em>οὐδαμῆ</em></strong></span> 
     </span>
     <span class='ocr_line' id='line_1_10' title="bbox 42 799 1531 863; baseline 0.001 -17"><span class='ocrx_word' id='word_1_85' title='bbox 42 803 144 847; x_wconf 78' lang='grc' dir='ltr'><strong><em>ποτ’</em></strong></span> <span class='ocrx_word' id='word_1_86' title='bbox 169 804 349 861; x_wconf 75' lang='grc' dir='ltr'><strong><em>ἠνείχετο</em></strong></span> <span class='ocrx_word' id='word_1_87' title='bbox 374 802 496 862; x_wconf 85' lang='grc' dir='ltr'><strong><em>λόγον</em></strong></span> <span class='ocrx_word' id='word_1_88' title='bbox 528 802 692 848; x_wconf 70' lang='grc' dir='ltr'><strong><em>ἀκούειν</em></strong></span> <span class='ocrx_word' id='word_1_89' title='bbox 720 802 824 863; x_wconf 81' lang='grc' dir='ltr'><strong>ὖπέρ</strong></span> <span class='ocrx_word' id='word_1_90' title='bbox 859 806 1020 849; x_wconf 77' lang='grc' dir='ltr'><strong><em>ἐκείνων</em></strong></span> <span class='ocrx_word' id='word_1_91' title='bbox 1046 804 1317 860; x_wconf 84' lang='grc' dir='ltr'><strong><em>συμβατικόν.</em></strong></span> <span class='ocrx_word' id='word_1_92' title='bbox 1354 804 1454 847; x_wconf 75' lang='grc' dir='ltr'><strong><em>ἀλλ’</em></strong></span> <span class='ocrx_word' id='word_1_93' title='bbox 1470 799 1531 861; x_wconf 65' lang='grc' dir='ltr'><strong><em>ἦν.</em></strong></span> 
     </span>
     <span class='ocr_line' id='line_1_11' title="bbox 0 872 1531 933; baseline 0.001 -17"><span class='ocrx_word' id='word_1_94' title='bbox 0 873 153 931; x_wconf 64' lang='grc' dir='ltr'><strong><em>ὲθαῦτῇ</em></strong></span> <span class='ocrx_word' id='word_1_95' title='bbox 170 872 371 932; x_wconf 77' lang='grc' dir='ltr'><strong><em>διάπυρος</em></strong></span> <span class='ocrx_word' id='word_1_96' title='bbox 398 873 501 932; x_wconf 63' lang='grc' dir='ltr'><strong><em>ἔρως</em></strong></span> <span class='ocrx_word' id='word_1_97' title='bbox 521 876 590 918; x_wconf 79' lang='grc' dir='ltr'><strong>καὶ</strong></span> <span class='ocrx_word' id='word_1_98' title='bbox 607 874 721 926; x_wconf 79' lang='grc' dir='ltr'><strong><em>ξένον</em></strong></span> <span class='ocrx_word' id='word_1_99' title='bbox 739 872 982 933; x_wconf 76' lang='grc' dir='ltr'><strong><em>ἐντρύφημα</em></strong></span> <span class='ocrx_word' id='word_1_100' title='bbox 990 908 1005 930; x_wconf 83' lang='grc'>,</span> <span class='ocrx_word' id='word_1_101' title='bbox 1034 877 1246 933; x_wconf 87' lang='grc' dir='ltr'><strong><em>λοιδορίας</em></strong></span> <span class='ocrx_word' id='word_1_102' title='bbox 1265 873 1432 925; x_wconf 73' lang='grc' dir='ltr'><strong><em>ἁπάσας</em></strong></span> <span class='ocrx_word' id='word_1_103' title='bbox 1458 875 1531 917; x_wconf 79' lang='grc' dir='ltr'><strong>καὶ</strong></span> 
     </span>
     <span class='ocr_line' id='line_1_12' title="bbox 42 943 1529 1002; baseline 0.003 -17"><span class='ocrx_word' id='word_1_104' title='bbox 42 945 315 1002; x_wconf 80' lang='grc' dir='ltr'><strong><em>βλασφημίας</em></strong></span> <span class='ocrx_word' id='word_1_105' title='bbox 346 943 549 998; x_wconf 84' lang='grc' dir='ltr'><strong><em>ἇσέμνους</em></strong></span> <span class='ocrx_word' id='word_1_106' title='bbox 580 944 680 987; x_wconf 72' lang='grc' dir='ltr'><strong><em>κατ’</em></strong></span> <span class='ocrx_word' id='word_1_107' title='bbox 700 944 861 988; x_wconf 82' lang='grc' dir='ltr'><strong><em>ἐκείνων</em></strong></span> <span class='ocrx_word' id='word_1_108' title='bbox 883 946 952 987; x_wconf 82' lang='grc' dir='ltr'><strong>καὶ</strong></span> <span class='ocrx_word' id='word_1_109' title='bbox 978 945 1103 1001; x_wconf 84' lang='grc' dir='ltr'><strong><em>λέγειν</em></strong></span> <span class='ocrx_word' id='word_1_110' title='bbox 1119 945 1206 999; x_wconf 71' lang='grc' dir='ltr'><strong>ἀεὶ,</strong></span> <span class='ocrx_word' id='word_1_111' title='bbox 1235 947 1304 988; x_wconf 84' lang='grc' dir='ltr'><strong>καὶ</strong></span> <span class='ocrx_word' id='word_1_112' title='bbox 1325 943 1529 1002; x_wconf 81' lang='grc' dir='ltr'><strong><em>λεγόντων</em></strong></span> 
     </span>
    </p>

    <p class='ocr_par' dir='ltr' id='par_1_3' title="bbox 0 1010 1569 1765">
     <span class='ocr_line' id='line_1_13' title="bbox 43 1010 1569 1072; baseline 0.002 -16"><span class='ocrx_word' id='word_1_113' title='bbox 43 1012 183 1056; x_wconf 82' lang='grc' dir='ltr'><strong><em>ι’ίλλων</em></strong></span> <span class='ocrx_word' id='word_1_114' title='bbox 207 1010 380 1057; x_wconf 78' lang='grc' dir='ltr'><strong><em>ἀκούειν.</em></strong></span> <span class='ocrx_word' id='word_1_115' title='bbox 409 1018 536 1057; x_wconf 80' lang='grc' dir='ltr'><strong><em>τοῦτο</em></strong></span> <span class='ocrx_word' id='word_1_116' title='bbox 555 1018 761 1071; x_wconf 76' lang='grc' dir='ltr'><strong><em>περιφανῆ</em></strong></span> <span class='ocrx_word' id='word_1_117' title='bbox 783 1015 851 1057; x_wconf 81' lang='grc' dir='ltr'><strong>καὶ</strong></span> <span class='ocrx_word' id='word_1_118' title='bbox 879 1012 1116 1071; x_wconf 85' lang='grc' dir='ltr'><strong><em>κατάδηλον</em></strong></span> <span class='ocrx_word' id='word_1_119' title='bbox 1136 1015 1319 1072; x_wconf 86' lang='grc' dir='ltr'><strong><em>πέπραχε</em></strong></span> <span class='ocrx_word' id='word_1_120' title='bbox 1338 1020 1466 1060; x_wconf 80' lang='grc' dir='ltr'><strong><em>πᾶσιν</em></strong></span> <span class='ocrx_word' id='word_1_121' title='bbox 1485 1015 1569 1059; x_wconf 76' lang='grc' dir='ltr'><strong><em>ἐνΟ</em></strong></span> 
     </span>
     <span class='ocr_line' id='line_1_14' title="bbox 42 1081 1528 1143; baseline 0.003 -19"><span class='ocrx_word' id='word_1_122' title='bbox 42 1087 196 1139; x_wconf 80' lang='grc' dir='ltr'><strong><em>βραχεῖ</em></strong></span> <span class='ocrx_word' id='word_1_123' title='bbox 210 1087 285 1138; x_wconf 86' lang='grc' dir='ltr'><strong><em>τῆς</em></strong></span> <span class='ocrx_word' id='word_1_124' title='bbox 304 1081 404 1139; x_wconf 83' lang='grc' dir='ltr'><strong><em>ὅλης</em></strong></span> <span class='ocrx_word' id='word_1_125' title='bbox 423 1084 572 1133; x_wconf 87' lang='grc' dir='ltr'><strong><em>κακίας</em></strong></span> <span class='ocrx_word' id='word_1_126' title='bbox 592 1082 671 1139; x_wconf 84' lang='grc' dir='ltr'><strong>τὴν</strong></span> <span class='ocrx_word' id='word_1_127' title='bbox 688 1082 825 1141; x_wconf 82' lang='grc' dir='ltr'><strong><em>ῥίζαν,</em></strong></span> <span class='ocrx_word' id='word_1_128' title='bbox 867 1082 969 1127; x_wconf 74' lang='grc' dir='ltr'><strong><em>ὅθεν</em></strong></span> <span class='ocrx_word' id='word_1_129' title='bbox 987 1086 1056 1127; x_wconf 80' lang='grc' dir='ltr'><strong>καὶ</strong></span> <span class='ocrx_word' id='word_1_130' title='bbox 1075 1081 1102 1140; x_wconf 83' lang='grc' dir='ltr'><em>ἧ</em></span> <span class='ocrx_word' id='word_1_131' title='bbox 1123 1089 1199 1140; x_wconf 79' lang='grc' dir='ltr'><strong><em>τῆς</em></strong></span> <span class='ocrx_word' id='word_1_132' title='bbox 1218 1086 1421 1143; x_wconf 87' lang='grc' dir='ltr'><strong><em>ἐμφυλίου</em></strong></span> <span class='ocrx_word' id='word_1_133' title='bbox 1440 1083 1528 1139; x_wconf 82' lang='grc' dir='ltr'><strong>μά-</strong></span> 
     </span>
     <span class='ocr_line' id='line_1_15' title="bbox 39 1150 1530 1211; baseline 0.003 -18"><span class='ocrx_word' id='word_1_134' title='bbox 39 1169 120 1207; x_wconf 89' lang='grc' dir='ltr'><strong>χης</strong></span> <span class='ocrx_word' id='word_1_135' title='bbox 141 1150 371 1208; x_wconf 86' lang='grc' dir='ltr'><strong><em>ἐβλάστησε</em></strong></span> <span class='ocrx_word' id='word_1_136' title='bbox 390 1151 615 1210; x_wconf 82' lang='grc' dir='ltr'><strong><em>πρόφασις,</em></strong></span> <span class='ocrx_word' id='word_1_137' title='bbox 634 1154 702 1195; x_wconf 87' lang='grc' dir='ltr'><strong>καὶ</strong></span> <span class='ocrx_word' id='word_1_138' title='bbox 720 1151 834 1203; x_wconf 77' lang='grc' dir='ltr'><strong><em>ὅπως</em></strong></span> <span class='ocrx_word' id='word_1_139' title='bbox 854 1154 910 1203; x_wconf 78' lang='grc' dir='ltr'><strong>εἷς</strong></span> <span class='ocrx_word' id='word_1_140' title='bbox 929 1154 1047 1204; x_wconf 90' lang='grc' dir='ltr'><strong><em>τέλος</em></strong></span> <span class='ocrx_word' id='word_1_141' title='bbox 1062 1154 1277 1211; x_wconf 86' lang='grc' dir='ltr'><strong><em>παρέμεινε</em></strong></span> <span class='ocrx_word' id='word_1_142' title='bbox 1296 1156 1530 1198; x_wconf 81' lang='grc' dir='ltr'><strong><em>δαπανῶσα</em></strong></span> 
     </span>
     <span class='ocr_line' id='line_1_16' title="bbox 0 1218 1531 1280; baseline 0.003 -18"><span class='ocrx_word' id='word_1_143' title='bbox 0 1223 34 1268; x_wconf 73' lang='grc' dir='ltr'><strong>,ἱ5</strong></span> <span class='ocrx_word' id='word_1_144' title='bbox 44 1223 113 1264; x_wconf 84' lang='grc' dir='ltr'><strong>καὶ</strong></span> <span class='ocrx_word' id='word_1_145' title='bbox 134 1223 371 1279; x_wconf 77' lang='grc' dir='ltr'><strong><em>φθείρουσα</em></strong></span> <span class='ocrx_word' id='word_1_146' title='bbox 399 1222 454 1265; x_wconf 77' lang='grc' dir='ltr'><strong><em>τὰ</em></strong></span> <span class='ocrx_word' id='word_1_147' title='bbox 471 1220 685 1278; x_wconf 85' lang='grc' dir='ltr'><strong><em>Ῥωμαίων</em></strong></span> <span class='ocrx_word' id='word_1_148' title='bbox 709 1220 948 1279; x_wconf 84' lang='grc' dir='ltr'><strong><em>πράγματα.</em></strong></span> <span class='ocrx_word' id='word_1_149' title='bbox 985 1218 1037 1280; x_wconf 71' lang='grc' dir='ltr'><strong><em>ἦν</em></strong></span> <span class='ocrx_word' id='word_1_150' title='bbox 1067 1225 1094 1266; x_wconf 92' lang='grc' dir='ltr'><strong><em>δ</em></strong></span> <span class='ocrx_word' id='word_1_151' title='bbox 1103 1223 1117 1240; x_wconf 75' lang='grc'><strong>’</strong></span> <span class='ocrx_word' id='word_1_152' title='bbox 1144 1221 1172 1280; x_wconf 82' lang='grc' dir='ltr'><strong><em>ἦ</em></strong></span> <span class='ocrx_word' id='word_1_153' title='bbox 1200 1228 1278 1280; x_wconf 81' lang='grc' dir='ltr'><strong><em>τῆς</em></strong></span> <span class='ocrx_word' id='word_1_154' title='bbox 1308 1225 1531 1280; x_wconf 63' lang='grc' dir='ltr'><strong><em>»βασιλίδος</em></strong></span> 
     </span>
     <span class='ocr_line' id='line_1_17' title="bbox 34 1289 1530 1350; baseline 0.002 -16"><span class='ocrx_word' id='word_1_155' title='bbox 34 1290 183 1346; x_wconf 74' lang='grc' dir='ltr'><strong><em>ἶΆννης</em></strong></span> <span class='ocrx_word' id='word_1_156' title='bbox 212 1289 440 1347; x_wconf 83' lang='grc' dir='ltr'><strong><em>ζηλότυπος</em></strong></span> <span class='ocrx_word' id='word_1_157' title='bbox 468 1293 538 1335; x_wconf 84' lang='grc' dir='ltr'><strong>καὶ</strong></span> <span class='ocrx_word' id='word_1_158' title='bbox 569 1291 815 1349; x_wconf 83' lang='grc' dir='ltr'><strong><em>χαιρέκακος</em></strong></span> <span class='ocrx_word' id='word_1_159' title='bbox 842 1290 1008 1349; x_wconf 76' lang='grc' dir='ltr'><strong><em>γνώμη,</em></strong></span> <span class='ocrx_word' id='word_1_160' title='bbox 1040 1290 1236 1350; x_wconf 72' lang='grc' dir='ltr'><strong><em>καθάπερ</em></strong></span> <span class='ocrx_word' id='word_1_161' title='bbox 1260 1291 1360 1349; x_wconf 67' lang='grc' dir='ltr'><strong><em>ἡμῖν</em></strong></span> <span class='ocrx_word' id='word_1_162' title='bbox 1377 1295 1420 1337; x_wconf 80' lang='grc' dir='ltr'><strong><em>ἐν</em></strong></span> <span class='ocrx_word' id='word_1_163' title='bbox 1440 1300 1530 1344; x_wconf 78' lang='grc' dir='ltr'><strong><em>τοῖς</em></strong></span> 
     </span>
     <span class='ocr_line' id='line_1_18' title="bbox 45 1355 1528 1419; baseline 0.002 -16"><span class='ocrx_word' id='word_1_164' title='bbox 45 1359 239 1417; x_wconf 77' lang='grc' dir='ltr'><strong><em>ἀνωτέρω</em></strong></span> <span class='ocrx_word' id='word_1_165' title='bbox 271 1359 469 1411; x_wconf 86' lang='grc' dir='ltr'><strong><em>πολλάκις</em></strong></span> <span class='ocrx_word' id='word_1_166' title='bbox 499 1361 659 1418; x_wconf 69' lang='grc' dir='ltr'><strong><em>εἴρηται</em></strong></span> <span class='ocrx_word' id='word_1_167' title='bbox 690 1359 846 1418; x_wconf 82' lang='grc' dir='ltr'><strong><em>λόγοις·</em></strong></span> <span class='ocrx_word' id='word_1_168' title='bbox 891 1355 943 1417; x_wconf 67' lang='grc' dir='ltr'><strong>ἧς</strong></span> <span class='ocrx_word' id='word_1_169' title='bbox 973 1362 1051 1418; x_wconf 81' lang='grc' dir='ltr'><strong>τὴν</strong></span> <span class='ocrx_word' id='word_1_170' title='bbox 1077 1360 1291 1416; x_wconf 85' lang='grc' dir='ltr'><strong><em>Ῥωμαίων</em></strong></span> <span class='ocrx_word' id='word_1_171' title='bbox 1317 1361 1528 1419; x_wconf 71' lang='grc' dir='ltr'><strong><em>ἠλλάξατο</em></strong></span> 
     </span>
     <span class='ocr_line' id='line_1_19' title="bbox 44 1428 1569 1490; baseline -0.001 -18"><span class='ocrx_word' id='word_1_172' title='bbox 44 1428 266 1487; x_wconf 79' lang='grc' dir='ltr'><strong><em>προδήλως</em></strong></span> <span class='ocrx_word' id='word_1_173' title='bbox 293 1429 558 1485; x_wconf 74' lang='grc' dir='ltr'><strong><em>εὐδαιμονίαν</em></strong></span> <span class='ocrx_word' id='word_1_174' title='bbox 598 1429 729 1486; x_wconf 75' lang='grc' dir='ltr'><strong><em>αὕτη,</em></strong></span> <span class='ocrx_word' id='word_1_175' title='bbox 789 1433 860 1474; x_wconf 82' lang='grc' dir='ltr'><strong>καὶ</strong></span> <span class='ocrx_word' id='word_1_176' title='bbox 898 1431 958 1474; x_wconf 68' lang='grc' dir='ltr'><strong><em>δι’,</em></strong></span> <span class='ocrx_word' id='word_1_177' title='bbox 998 1431 1051 1487; x_wconf 72' lang='grc' dir='ltr'><strong><em>ἢν</em></strong></span> <span class='ocrx_word' id='word_1_178' title='bbox 1084 1436 1169 1475; x_wconf 83' lang='grc' dir='ltr'><strong>τῶν</strong></span> <span class='ocrx_word' id='word_1_179' title='bbox 1193 1430 1303 1475; x_wconf 82' lang='grc' dir='ltr'><strong><em>ὅλων</em></strong></span> <span class='ocrx_word' id='word_1_180' title='bbox 1334 1429 1569 1490; x_wconf 83' lang='grc' dir='ltr'><strong><em>προδότιςῙ)</em></strong></span> 
     </span>
     <span class='ocr_line' id='line_1_20' title="bbox 44 1497 1530 1560; baseline 0.001 -19"><span class='ocrx_word' id='word_1_181' title='bbox 44 1497 301 1556; x_wconf 82' lang='grc' dir='ltr'><strong><em>πραγμάτων</em></strong></span> <span class='ocrx_word' id='word_1_182' title='bbox 318 1499 486 1556; x_wconf 83' lang='grc' dir='ltr'><strong><em>ἐγένετο.</em></strong></span> <span class='ocrx_word' id='word_1_183' title='bbox 545 1499 634 1559; x_wconf 88' lang='grc' dir='ltr'>(Ε.)</span> <span class='ocrx_word' id='word_1_184' title='bbox 675 1500 738 1543; x_wconf 76' lang='grc' dir='ltr'><strong>Οὐ</strong></span> <span class='ocrx_word' id='word_1_185' title='bbox 761 1505 962 1544; x_wconf 85' lang='grc' dir='ltr'><strong><em>τοσοῦτον</em></strong></span> <span class='ocrx_word' id='word_1_186' title='bbox 984 1502 1012 1543; x_wconf 86' lang='grc' dir='ltr'><strong><em>δ</em></strong></span> <span class='ocrx_word' id='word_1_187' title='bbox 1019 1501 1032 1516; x_wconf 86' lang='lat'>‘</span> <span class='ocrx_word' id='word_1_188' title='bbox 1061 1499 1176 1555; x_wconf 75' lang='grc' dir='ltr'><strong><em>οἶμαι</em></strong></span> <span class='ocrx_word' id='word_1_189' title='bbox 1192 1499 1375 1560; x_wconf 77' lang='grc' dir='ltr'><strong><em>νεμεσῴη</em></strong></span> <span class='ocrx_word' id='word_1_190' title='bbox 1393 1500 1446 1544; x_wconf 80' lang='grc' dir='ltr'><strong><em>ι’ίν</em></strong></span> <span class='ocrx_word' id='word_1_191' title='bbox 1465 1517 1530 1551; x_wconf 88' lang='grc' dir='ltr'><strong>τις</strong></span> 
     </span>
     <span class='ocr_line' id='line_1_21' title="bbox 0 1567 1530 1627; baseline 0.001 -16"><span class='ocrx_word' id='word_1_192' title='bbox 0 1567 177 1626; x_wconf 67' lang='grc' dir='ltr'><strong><em>Ξοαῦτῇ,</em></strong></span> <span class='ocrx_word' id='word_1_193' title='bbox 215 1567 274 1624; x_wconf 82' lang='grc' dir='ltr'><strong>μὴ</strong></span> <span class='ocrx_word' id='word_1_194' title='bbox 306 1570 532 1627; x_wconf 75' lang='grc' dir='ltr'><strong><em>δυνηθείσῃ</em></strong></span> <span class='ocrx_word' id='word_1_195' title='bbox 561 1569 788 1624; x_wconf 83' lang='grc' dir='ltr'><strong><em>διαβλέψαι</em></strong></span> <span class='ocrx_word' id='word_1_196' title='bbox 816 1571 884 1612; x_wconf 80' lang='grc' dir='ltr'><strong>καὶ</strong></span> <span class='ocrx_word' id='word_1_197' title='bbox 917 1571 1120 1625; x_wconf 83' lang='grc' dir='ltr'><strong><em>διακρῖναι</em></strong></span> <span class='ocrx_word' id='word_1_198' title='bbox 1149 1569 1198 1613; x_wconf 84' lang='grc' dir='ltr'><strong><em>τὸ</em></strong></span> <span class='ocrx_word' id='word_1_199' title='bbox 1229 1578 1415 1627; x_wconf 81' lang='grc' dir='ltr'><strong><em>κρεῖττον</em></strong></span> <span class='ocrx_word' id='word_1_200' title='bbox 1443 1568 1530 1613; x_wconf 78' lang='grc' dir='ltr'><strong><em>ἀπὸ</em></strong></span> 
     </span>
     <span class='ocr_line' id='line_1_22' title="bbox 47 1636 1527 1696; baseline 0.001 -16"><span class='ocrx_word' id='word_1_201' title='bbox 47 1641 121 1680; x_wconf 83' lang='grc' dir='ltr'><strong><em>τοῦ</em></strong></span> <span class='ocrx_word' id='word_1_202' title='bbox 140 1638 347 1694; x_wconf 86' lang='grc' dir='ltr'><strong><em>χείρονος,</em></strong></span> <span class='ocrx_word' id='word_1_203' title='bbox 380 1639 545 1694; x_wconf 85' lang='grc' dir='ltr'><strong><em>γυναικί</em></strong></span> <span class='ocrx_word' id='word_1_204' title='bbox 565 1655 610 1681; x_wconf 88' lang='grc' dir='ltr'><strong><em>τε</em></strong></span> <span class='ocrx_word' id='word_1_205' title='bbox 640 1637 744 1695; x_wconf 65' lang='grc' dir='ltr'><strong><em>οὔσῃ</em></strong></span> <span class='ocrx_word' id='word_1_206' title='bbox 773 1640 842 1680; x_wconf 85' lang='grc' dir='ltr'><strong>καὶ</strong></span> <span class='ocrx_word' id='word_1_207' title='bbox 875 1636 1115 1695; x_wconf 75' lang='grc' dir='ltr'><strong><em>ἀλλοφύλου</em></strong></span> <span class='ocrx_word' id='word_1_208' title='bbox 1142 1643 1304 1696; x_wconf 79' lang='grc' dir='ltr'><strong><em>τροφῆς</em></strong></span> <span class='ocrx_word' id='word_1_209' title='bbox 1329 1640 1400 1682; x_wconf 84' lang='grc' dir='ltr'><strong>καὶ</strong></span> <span class='ocrx_word' id='word_1_210' title='bbox 1418 1639 1527 1682; x_wconf 84' lang='grc' dir='ltr'><strong><em>διαί-</em></strong></span> 
     </span>
     <span class='ocr_line' id='line_1_23' title="bbox 47 1704 1528 1765; baseline 0.001 -16"><span class='ocrx_word' id='word_1_211' title='bbox 47 1723 125 1762; x_wconf 84' lang='grc' dir='ltr'><strong><em>της</em></strong></span> <span class='ocrx_word' id='word_1_212' title='bbox 151 1704 375 1761; x_wconf 78' lang='grc' dir='ltr'><strong><em>ἦλικιώτιδι</em></strong></span> <span class='ocrx_word' id='word_1_213' title='bbox 386 1739 401 1759; x_wconf 83' lang='grc'>,</span> <span class='ocrx_word' id='word_1_214' title='bbox 432 1708 500 1749; x_wconf 84' lang='grc' dir='ltr'><strong>καὶ</strong></span> <span class='ocrx_word' id='word_1_215' title='bbox 521 1704 609 1760; x_wconf 81' lang='grc' dir='ltr'><strong><em>ἅμα</em></strong></span> <span class='ocrx_word' id='word_1_216' title='bbox 632 1706 693 1761; x_wconf 88' lang='grc' dir='ltr'><strong>μὴ</strong></span> <span class='ocrx_word' id='word_1_217' title='bbox 711 1706 917 1765; x_wconf 80' lang='grc' dir='ltr'><strong><em>δυναμένῃ</em></strong></span> <span class='ocrx_word' id='word_1_218' title='bbox 938 1705 1199 1751; x_wconf 88' lang='grc' dir='ltr'><strong><em>παντάπασιν</em></strong></span> <span class='ocrx_word' id='word_1_219' title='bbox 1218 1707 1432 1764; x_wconf 74' lang='grc' dir='ltr'><strong><em>ἀνανῆψαι</em></strong></span> <span class='ocrx_word' id='word_1_220' title='bbox 1451 1711 1528 1751; x_wconf 76' lang='grc' dir='ltr'><strong><em>τοῦ</em></strong></span> 
     </span>
    </p>
   </div>
   <div class='ocr_carea' id='block_1_3' title="bbox 1577 348 1705 385">
    <p class='ocr_par' dir='ltr' id='par_1_4' title="bbox 1577 348 1705 385">
     <span class='ocr_line' id='line_1_24' title="bbox 1577 348 1705 385; baseline 0.023 -3"><span class='ocrx_word' id='word_1_221' title='bbox 1577 349 1674 384; x_wconf 81' lang='lat' dir='ltr'><strong>laeol.</strong></span> <span class='ocrx_word' id='word_1_222' title='bbox 1680 348 1705 385; x_wconf 90' lang='lat'>5</span> 
     </span>
    </p>
   </div>
   <div class='ocr_carea' id='block_1_4' title="bbox 46 1773 1662 1906">
    <p class='ocr_par' dir='ltr' id='par_1_5' title="bbox 46 1773 1662 1906">
     <span class='ocr_line' id='line_1_25' title="bbox 46 1773 1662 1837; baseline 0 -20"><span class='ocrx_word' id='word_1_223' title='bbox 46 1780 123 1831; x_wconf 70' lang='grc' dir='ltr'><strong>τῆς</strong></span> <span class='ocrx_word' id='word_1_224' title='bbox 142 1776 389 1831; x_wconf 84' lang='grc' dir='ltr'><strong><em>ζηλοτυπίας</em></strong></span> <span class='ocrx_word' id='word_1_225' title='bbox 407 1773 598 1828; x_wconf 73' lang='grc' dir='ltr'><strong><em>πάθους,</em></strong></span> <span class='ocrx_word' id='word_1_226' title='bbox 629 1773 729 1818; x_wconf 83' lang='grc' dir='ltr'><strong><em>ὅσον</em></strong></span> <span class='ocrx_word' id='word_1_227' title='bbox 748 1775 862 1835; x_wconf 72' lang='grc' dir='ltr'><strong><em>αὐτῷ</em></strong></span> <span class='ocrx_word' id='word_1_228' title='bbox 880 1793 925 1819; x_wconf 81' lang='grc' dir='ltr'><strong><em>τε</em></strong></span> <span class='ocrx_word' id='word_1_229' title='bbox 953 1774 1186 1834; x_wconf 84' lang='grc' dir='ltr'><strong><em>πατριάρχῃ</em></strong></span> <span class='ocrx_word' id='word_1_230' title='bbox 1212 1779 1282 1820; x_wconf 82' lang='grc' dir='ltr'><strong>καὶ</strong></span> <span class='ocrx_word' id='word_1_231' title='bbox 1313 1774 1529 1837; x_wconf 73' lang='grc' dir='ltr'><strong><em>συγκλήτῳ</em></strong></span> <span class='ocrx_word' id='word_1_232' title='bbox 1538 1781 1662 1818; x_wconf 77' lang='lat' dir='ltr'><strong>v.386</strong></span> 
     </span>
     <span class='ocr_line' id='line_1_26' title="bbox 46 1842 1527 1906; baseline 0.002 -19"><span class='ocrx_word' id='word_1_233' title='bbox 46 1843 162 1903; x_wconf 84' lang='grc' dir='ltr'><strong><em>πάσῃ</em></strong></span> <span class='ocrx_word' id='word_1_234' title='bbox 187 1846 257 1888; x_wconf 81' lang='grc' dir='ltr'><strong>καὶ</strong></span> <span class='ocrx_word' id='word_1_235' title='bbox 285 1846 479 1906; x_wconf 68' lang='grc' dir='ltr'><strong><em>γερουσίᾳ</em></strong></span> <span class='ocrx_word' id='word_1_236' title='bbox 509 1842 717 1903; x_wconf 78' lang='grc' dir='ltr'><strong><em>τοσαύτῃ,</em></strong></span> <span class='ocrx_word' id='word_1_237' title='bbox 756 1849 810 1904; x_wconf 82' lang='grc' dir='ltr'><strong><em>τῇ</em></strong></span> <span class='ocrx_word' id='word_1_238' title='bbox 839 1844 1063 1906; x_wconf 79' lang='grc' dir='ltr'><strong><em>παραλόγῳ</em></strong></span> <span class='ocrx_word' id='word_1_239' title='bbox 1081 1844 1216 1904; x_wconf 82' lang='grc' dir='ltr'><strong><em>ταύτῃ</em></strong></span> <span class='ocrx_word' id='word_1_240' title='bbox 1238 1844 1433 1904; x_wconf 72' lang='grc' dir='ltr'><strong><em>καθάπερ</em></strong></span> <span class='ocrx_word' id='word_1_241' title='bbox 1452 1846 1527 1890; x_wconf 80' lang='grc' dir='ltr'><strong><em>ἅν-</em></strong></span> 
     </span>
    </p>
   </div>
   <div class='ocr_carea' id='block_1_5' title="bbox 46 1954 1534 2885">
    <p class='ocr_par' dir='ltr' id='par_1_6' title="bbox 46 1954 1534 2885">
     <span class='ocr_line' id='line_1_27' title="bbox 46 1954 1530 2004; baseline -0.001 -13"><span class='ocrx_word' id='word_1_242' title='bbox 46 1954 167 1991; x_wconf 77' lang='lat' dir='ltr'><strong>invitis</strong></span> <span class='ocrx_word' id='word_1_243' title='bbox 185 1955 298 1991; x_wconf 85' lang='lat' dir='ltr'><strong>omnia</strong></span> <span class='ocrx_word' id='word_1_244' title='bbox 313 1955 432 1991; x_wconf 86' lang='lat' dir='ltr'><strong>ablata</strong></span> <span class='ocrx_word' id='word_1_245' title='bbox 449 1958 579 1998; x_wconf 80' lang='lat' dir='ltr'><strong>essent,</strong></span> <span class='ocrx_word' id='word_1_246' title='bbox 603 1967 648 1991; x_wconf 89' lang='lat' dir='ltr'><strong>ne</strong></span> <span class='ocrx_word' id='word_1_247' title='bbox 664 1955 833 1991; x_wconf 82' lang='lat' dir='ltr'><strong>minimam</strong></span> <span class='ocrx_word' id='word_1_248' title='bbox 848 1956 987 2003; x_wconf 87' lang='lat' dir='ltr'><strong>quidem</strong></span> <span class='ocrx_word' id='word_1_249' title='bbox 1003 1968 1107 2003; x_wconf 85' lang='lat' dir='ltr'><strong>posse</strong></span> <span class='ocrx_word' id='word_1_250' title='bbox 1122 1960 1256 2004; x_wconf 85' lang='lat' dir='ltr'><strong>partem</strong></span> <span class='ocrx_word' id='word_1_251' title='bbox 1274 1956 1353 1992; x_wconf 73' lang='lat' dir='ltr'><strong>sine</strong></span> <span class='ocrx_word' id='word_1_252' title='bbox 1365 1955 1530 2002; x_wconf 77' lang='lat' dir='ltr'><strong>lacrymis</strong></span> 
     </span>
     <span class='ocr_line' id='line_1_28' title="bbox 47 2002 1529 2050; baseline -0.001 -12"><span class='ocrx_word' id='word_1_253' title='bbox 47 2002 222 2050; x_wconf 81' lang='lat' dir='ltr'>propriam</span> <span class='ocrx_word' id='word_1_254' title='bbox 239 2003 379 2038; x_wconf 82' lang='lat' dir='ltr'><strong>habere.</strong></span> <span class='ocrx_word' id='word_1_255' title='bbox 425 2004 474 2038; x_wconf 84' lang='lat' dir='ltr'><strong>At</strong></span> <span class='ocrx_word' id='word_1_256' title='bbox 494 2005 595 2038; x_wconf 81' lang='lat' dir='ltr'><strong>Anna</strong></span> <span class='ocrx_word' id='word_1_257' title='bbox 613 2003 816 2049; x_wconf 81' lang='lat' dir='ltr'><strong>imperatrix</strong></span> <span class='ocrx_word' id='word_1_258' title='bbox 835 2004 979 2039; x_wconf 81' lang='lat' dir='ltr'><strong>moleste</strong></span> <span class='ocrx_word' id='word_1_259' title='bbox 1000 2004 1178 2039; x_wconf 82' lang='lat' dir='ltr'><strong>admodum</strong></span> <span class='ocrx_word' id='word_1_260' title='bbox 1199 2004 1285 2038; x_wconf 86' lang='lat' dir='ltr'><strong>haec</strong></span> <span class='ocrx_word' id='word_1_261' title='bbox 1299 2004 1418 2038; x_wconf 87' lang='lat' dir='ltr'><strong>ferens</strong></span> <span class='ocrx_word' id='word_1_262' title='bbox 1439 2014 1529 2045; x_wconf 85' lang='lat' dir='ltr'><strong>eum,</strong></span> 
     </span>
     <span class='ocr_line' id='line_1_29' title="bbox 46 2049 1528 2095; baseline 0 -12"><span class='ocrx_word' id='word_1_263' title='bbox 46 2049 108 2095; x_wconf 88' lang='lat' dir='ltr'><strong>qui</strong></span> <span class='ocrx_word' id='word_1_264' title='bbox 131 2060 253 2083; x_wconf 87' lang='lat' dir='ltr'><strong>suasor</strong></span> <span class='ocrx_word' id='word_1_265' title='bbox 270 2054 376 2092; x_wconf 86' lang='lat' dir='ltr'><strong>esset,</strong></span> <span class='ocrx_word' id='word_1_266' title='bbox 393 2049 629 2084; x_wconf 71' lang='lat' dir='ltr'><strong>insidiatorem</strong></span> <span class='ocrx_word' id='word_1_267' title='bbox 651 2050 820 2092; x_wconf 82' lang='lat' dir='ltr'>vocitare,</span> <span class='ocrx_word' id='word_1_268' title='bbox 844 2056 881 2085; x_wconf 91' lang='lat' dir='ltr'><strong>et</strong></span> <span class='ocrx_word' id='word_1_269' title='bbox 896 2051 982 2085; x_wconf 83' lang='lat' dir='ltr'><strong>totis</strong></span> <span class='ocrx_word' id='word_1_270' title='bbox 998 2051 1131 2085; x_wconf 84' lang='lat' dir='ltr'><strong>viribus</strong></span> <span class='ocrx_word' id='word_1_271' title='bbox 1151 2051 1319 2085; x_wconf 88' lang='lat' dir='ltr'><strong>hominem</strong></span> <span class='ocrx_word' id='word_1_272' title='bbox 1340 2053 1528 2095; x_wconf 87' lang='lat' dir='ltr'><strong>conspectu</strong></span> 
     </span>
     <span class='ocr_line' id='line_1_30' title="bbox 46 2095 1530 2143; baseline 0 -13"><span class='ocrx_word' id='word_1_273' title='bbox 46 2107 110 2130; x_wconf 87' lang='lat' dir='ltr'><strong>suo</strong></span> <span class='ocrx_word' id='word_1_274' title='bbox 130 2095 254 2142; x_wconf 82' lang='lat' dir='ltr'><strong>procul</strong></span> <span class='ocrx_word' id='word_1_275' title='bbox 274 2107 443 2131; x_wconf 85' lang='lat' dir='ltr'><strong>amovere.</strong></span> <span class='ocrx_word' id='word_1_276' title='bbox 490 2095 540 2130; x_wconf 84' lang='lat' dir='ltr'><strong>Et</strong></span> <span class='ocrx_word' id='word_1_277' title='bbox 558 2097 645 2131; x_wconf 85' lang='lat' dir='ltr'><strong>haec</strong></span> <span class='ocrx_word' id='word_1_278' title='bbox 666 2097 734 2131; x_wconf 84' lang='lat' dir='ltr'><strong>fuit</strong></span> <span class='ocrx_word' id='word_1_279' title='bbox 753 2097 851 2142; x_wconf 86' lang='lat' dir='ltr'><strong>origo</strong></span> <span class='ocrx_word' id='word_1_280' title='bbox 870 2109 912 2132; x_wconf 86' lang='lat' dir='ltr'><strong>ac</strong></span> <span class='ocrx_word' id='word_1_281' title='bbox 930 2097 1073 2143; x_wconf 88' lang='lat' dir='ltr'><strong>primum</strong></span> <span class='ocrx_word' id='word_1_282' title='bbox 1091 2097 1346 2132; x_wconf 81' lang='lat' dir='ltr'><strong>fundamentum</strong></span> <span class='ocrx_word' id='word_1_283' title='bbox 1363 2095 1530 2130; x_wconf 79' lang='lat' dir='ltr'><strong>offensio-</strong></span> 
     </span>
     <span class='ocr_line' id='line_1_31' title="bbox 47 2142 1529 2189; baseline -0.001 -12"><span class='ocrx_word' id='word_1_284' title='bbox 47 2142 123 2183; x_wconf 87' lang='lat' dir='ltr'><strong>nis,</strong></span> <span class='ocrx_word' id='word_1_285' title='bbox 146 2153 235 2187; x_wconf 84' lang='lat' dir='ltr'><strong>quae</strong></span> <span class='ocrx_word' id='word_1_286' title='bbox 251 2143 383 2177; x_wconf 80' lang='lat' dir='ltr'>Annam</span> <span class='ocrx_word' id='word_1_287' title='bbox 398 2143 489 2177; x_wconf 86' lang='lat' dir='ltr'><strong>inter</strong></span> <span class='ocrx_word' id='word_1_288' title='bbox 508 2147 545 2177; x_wconf 89' lang='lat' dir='ltr'><strong>et</strong></span> <span class='ocrx_word' id='word_1_289' title='bbox 565 2143 797 2188; x_wconf 81' lang='lat' dir='ltr'><strong>patriarcham</strong></span> <span class='ocrx_word' id='word_1_290' title='bbox 815 2145 1025 2179; x_wconf 81' lang='lat' dir='ltr'><strong>intercessit.</strong></span> <span class='ocrx_word' id='word_1_291' title='bbox 1072 2143 1174 2189; x_wconf 83' lang='lat' dir='ltr'><strong>(IV.)</strong></span> <span class='ocrx_word' id='word_1_292' title='bbox 1197 2143 1254 2178; x_wconf 82' lang='lat' dir='ltr'><strong>Ex</strong></span> <span class='ocrx_word' id='word_1_293' title='bbox 1274 2154 1342 2188; x_wconf 89' lang='lat' dir='ltr'><strong>quo</strong></span> <span class='ocrx_word' id='word_1_294' title='bbox 1358 2142 1449 2177; x_wconf 88' lang='lat' dir='ltr'><strong>enim</strong></span> <span class='ocrx_word' id='word_1_295' title='bbox 1467 2153 1529 2177; x_wconf 89' lang='lat' dir='ltr'><strong>ze-</strong></span> 
     </span>
     <span class='ocr_line' id='line_1_32' title="bbox 47 2187 1529 2235; baseline 0 -12"><span class='ocrx_word' id='word_1_296' title='bbox 47 2187 183 2234; x_wconf 83' lang='lat' dir='ltr'><strong>lotypia</strong></span> <span class='ocrx_word' id='word_1_297' title='bbox 210 2190 414 2231; x_wconf 83' lang='lat' dir='ltr'><strong>tenebatur,</strong></span> <span class='ocrx_word' id='word_1_298' title='bbox 449 2200 550 2235; x_wconf 90' lang='lat' dir='ltr'><strong>quam</strong></span> <span class='ocrx_word' id='word_1_299' title='bbox 577 2189 637 2223; x_wconf 88' lang='lat' dir='ltr'><strong>illa</strong></span> <span class='ocrx_word' id='word_1_300' title='bbox 665 2189 880 2225; x_wconf 79' lang='lat' dir='ltr'><strong>affectionem</strong></span> <span class='ocrx_word' id='word_1_301' title='bbox 906 2190 1027 2226; x_wconf 82' lang='lat' dir='ltr'><strong>malam</strong></span> <span class='ocrx_word' id='word_1_302' title='bbox 1054 2191 1091 2225; x_wconf 88' lang='lat' dir='ltr'><strong>in</strong></span> <span class='ocrx_word' id='word_1_303' title='bbox 1116 2191 1392 2225; x_wconf 74' lang='lat' dir='ltr'><strong>cantacuzenum</strong></span> <span class='ocrx_word' id='word_1_304' title='bbox 1418 2189 1529 2234; x_wconf 82' lang='lat' dir='ltr'><strong>impe-</strong></span> 
     </span>
     <span class='ocr_line' id='line_1_33' title="bbox 46 2234 1530 2282; baseline -0.001 -12"><span class='ocrx_word' id='word_1_305' title='bbox 46 2236 198 2270; x_wconf 71' lang='lat' dir='ltr'><strong>tutorem</strong></span> <span class='ocrx_word' id='word_1_306' title='bbox 219 2240 256 2269; x_wconf 88' lang='lat' dir='ltr'><strong>et</strong></span> <span class='ocrx_word' id='word_1_307' title='bbox 274 2235 526 2281; x_wconf 81' lang='lat' dir='ltr'><strong>imperatricem</strong></span> <span class='ocrx_word' id='word_1_308' title='bbox 545 2235 670 2270; x_wconf 86' lang='lat' dir='ltr'><strong>Irenen</strong></span> <span class='ocrx_word' id='word_1_309' title='bbox 697 2236 869 2282; x_wconf 88' lang='lat' dir='ltr'><strong>impendio</strong></span> <span class='ocrx_word' id='word_1_310' title='bbox 898 2237 1034 2279; x_wconf 87' lang='lat' dir='ltr'><strong>alebat,</strong></span> <span class='ocrx_word' id='word_1_311' title='bbox 1057 2249 1101 2271; x_wconf 87' lang='lat' dir='ltr'><strong>ne</strong></span> <span class='ocrx_word' id='word_1_312' title='bbox 1126 2236 1246 2282; x_wconf 87' lang='lat' dir='ltr'><strong>primis</strong></span> <span class='ocrx_word' id='word_1_313' title='bbox 1274 2235 1410 2282; x_wconf 87' lang='lat' dir='ltr'><strong>quidem</strong></span> <span class='ocrx_word' id='word_1_314' title='bbox 1435 2234 1530 2270; x_wconf 86' lang='lat' dir='ltr'><strong>auri-</strong></span> 
     </span>
     <span class='ocr_line' id='line_1_34' title="bbox 47 2280 1530 2328; baseline 0.001 -13"><span class='ocrx_word' id='word_1_315' title='bbox 47 2281 115 2316; x_wconf 86' lang='lat' dir='ltr'><strong>bus</strong></span> <span class='ocrx_word' id='word_1_316' title='bbox 139 2280 263 2315; x_wconf 88' lang='lat' dir='ltr'><strong>audire</strong></span> <span class='ocrx_word' id='word_1_317' title='bbox 284 2293 436 2328; x_wconf 89' lang='lat' dir='ltr'><strong>unquam</strong></span> <span class='ocrx_word' id='word_1_318' title='bbox 460 2282 671 2317; x_wconf 81' lang='lat' dir='ltr'><strong>sustinuerat</strong></span> <span class='ocrx_word' id='word_1_319' title='bbox 687 2284 832 2318; x_wconf 88' lang='lat' dir='ltr'><strong>verbum</strong></span> <span class='ocrx_word' id='word_1_320' title='bbox 846 2283 949 2318; x_wconf 90' lang='lat' dir='ltr'><strong>ullum</strong></span> <span class='ocrx_word' id='word_1_321' title='bbox 966 2283 1011 2318; x_wconf 94' lang='lat' dir='ltr'><strong>de</strong></span> <span class='ocrx_word' id='word_1_322' title='bbox 1028 2283 1280 2318; x_wconf 89' lang='lat' dir='ltr'><strong>reconcilianda</strong></span> <span class='ocrx_word' id='word_1_323' title='bbox 1298 2293 1376 2317; x_wconf 88' lang='lat' dir='ltr'><strong>cum</strong></span> <span class='ocrx_word' id='word_1_324' title='bbox 1390 2282 1432 2316; x_wconf 89' lang='lat' dir='ltr'><strong>iis</strong></span> <span class='ocrx_word' id='word_1_325' title='bbox 1445 2292 1530 2326; x_wconf 84' lang='lat' dir='ltr'><strong>gra-</strong></span> 
     </span>
     <span class='ocr_line' id='line_1_35' title="bbox 47 2326 1531 2374; baseline 0.001 -12"><span class='ocrx_word' id='word_1_326' title='bbox 47 2327 110 2362; x_wconf 80' lang='lat' dir='ltr'><strong>tia.</strong></span> <span class='ocrx_word' id='word_1_327' title='bbox 156 2326 228 2361; x_wconf 85' lang='lat' dir='ltr'><strong>Sed</strong></span> <span class='ocrx_word' id='word_1_328' title='bbox 242 2326 311 2372; x_wconf 84' lang='lat' dir='ltr'><strong>ipsi</strong></span> <span class='ocrx_word' id='word_1_329' title='bbox 326 2328 434 2363; x_wconf 89' lang='lat' dir='ltr'><strong>libido</strong></span> <span class='ocrx_word' id='word_1_330' title='bbox 454 2328 619 2374; x_wconf 87' lang='lat' dir='ltr'><strong>quaedam</strong></span> <span class='ocrx_word' id='word_1_331' title='bbox 639 2328 792 2374; x_wconf 74' lang='lat' dir='ltr'><strong>flagrans</strong></span> <span class='ocrx_word' id='word_1_332' title='bbox 812 2334 849 2364; x_wconf 85' lang='lat' dir='ltr'><strong>et</strong></span> <span class='ocrx_word' id='word_1_333' title='bbox 866 2329 986 2364; x_wconf 90' lang='lat' dir='ltr'><strong>mirum</strong></span> <span class='ocrx_word' id='word_1_334' title='bbox 1004 2335 1081 2365; x_wconf 82' lang='lat' dir='ltr'><strong>erat</strong></span> <span class='ocrx_word' id='word_1_335' title='bbox 1097 2330 1393 2373; x_wconf 83' lang='lat' dir='ltr'><strong>oblectamentum,</strong></span> <span class='ocrx_word' id='word_1_336' title='bbox 1417 2327 1531 2363; x_wconf 76' lang='lat' dir='ltr'><strong>omnia</strong></span> 
     </span>
     <span class='ocr_line' id='line_1_36' title="bbox 48 2373 1531 2421; baseline 0 -13"><span class='ocrx_word' id='word_1_337' title='bbox 48 2378 86 2409; x_wconf 86' lang='lat' dir='ltr'><strong>et</strong></span> <span class='ocrx_word' id='word_1_338' title='bbox 103 2373 285 2408; x_wconf 84' lang='lat' dir='ltr'><strong>maledicta</strong></span> <span class='ocrx_word' id='word_1_339' title='bbox 312 2379 349 2409; x_wconf 89' lang='lat' dir='ltr'><strong>et</strong></span> <span class='ocrx_word' id='word_1_340' title='bbox 366 2375 469 2409; x_wconf 85' lang='lat' dir='ltr'><strong>foeda</strong></span> <span class='ocrx_word' id='word_1_341' title='bbox 487 2375 525 2409; x_wconf 87' lang='lat' dir='ltr'><strong>in</strong></span> <span class='ocrx_word' id='word_1_342' title='bbox 548 2387 608 2409; x_wconf 89' lang='lat' dir='ltr'><strong>eos</strong></span> <span class='ocrx_word' id='word_1_343' title='bbox 636 2377 766 2421; x_wconf 88' lang='lat' dir='ltr'><strong>probra</strong></span> <span class='ocrx_word' id='word_1_344' title='bbox 784 2376 929 2411; x_wconf 87' lang='lat' dir='ltr'><strong>subinde</strong></span> <span class='ocrx_word' id='word_1_345' title='bbox 943 2377 1081 2417; x_wconf 81' lang='lat' dir='ltr'><strong>iacere,</strong></span> <span class='ocrx_word' id='word_1_346' title='bbox 1104 2381 1165 2411; x_wconf 88' lang='lat' dir='ltr'><strong>aut</strong></span> <span class='ocrx_word' id='word_1_347' title='bbox 1181 2376 1268 2411; x_wconf 90' lang='lat' dir='ltr'><strong>alios</strong></span> <span class='ocrx_word' id='word_1_348' title='bbox 1286 2375 1406 2409; x_wconf 86' lang='lat' dir='ltr'><strong>audire</strong></span> <span class='ocrx_word' id='word_1_349' title='bbox 1422 2374 1531 2409; x_wconf 75' lang='lat' dir='ltr'><strong>male-</strong></span> 
     </span>
     <span class='ocr_line' id='line_1_37' title="bbox 48 2419 1532 2467; baseline 0.001 -13"><span class='ocrx_word' id='word_1_350' title='bbox 48 2419 216 2455; x_wconf 86' lang='lat' dir='ltr'><strong>dicentes.</strong></span> <span class='ocrx_word' id='word_1_351' title='bbox 263 2421 306 2455; x_wconf 93' lang='lat' dir='ltr'><strong>Id</strong></span> <span class='ocrx_word' id='word_1_352' title='bbox 323 2421 513 2456; x_wconf 85' lang='lat' dir='ltr'><strong>evidentem</strong></span> <span class='ocrx_word' id='word_1_353' title='bbox 532 2427 569 2455; x_wconf 92' lang='lat' dir='ltr'><strong>et</strong></span> <span class='ocrx_word' id='word_1_354' title='bbox 588 2422 801 2456; x_wconf 81' lang='lat' dir='ltr'><strong>manifestam</strong></span> <span class='ocrx_word' id='word_1_355' title='bbox 818 2423 973 2457; x_wconf 87' lang='lat' dir='ltr'><strong>omnibus</strong></span> <span class='ocrx_word' id='word_1_356' title='bbox 989 2423 1089 2458; x_wconf 89' lang='lat' dir='ltr'><strong>brevi</strong></span> <span class='ocrx_word' id='word_1_357' title='bbox 1105 2423 1224 2457; x_wconf 82' lang='lat' dir='ltr'><strong>effecit</strong></span> <span class='ocrx_word' id='word_1_358' title='bbox 1237 2422 1344 2456; x_wconf 80' lang='lat' dir='ltr'><strong>totius</strong></span> <span class='ocrx_word' id='word_1_359' title='bbox 1361 2420 1441 2455; x_wconf 82' lang='lat' dir='ltr'><strong>mali</strong></span> <span class='ocrx_word' id='word_1_360' title='bbox 1458 2419 1532 2467; x_wconf 76' lang='lat' dir='ltr'><strong>pri-</strong></span> 
     </span>
     <span class='ocr_line' id='line_1_38' title="bbox 48 2467 1531 2514; baseline 0.001 -14"><span class='ocrx_word' id='word_1_361' title='bbox 48 2477 138 2501; x_wconf 88' lang='lat' dir='ltr'><strong>mam</strong></span> <span class='ocrx_word' id='word_1_362' title='bbox 153 2467 315 2509; x_wconf 78' lang='lat' dir='ltr'><strong>radicem,</strong></span> <span class='ocrx_word' id='word_1_363' title='bbox 340 2479 429 2513; x_wconf 85' lang='lat' dir='ltr'><strong>quae</strong></span> <span class='ocrx_word' id='word_1_364' title='bbox 449 2472 486 2503; x_wconf 89' lang='lat' dir='ltr'><strong>et</strong></span> <span class='ocrx_word' id='word_1_365' title='bbox 502 2467 596 2502; x_wconf 88' lang='lat' dir='ltr'><strong>civili</strong></span> <span class='ocrx_word' id='word_1_366' title='bbox 614 2468 703 2502; x_wconf 89' lang='lat' dir='ltr'><strong>bello</strong></span> <span class='ocrx_word' id='word_1_367' title='bbox 722 2469 889 2514; x_wconf 85' lang='lat' dir='ltr'><strong>originem</strong></span> <span class='ocrx_word' id='word_1_368' title='bbox 910 2470 1075 2512; x_wconf 85' lang='lat' dir='ltr'><strong>dedisset,</strong></span> <span class='ocrx_word' id='word_1_369' title='bbox 1097 2474 1134 2504; x_wconf 90' lang='lat' dir='ltr'><strong>et</strong></span> <span class='ocrx_word' id='word_1_370' title='bbox 1151 2469 1196 2503; x_wconf 88' lang='lat' dir='ltr'><strong>ad</strong></span> <span class='ocrx_word' id='word_1_371' title='bbox 1216 2474 1404 2503; x_wconf 83' lang='lat' dir='ltr'><strong>extremum</strong></span> <span class='ocrx_word' id='word_1_372' title='bbox 1421 2478 1531 2512; x_wconf 88' lang='lat' dir='ltr'><strong>usqne</strong></span> 
     </span>
     <span class='ocr_line' id='line_1_39' title="bbox 48 2513 1530 2561; baseline 0.001 -15"><span class='ocrx_word' id='word_1_373' title='bbox 48 2513 262 2559; x_wconf 83' lang='lat' dir='ltr'><strong>perstitisset</strong></span> <span class='ocrx_word' id='word_1_374' title='bbox 279 2525 352 2548; x_wconf 91' lang='lat' dir='ltr'><strong>rem</strong></span> <span class='ocrx_word' id='word_1_375' title='bbox 370 2514 556 2549; x_wconf 82' lang='lat' dir='ltr'><strong>Romanam</strong></span> <span class='ocrx_word' id='word_1_376' title='bbox 573 2518 726 2550; x_wconf 83' lang='lat' dir='ltr'><strong>atterere</strong></span> <span class='ocrx_word' id='word_1_377' title='bbox 743 2520 847 2561; x_wconf 87' lang='lat' dir='ltr'><strong>atque</strong></span> <span class='ocrx_word' id='word_1_378' title='bbox 864 2516 1087 2551; x_wconf 77' lang='lat' dir='ltr'><strong>labefactare.</strong></span> <span class='ocrx_word' id='word_1_379' title='bbox 1118 2515 1290 2550; x_wconf 87' lang='lat' dir='ltr'><strong>Nimirum</strong></span> <span class='ocrx_word' id='word_1_380' title='bbox 1307 2526 1350 2549; x_wconf 89' lang='lat' dir='ltr'><strong>ea</strong></span> <span class='ocrx_word' id='word_1_381' title='bbox 1369 2518 1447 2549; x_wconf 83' lang='lat' dir='ltr'><strong>erat</strong></span> <span class='ocrx_word' id='word_1_382' title='bbox 1457 2516 1530 2548; x_wconf 72' lang='lat' dir='ltr'><strong>An-</strong></span> 
     </span>
     <span class='ocr_line' id='line_1_40' title="bbox 49 2559 1532 2608; baseline 0.001 -15"><span class='ocrx_word' id='word_1_383' title='bbox 49 2570 116 2593; x_wconf 84' lang='lat' dir='ltr'><strong>nae</strong></span> <span class='ocrx_word' id='word_1_384' title='bbox 133 2559 361 2605; x_wconf 80' lang='lat' dir='ltr'><strong>imperatricis</strong></span> <span class='ocrx_word' id='word_1_385' title='bbox 380 2561 553 2607; x_wconf 83' lang='lat' dir='ltr'><strong>zelotypia</strong></span> <span class='ocrx_word' id='word_1_386' title='bbox 570 2565 607 2594; x_wconf 83' lang='lat' dir='ltr'><strong>et</strong></span> <span class='ocrx_word' id='word_1_387' title='bbox 624 2561 833 2606; x_wconf 83' lang='lat' dir='ltr'><strong>malignitas,</strong></span> <span class='ocrx_word' id='word_1_388' title='bbox 853 2562 905 2596; x_wconf 89' lang='lat' dir='ltr'><strong>uti</strong></span> <span class='ocrx_word' id='word_1_389' title='bbox 920 2573 983 2596; x_wconf 88' lang='lat' dir='ltr'><strong>nos</strong></span> <span class='ocrx_word' id='word_1_390' title='bbox 1001 2574 1107 2608; x_wconf 89' lang='lat' dir='ltr'><strong>supra</strong></span> <span class='ocrx_word' id='word_1_391' title='bbox 1122 2574 1227 2608; x_wconf 86' lang='lat' dir='ltr'><strong>saepe</strong></span> <span class='ocrx_word' id='word_1_392' title='bbox 1241 2561 1406 2602; x_wconf 79' lang='lat' dir='ltr'><strong>diximus,</strong></span> <span class='ocrx_word' id='word_1_393' title='bbox 1431 2571 1532 2606; x_wconf 89' lang='lat' dir='ltr'><strong>quam</strong></span> 
     </span>
     <span class='ocr_line' id='line_1_41' title="bbox 50 2604 1533 2654; baseline 0.001 -14"><span class='ocrx_word' id='word_1_394' title='bbox 50 2604 112 2640; x_wconf 86' lang='lat' dir='ltr'><strong>illa</strong></span> <span class='ocrx_word' id='word_1_395' title='bbox 130 2605 303 2640; x_wconf 83' lang='lat' dir='ltr'><strong>Romanae</strong></span> <span class='ocrx_word' id='word_1_396' title='bbox 324 2607 485 2642; x_wconf 79' lang='lat' dir='ltr'><strong>felicitati</strong></span> <span class='ocrx_word' id='word_1_397' title='bbox 503 2608 614 2654; x_wconf 88' lang='lat' dir='ltr'><strong>palam</strong></span> <span class='ocrx_word' id='word_1_398' title='bbox 632 2607 818 2652; x_wconf 87' lang='lat' dir='ltr'><strong>praetulit,</strong></span> <span class='ocrx_word' id='word_1_399' title='bbox 842 2613 880 2643; x_wconf 85' lang='lat' dir='ltr'><strong>et</strong></span> <span class='ocrx_word' id='word_1_400' title='bbox 894 2609 993 2644; x_wconf 86' lang='lat' dir='ltr'><strong>cuius</strong></span> <span class='ocrx_word' id='word_1_401' title='bbox 1010 2609 1200 2654; x_wconf 84' lang='lat' dir='ltr'><strong>explendae</strong></span> <span class='ocrx_word' id='word_1_402' title='bbox 1219 2619 1324 2642; x_wconf 83' lang='lat' dir='ltr'><strong>causa</strong></span> <span class='ocrx_word' id='word_1_403' title='bbox 1338 2611 1448 2653; x_wconf 81' lang='lat' dir='ltr'><strong>totum</strong></span> <span class='ocrx_word' id='word_1_404' title='bbox 1466 2606 1533 2640; x_wconf 82' lang='lat' dir='ltr'><strong>im·-</strong></span> 
     </span>
     <span class='ocr_line' id='line_1_42' title="bbox 51 2651 1533 2702; baseline 0.001 -16"><span class='ocrx_word' id='word_1_405' title='bbox 51 2651 184 2697; x_wconf 83' lang='lat' dir='ltr'><strong>perium</strong></span> <span class='ocrx_word' id='word_1_406' title='bbox 201 2652 365 2697; x_wconf 85' lang='lat' dir='ltr'><strong>prodidit.</strong></span> <span class='ocrx_word' id='word_1_407' title='bbox 413 2654 497 2699; x_wconf 86' lang='lat' dir='ltr'>(V.)</span> <span class='ocrx_word' id='word_1_408' title='bbox 521 2653 639 2688; x_wconf 79' lang='lat' dir='ltr'><strong>Minus</strong></span> <span class='ocrx_word' id='word_1_409' title='bbox 654 2659 788 2696; x_wconf 87' lang='lat' dir='ltr'><strong>tamen,</strong></span> <span class='ocrx_word' id='word_1_410' title='bbox 812 2654 945 2700; x_wconf 86' lang='lat' dir='ltr'><strong>opinor,</strong></span> <span class='ocrx_word' id='word_1_411' title='bbox 967 2656 1094 2702; x_wconf 84' lang='lat' dir='ltr'><strong>aliquis</strong></span> <span class='ocrx_word' id='word_1_412' title='bbox 1114 2654 1147 2689; x_wconf 88' lang='lat' dir='ltr'><strong>ei</strong></span> <span class='ocrx_word' id='word_1_413' title='bbox 1164 2658 1386 2695; x_wconf 86' lang='lat' dir='ltr'><strong>succenseat,</strong></span> <span class='ocrx_word' id='word_1_414' title='bbox 1409 2656 1533 2699; x_wconf 79' lang='lat' dir='ltr'><strong>utpote</strong></span> 
     </span>
     <span class='ocr_line' id='line_1_43' title="bbox 49 2698 1534 2748; baseline 0.001 -16"><span class='ocrx_word' id='word_1_415' title='bbox 49 2709 143 2743; x_wconf 82' lang='lat' dir='ltr'><strong>quae</strong></span> <span class='ocrx_word' id='word_1_416' title='bbox 158 2698 299 2733; x_wconf 83' lang='lat' dir='ltr'><strong>meliora</strong></span> <span class='ocrx_word' id='word_1_417' title='bbox 317 2699 531 2745; x_wconf 82' lang='lat' dir='ltr'><strong>distinguere</strong></span> <span class='ocrx_word' id='word_1_418' title='bbox 548 2704 585 2735; x_wconf 85' lang='lat' dir='ltr'><strong>et</strong></span> <span class='ocrx_word' id='word_1_419' title='bbox 603 2711 783 2735; x_wconf 84' lang='lat' dir='ltr'><strong>secernere</strong></span> <span class='ocrx_word' id='word_1_420' title='bbox 798 2711 819 2735; x_wconf 84' lang='lat' dir='ltr'><strong>a</strong></span> <span class='ocrx_word' id='word_1_421' title='bbox 839 2701 1015 2746; x_wconf 72' lang='lat' dir='ltr'><strong>peioribus</strong></span> <span class='ocrx_word' id='word_1_422' title='bbox 1032 2714 1098 2736; x_wconf 84' lang='lat' dir='ltr'><strong>non</strong></span> <span class='ocrx_word' id='word_1_423' title='bbox 1115 2701 1288 2748; x_wconf 81' lang='lat' dir='ltr'><strong>potuerit3</strong></span> <span class='ocrx_word' id='word_1_424' title='bbox 1311 2711 1386 2735; x_wconf 91' lang='lat' dir='ltr'><strong>cum</strong></span> <span class='ocrx_word' id='word_1_425' title='bbox 1403 2704 1440 2734; x_wconf 89' lang='lat' dir='ltr'><strong>et</strong></span> <span class='ocrx_word' id='word_1_426' title='bbox 1458 2699 1534 2733; x_wconf 78' lang='lat' dir='ltr'><strong>mu-</strong></span> 
     </span>
     <span class='ocr_line' id='line_1_44' title="bbox 50 2744 1534 2794; baseline 0.001 -16"><span class='ocrx_word' id='word_1_427' title='bbox 50 2744 116 2778; x_wconf 90' lang='lat' dir='ltr'><strong>lier</strong></span> <span class='ocrx_word' id='word_1_428' title='bbox 135 2749 249 2787; x_wconf 80' lang='lat' dir='ltr'><strong>esset,</strong></span> <span class='ocrx_word' id='word_1_429' title='bbox 272 2750 308 2780; x_wconf 88' lang='lat' dir='ltr'><strong>et</strong></span> <span class='ocrx_word' id='word_1_430' title='bbox 326 2746 532 2781; x_wconf 82' lang='lat' dir='ltr'><strong>educatione</strong></span> <span class='ocrx_word' id='word_1_431' title='bbox 551 2758 593 2781; x_wconf 85' lang='lat' dir='ltr'><strong>ac</strong></span> <span class='ocrx_word' id='word_1_432' title='bbox 613 2746 757 2781; x_wconf 83' lang='lat' dir='ltr'><strong>vivendi</strong></span> <span class='ocrx_word' id='word_1_433' title='bbox 781 2759 909 2792; x_wconf 83' lang='lat' dir='ltr'><strong>genere</strong></span> <span class='ocrx_word' id='word_1_434' title='bbox 934 2748 1116 2794; x_wconf 84' lang='lat' dir='ltr'><strong>peregrino</strong></span> <span class='ocrx_word' id='word_1_435' title='bbox 1139 2759 1202 2793; x_wconf 87' lang='lat' dir='ltr'><strong>per</strong></span> <span class='ocrx_word' id='word_1_436' title='bbox 1227 2758 1358 2782; x_wconf 86' lang='lat' dir='ltr'><strong>omnem</strong></span> <span class='ocrx_word' id='word_1_437' title='bbox 1383 2749 1534 2780; x_wconf 85' lang='lat' dir='ltr'><strong>aetatem</strong></span> 
     </span>
     <span class='ocr_line' id='line_1_45' title="bbox 49 2789 1534 2840; baseline 0.001 -16"><span class='ocrx_word' id='word_1_438' title='bbox 49 2789 210 2825; x_wconf 84' lang='lat' dir='ltr'><strong>instituta</strong></span> <span class='ocrx_word' id='word_1_439' title='bbox 230 2796 334 2834; x_wconf 84' lang='lat' dir='ltr'><strong>esset,</strong></span> <span class='ocrx_word' id='word_1_440' title='bbox 357 2792 523 2839; x_wconf 86' lang='lat' dir='ltr'><strong>simulque</strong></span> <span class='ocrx_word' id='word_1_441' title='bbox 539 2793 634 2827; x_wconf 86' lang='lat' dir='ltr'><strong>haud</strong></span> <span class='ocrx_word' id='word_1_442' title='bbox 651 2797 771 2838; x_wconf 86' lang='lat' dir='ltr'><strong>posset</strong></span> <span class='ocrx_word' id='word_1_443' title='bbox 789 2793 923 2828; x_wconf 84' lang='lat' dir='ltr'><strong>omnino</strong></span> <span class='ocrx_word' id='word_1_444' title='bbox 941 2807 963 2829; x_wconf 87' lang='lat' dir='ltr'><strong>a</strong></span> <span class='ocrx_word' id='word_1_445' title='bbox 981 2794 1178 2840; x_wconf 78' lang='lat' dir='ltr'><strong>zelotypiae</strong></span> <span class='ocrx_word' id='word_1_446' title='bbox 1194 2793 1272 2828; x_wconf 80' lang='lat' dir='ltr'><strong>labe</strong></span> <span class='ocrx_word' id='word_1_447' title='bbox 1290 2793 1334 2827; x_wconf 86' lang='lat' dir='ltr'><strong>ad</strong></span> <span class='ocrx_word' id='word_1_448' title='bbox 1350 2792 1534 2826; x_wconf 88' lang='lat' dir='ltr'><strong>sanitatem</strong></span> 
     </span>
     <span class='ocr_line' id='line_1_46' title="bbox 50 2837 1534 2885; baseline 0.001 -14"><span class='ocrx_word' id='word_1_449' title='bbox 50 2847 248 2882; x_wconf 83' lang='lat' dir='ltr'><strong>emergere3</strong></span> <span class='ocrx_word' id='word_1_450' title='bbox 273 2849 374 2884; x_wconf 83' lang='lat' dir='ltr'><strong>quam</strong></span> <span class='ocrx_word' id='word_1_451' title='bbox 389 2844 426 2873; x_wconf 90' lang='lat' dir='ltr'><strong>et</strong></span> <span class='ocrx_word' id='word_1_452' title='bbox 441 2839 509 2885; x_wconf 85' lang='lat' dir='ltr'><strong>ipsi</strong></span> <span class='ocrx_word' id='word_1_453' title='bbox 526 2839 762 2885; x_wconf 82' lang='lat' dir='ltr'><strong>patriarchae,</strong></span> <span class='ocrx_word' id='word_1_454' title='bbox 783 2845 821 2874; x_wconf 83' lang='lat' dir='ltr'><strong>et</strong></span> <span class='ocrx_word' id='word_1_455' title='bbox 836 2841 954 2875; x_wconf 80' lang='lat' dir='ltr'><strong>curiae</strong></span> <span class='ocrx_word' id='word_1_456' title='bbox 970 2841 1073 2883; x_wconf 89' lang='lat' dir='ltr'><strong>omni,</strong></span> <span class='ocrx_word' id='word_1_457' title='bbox 1096 2844 1134 2875; x_wconf 89' lang='lat' dir='ltr'><strong>et</strong></span> <span class='ocrx_word' id='word_1_458' title='bbox 1148 2845 1202 2875; x_wconf 81' lang='lat' dir='ltr'><strong>tot</strong></span> <span class='ocrx_word' id='word_1_459' title='bbox 1220 2838 1452 2880; x_wconf 86' lang='lat' dir='ltr'><strong>senatoribus,</strong></span> <span class='ocrx_word' id='word_1_460' title='bbox 1472 2837 1534 2884; x_wconf 84' lang='lat' dir='ltr'><strong>qui</strong></span> 
     </span>
    </p>
   </div>
   <div class='ocr_carea' id='block_1_6' title="bbox 143 2887 1254 2944">
    <p class='ocr_par' dir='ltr' id='par_1_7' title="bbox 143 2887 1254 2944">
     <span class='ocr_line' id='line_1_47' title="bbox 143 2887 1254 2944; baseline 0 -13"><span class='ocrx_word' id='word_1_461' title='bbox 143 2895 360 2941; x_wconf 71' lang='lat' dir='ltr'><strong>Nicephonoe</strong></span> <span class='ocrx_word' id='word_1_462' title='bbox 376 2897 525 2944; x_wconf 82' lang='lat' dir='ltr'><strong>Gregor.</strong></span> <span class='ocrx_word' id='word_1_463' title='bbox 555 2897 627 2932; x_wconf 89' lang='lat' dir='ltr'><strong>Vol.</strong></span> <span class='ocrx_word' id='word_1_464' title='bbox 645 2897 694 2931; x_wconf 88' lang='grc' dir='ltr'><strong>ΙΙ.</strong></span> <span class='ocrx_word' id='word_1_465' title='bbox 1198 2887 1254 2931; x_wconf 86' lang='grc'><strong>49</strong></span> 
     </span>
    </p>
   </div>
  </div>
 </body>
</html>
