1794 3172
337 642 954 703 NIKHQJOPOY
1006 642 1197 703 ΤΟΥ
1246 645 1734 706 ΓΡΗΓΟΡΑ

485 783 1033 834 ΡΩΜΛΙΚΗΣ
1071 785 1591 836 -ΙΣΤΟΡΙΑΣ

818 903 861 941 Λ
893 902 1124 942 οΓοΣ
1180 902 1265 940 ΚΓ.

294 1043 994 1108 NIGEPHORI
1099 1031 1774 1107 GRE'GORAE

508 1182 1044 1235 BYZANTINAE
1115 1183 1563 1233 HISTORIAE

570 1314 758 1356 LIBER
814 1312 1162 1355 VIGESIMUS
1219 1312 1504 1354 TERTIUS.

777 1530 808 1566 A
825 1530 857 1565 R
875 1530 911 1564 G
927 1531 964 1566 U
981 1531 1022 1567 M
1037 1531 1070 1566 E
1087 1531 1125 1567 N
1140 1531 1175 1567 T
1195 1530 1232 1565 U
1246 1529 1298 1566 M.

613 1598 741 1648 Pergit
767 1600 948 1647 Gregoras
975 1606 1154 1651 disputare
1178 1615 1254 1638 cum
1279 1603 1453 1641 Cabasila.

71 1838 165 1874 A.M.
182 1835 274 1874 6859
297 1821 351 1870 α’.
381 1794 545 1870 'AM’
578 1823 694 1883 ἡμεῖς
721 1844 764 1886 γε
788 1828 863 1873 οὐκ
883 1828 1009 1873 αῧτόν
1037 1827 1334 1886 μιμησόμεθα,
1352 1829 1470 1888 ,ow-s*
1496 1829 1572 1880 τὰς
1599 1833 1674 1886 τῆς
1700 1846 1777 1873 κα-

71 1933 110 1966 A.
125 1882 280 1968 Ῑέᾱὶὲὅι
297 1896 387 1945 κίας
411 1892 645 1952 ζηλώσομεν
662 1898 874 1954 μηχανὰς,
914 1898 1063 1944 οὔκουν
1084 1900 1160 1955 οὐχ
1181 1900 1257 1950 ἕως
1277 1900 1317 1957 y'
1345 1898 1397 1943 ἂν
1417 1900 1459 1942 ἕν
1489 1903 1548 1959 τῷ
1574 1903 1650 1942 τοῦ
1671 1917 1778 1956 φρο-

72 1957 386 2021 1mp.⁸10.Can-vaefv
412 1963 524 2021 ἡμᾶς
550 1970 784 2011 καθεστῶτι
812 1966 1105 2027 φυλάττουσαν
1135 1968 1287 2025 ἔχωμεν
1313 1969 1388 2025 τὴν
1415 1973 1491 2012 τοῦ
1515 1966 1646 2024 μόνου
1672 1972 1779 2012 θεοῦ

118 2029 227 2059 ‘³⁰⁰²'
244 2024 291 2106 51⁸)
301 2031 448 2086 δεξιάν.
494 2038 577 2079 τῶν
597 2035 676 2094 γὰρ
696 2038 890 2081 ἐναντίων
912 2038 1050 2095 ἀρχῶν
1072 2039 1260 2090 ἐναντίας
1287 2040 1354 2082 καὶ
1378 2037 1455 2090 τὰς
1476 2036 1702 2092 ἀποβάσεις
1722 2035 1780 2080 εἶ-

143 2117 190 2153 v,
211 2115 366 2155 547th
387 2107 470 2147 τῶν
493 2102 657 2149 εἰκότων
678 2107 806 2150 παντί
820 2125 900 2150 που
917 2110 1056 2164 δῆλον.
1095 2106 1232 2164 πάσης
1254 2108 1331 2165 γὰρ
1353 2106 1410 2151 ὢν
1435 2108 1559 2159 αὐτὸς
1578 2105 1794 2157 ἆσύνετοςέ

296 2170 481 2228 Μούσης
509 2172 747 2232 Ἑλληνικῆς
778 2177 846 2219 καὶ
877 2174 1015 2233 πάσης
1047 2178 1361 2234 ἔπιστημονικῆς
1386 2175 1614 2233 μαθήσεως
1649 2170 1717 2235 (ἧς
1737 2176 1778 2219 οἱ

259 2243 373 2298 Εμέν
394 2239 588 2300 θύραθεν
610 2244 805 2303 ἔφθησαν
826 2245 1083 2305 παραδόντες
1105 2249 1242 2304 σοφοὶ,
1277 2251 1360 2290 τῶν
1379 2264 1423 2290 τε
1443 2247 1570 2290 θείων
1591 2243 1779 2303 προστά-

295 2328 366 2355 ται
388 2309 606 2369 δογμάτων
626 2318 702 2370 τῆς
722 2315 935 2372 ἐκκλησίας
958 2316 1114 2360 ἐκεῖθεν
1141 2313 1441 2373 παρειληφότες
1468 2313 1544 2372 τήν
1573 2332 1617 2358 τε
1643 2318 1778 2371 γλῶτ-

295 2398 374 2425 ταν
407 2379 591 2425 ὥπλισαν
620 2382 821 2442 ἀσφαλῶς
849 2387 918 2428 καὶ
958 2383 1047 2442 ἅμα
1075 2385 1168 2430 κατ’
1193 2385 1362 2443 ἐκλογὴν
1380 2384 1429 2428 τὸ
1464 2385 1540 2441 μὲν
1570 2384 1777 2436 ἐξεταστι-

300 2493 333 2528 1.
355 2468 507 2527 Verum
530 2502 594 2526 nos
618 2491 729 2538 ipsum
747 2505 814 2528 non
833 2493 1061 2537 imitabimur,
1086 2506 1150 2530 nec
1167 2494 1398 2541 improbitatis
1422 2493 1597 2530 machinas
1623 2495 1659 2528 et
1681 2492 1780 2527 frau-

298 2538 361 2573 des
384 2538 646 2581 aemulabimur,
671 2540 831 2585 quamdiu
860 2542 979 2576 saltem
999 2541 1104 2577 solius
1129 2541 1196 2576 Dei
1221 2542 1343 2576 dextra
1372 2542 1470 2577 nobis
1490 2545 1636 2575 mentem
1662 2550 1778 2574 sanam

298 2584 529 2620 conservabit.
583 2585 675 2620 Nam
698 2590 738 2621 ut
767 2588 1017 2624 contrariorum
1043 2587 1286 2634 principiorum
1312 2587 1477 2623 contrarii
1511 2587 1582 2621 sint
1616 2585 1777 2627 effectus,

299 2635 562 2666 consentaneum
590 2642 666 2666 esse
694 2633 849 2668 omnibus
874 2638 983 2681 patet.
1036 2634 1087 2669 Et
1111 2646 1195 2669 vero
1222 2635 1380 2669 Palamas
1408 2631 1646 2669 Graecanicae
1669 2631 1777 2665 omnis

299 2676 516 2713 litteraturae
535 2678 713 2723 imperitus
736 2684 802 2722 est,
827 2684 863 2715 et
884 2681 986 2727 longe
1006 2682 1154 2715 remotus
1175 2681 1220 2715 ab
1244 2681 1345 2723 omni,
1364 2692 1454 2727 quae
1474 2678 1651 2714 scientiam
1670 2677 1776 2723 parit,

300 2723 493 2770 disciplina.
549 2725 637 2760 Eam
662 2725 797 2771 profani
820 2726 955 2772 quidem
980 2729 1156 2773 sapientes
1181 2726 1277 2772 prius
1295 2727 1535 2762 tradiderunt:
1559 2724 1620 2759 sed
1641 2723 1780 2758 divino-

299 2781 375 2805 rum
394 2770 561 2806 ecclesiae
578 2771 771 2816 dogmatum
793 2774 931 2818 patroni
955 2779 1130 2820 acceptam
1149 2773 1229 2807 inde
1247 2785 1327 2808 suos
1350 2773 1387 2808 in
1413 2783 1495 2807 usus
1514 2774 1780 2806 converterunt:

301 2827 344 2850 ea
369 2816 502 2852 scilicet
526 2829 620 2853 suam
643 2822 720 2852 tuto
750 2818 901 2864 linguam
929 2825 1122 2862 armarunt;
1153 2823 1189 2854 et
1217 2819 1353 2854 delectu
1375 2818 1515 2860 habito,
1539 2816 1706 2862 quidquid
1733 2815 1779 2849 ad

299 2863 621 2911 contemplationem
645 2867 682 2901 et
705 2863 962 2912 indagationem
980 2866 1143 2903 veritatis
1167 2866 1326 2902 conferre
1345 2869 1506 2914 poterat,
1528 2864 1778 2910 susceperunt:
