1794 3172
361 110 681 158 HISTOnIAE
709 109 1083 156 BYZANTINAE
1112 110 1232 156 XIII.
1255 119 1297 160 2.
1458 108 1558 156 639

67 219 281 274 κινδύνους
298 219 495 281 μακρούς
530 240 575 267 τε
603 223 672 267 καὶ
700 218 964 279 ὖπερβάλλον
999 221 1048 266 τὸ
1076 220 1254 280 μέγεθος
1286 222 1555 279 κεκτημένους
1574 240 1663 274 Α,ο,
1690 238 1780 277 1342

66 290 342 350 ὖφίστασθαι.
415 292 506 353 (Ζ.)
541 295 628 336 Καὶ
647 293 724 349 μὲν
746 292 797 349 δὴ
815 293 1001 348 βεβαίοις
1028 293 1096 335 καὶ
1119 292 1324 351 ἀσφαλέσι
1346 301 1433 344 τοῖς
1451 288 1694 367 πρὸςῐωξζέὥ·
1708 288 1779 370 ga·

66 362 140 406 τὸν
155 360 332 420 Κράλην
360 363 490 406 αὐτοῦ
525 361 765 421 γράμμασιν
789 361 1104 421 ἐφοδιασθέντι,
1155 364 1224 406 καὶ
1247 363 1556 421 παραπομποῦς
1689 358 1697 367 ’

65 431 166 482 τοὺς
197 432 470 491 ἀποχρῶντας
500 430 796 491 παρειληφότι,
843 434 1232 493 πεντεκαιδεκαταίῳ
1260 433 1554 489 συμπέπτωκεν
1561 449 1595 484 Ε

36 502 111 552 5ἒς
138 501 187 545 τὸ
218 507 302 546 τῶν
327 503 518 547 Σκοπίων
547 503 816 561 ἀφικνεῖσθαι
847 503 1081 557 πολίχνιον·
1128 496 1178 546 οὗ
1198 506 1283 546 τῶν
1311 503 1554 561 κρασπέδων

65 570 238 615 ἅπτεται
263 572 510 630 παραρρέων
542 570 564 616 ὅ
599 562 787 628 ποταμὸς
811 571 970 625 Ἀξιὸς,
1019 571 1063 623 ἐξ
1092 572 1202 630 ὂρῶν
1234 577 1317 616 τῶν
1339 572 1476 617 αὐτῶν
1493 578 1553 634 τῷ

63 638 275 698 Στρυμόνι
294 639 544 700 ῥηγνύμενος
557 656 567 666 ·
604 641 650 692 ὃς
669 642 746 698 οὐχ
765 640 875 685 οὕτω
892 641 1087 698 μέγιστος
1106 641 1162 686 ὢν
1185 643 1229 686 ἐκ
1248 646 1389 700 πηγῶν
1406 643 1549 699 εὐθὺς,

63 710 163 754 ἀλλ’
190 704 264 755 οὖν
288 713 330 762 ἐς
348 711 396 755 τὸ
416 709 615 763 κάταντες
642 711 738 765 ῗών,
778 713 846 755 καὶ
863 712 1069 763 πλείστοις
1090 711 1230 763 ἄλλοις
1259 720 1465 770 ποταμοῖς
1481 715 1552 768 καὶ

57 778 299 840 χειμάῤῥοις
327 781 374 825 τὸ
409 780 540 840 ῥεῦμα
567 779 848 837 κοινούμενος,
894 783 963 824 καὶ
990 782 1032 832 ἒς
1058 779 1301 840 Βαρδάριον
1325 783 1549 838 μετατιθέτ

6 855 186 905 1Ομενος
226 850 412 906 τοῦνομα
432 884 448 906 ,
510 852 638 895 ἐνίοτε
673 853 740 904 καὶ
780 851 1032 909 ναυσίπορος
1072 853 1235 907 ἐνιαχοῦ
1275 853 1586 907 καθίσταταιώ*

61 919 162 979 (H.)
202 919 416 965 Ἐνταῦθα
446 920 498 977 δὴ
532 919 815 964 καταλύσασιν
849 919 988 972 ἱκανός
1015 938 1079 972 τις
1114 921 1251 973 ἔδοξεν
1285 920 1387 966 εἶναι
1417 920 1439 965 ὃ
1458 927 1549 978 χῶ-

60 1007 161 1048 ρος,
207 990 372 1051 ἀθυμία
406 992 566 1052 βαθείᾳ
594 992 664 1035 καὶ
703 989 815 1051 πόνῳ
843 995 991 1051 μακρῷ
1027 991 1356 1047 βεβαπτισμένον
1378 994 1548 1044 ,ξενίσαι

59 1059 265 1118 στρατὸν,
302 1063 338 1104 εἷ
368 1062 438 1104 καὶ
459 1059 608 1117 ἣκιστα
640 1059 749 1105 πάνυ
781 1061 954 1115 τελέως,
994 1060 1093 1121 ἀλλ’
1121 1057 1194 1105 οὖν
1226 1061 1323 1105 οὐδὲ
1350 1059 1458 1105 πάνυ
1481 1080 1546 1105 τοι

58 1123 185 1185 ἧττον
205 1128 232 1186 ἢ
254 1130 412 1182 τελέως.
451 1132 486 1174 εἴ
511 1131 591 1189 γὰρ
616 1133 685 1174 καὶ
715 1129 820 1188 ἡδὺν
842 1135 901 1190 τῷ
934 1135 1120 1175 πεινῶντι
1141 1129 1279 1175 πάντα
1301 1131 1394 1175 τινὰ
1417 1131 1546 1190 ἄρτον

3 1203 48 1238 15
60 1198 166 1242 εἶναι’
182 1217 334 1258 φασιν,
373 1200 469 1244 ἀλλ’
492 1196 566 1244 οὖν
592 1202 665 1244 καί
681 1219 798 1260 σφισι
827 1201 928 1251 τέως
962 1198 1011 1244 τό
1035 1218 1078 1258 γε
1099 1199 1349 1259 ἀλλοφύλοις
1368 1201 1546 1259 ἄγεσθαι

57 1267 256 1325 νεύμασι,
293 1270 514 1327 προσηνέσι
535 1270 576 1315 δ’
599 1269 925 1328 ὅπωσδηποτοῦν
937 1304 951 1325 ,
984 1268 1066 1327 ἡδύ
1087 1289 1127 1315 τι
1149 1273 1219 1314 καὶ
1242 1270 1592 1330 φιλάνθρωπονΡ.
1605 1278 1675 1315 393

62 1340 279 1395 ἐνομίζετο.
316 1340 365 1383 τὸ
392 1340 472 1399 γὰρ
500 1342 542 1384 ἓν
573 1339 687 1399 ὅροις
714 1339 948 1400 ὑπερορίοις
976 1340 1290 1399 ἀπηρτημένους
1321 1346 1538 1396 τοσοῦτον,

55 1410 124 1452 καὶ
143 1413 227 1453 τῶν
244 1411 400 1454 οἷκείων
418 1410 542 1462 ὄντας
560 1409 765 1468 ἔκδήμους
786 1411 834 1454 οὗ
852 1402 968 1466 μάλα
983 1411 1220 1466 ἐθέλοντας,
1246 1411 1452 1467 εὖσεβέσιν
1467 1411 1541 1455 ἇν-

55 1476 179 1536 δροῖσι
200 1486 442 1537 περιτυχεΐν,
484 1482 552 1524 καὶ
574 1481 840 1539 καταγωγιόις
857 1479 1099 1538 οἶοισδήτισι
1121 1484 1371 1538 ξενωθῆναι,
1396 1479 1541 1536 ὅμοιον

0 1543 129 1605 Ξοῆν,
169 1547 305 1608 ὥσπερ
337 1549 389 1593 ἂν
411 1553 446 1593 εἷ
474 1551 519 1593 ἐκ
552 1553 749 1607 ναυαγίου
782 1549 963 1607 μεγάλου
996 1552 1064 1594 καὶ
1095 1549 1303 1601 κλύδωνος
1328 1550 1540 1609 ἀπροσδο-

53 1615 165 1678 κήτῳ
195 1620 516 1676 προσεσχηκέναι
548 1621 702 1676 συνέβη
733 1621 865 1675 λιμένι
895 1621 987 1663 τινί.
1034 1619 1082 1663 τὸ
1110 1620 1187 1678 γὰρ
1214 1622 1540 1676 βοσκηματῶδες

51 1682 164 1743 ’ἦθος
195 1689 320 1732 ἐκεῖνο
345 1690 414 1732 καὶ
447 1688 580 1747 ὄρειον
586 1722 601 1743 ,
639 1691 707 1733 καὶ
734 1689 782 1732 τὸ
813 1693 888 1745 τῆς
914 1686 1100 1746 γλώττης
1130 1691 1199 1732 καὶ
1224 1688 1390 1747 γνώμης
1408 1689 1575 1735 &nal-B

53 1755 200 1801 δευτόν
228 1775 272 1802 τε
299 1760 369 1801 καὶ
389 1756 634 1817 βάρβαρον,
671 1757 698 1817 ἦ
733 1763 808 1816 τῆς
835 1760 996 1815 διαίτης
1018 1760 1204 1818 εἷρηναιά
1224 1760 1295 1803 καὶ
1315 1758 1539 1810 ἔνσπονδος

144 1881 180 1917 6.
199 1876 300 1925 ’Λξός
322 1891 444 1928 apogr.
466 1880 549 1917 Par.

49 1982 166 2019 licitus
193 1987 270 2027 est,
309 1984 377 2020 etsi
403 1986 587 2032 oporteret
606 1983 821 2030 gravissima
852 1986 893 2019 et-
918 1983 1022 2030 longe
1053 1983 1197 2020 maxima
1235 1985 1335 2021 adire
1367 1985 1534 2032 pericula.

50 2030 170 2076 (Vn.)
189 2031 307 2067 Huius
334 2031 432 2067 firma
452 2036 490 2067 et
511 2037 607 2066 certa
631 2031 944 2074 commendatione,
969 2043 1032 2078 per
1054 2031 1190 2066 litteras
1217 2034 1263 2068 ad
1285 2032 1422 2068 Cralem
1447 2033 1536 2068 scri-

48 2083 142 2124 ptas,
165 2077 267 2124 quasi
281 2078 428 2125 quodam
443 2078 572 2113 viatico
589 2078 740 2113 munitus
758 2077 964 2123 imperator,
988 2082 1026 2113 et
1042 2078 1231 2113 sufficienti
1253 2079 1413 2114 comitum
1432 2081 1534 2115 turba

48 2124 218 2171 stipatus,
242 2125 374 2164 decimo
393 2125 513 2171 quinto
535 2128 616 2171 post
640 2125 696 2159 die
717 2125 763 2159 ad
784 2124 987 2171 Scopiorum
1011 2125 1210 2171 oppidulum
1229 2127 1408 2171 pervenit:
1432 2127 1533 2161 cuius

48 2182 162 2205 muros
182 2172 450 2218 praeterlabitur
464 2172 583 2212 Axius.
640 2170 711 2213 Qui
728 2171 854 2206 fluvius
878 2172 922 2206 ab
946 2171 1068 2207 iisdem
1090 2172 1262 2207 montibus
1287 2185 1481 2219 erumpens,
1509 2185 1531 2208 a

43 2218 173 2264 *quibus
197 2223 234 2254 et
252 2218 435 2263 Strymon,
458 2231 527 2253 non
547 2219 590 2253 ab
614 2218 701 2264 ipsis
729 2218 867 2263 quidem
891 2218 1008 2252 statim
1032 2219 1186 2253 fontibus
1210 2219 1262 2253 ita
1287 2231 1430 2264 magnus
1455 2224 1536 2263 est3·

47 2264 111 2299 sed
133 2276 198 2310 per
214 2264 348 2300 declive
366 2265 476 2300 fluens
487 2291 499 2308 ‚
522 2270 558 2300 et
573 2277 654 2300 suas
675 2277 749 2299 cum
774 2265 852 2299 aliis
873 2269 943 2300 tam
960 2265 1077 2300 fluviis
1093 2277 1192 2311 quam
1213 2267 1425 2301 torrentibus
1442 2267 1529 2300 mul-

46 2310 95 2345 tis
120 2311 229 2346 undas
250 2312 520 2354 communicans,
551 2312 690 2358 proprio
715 2312 850 2346 nomine
872 2311 909 2346 in
932 2312 1138 2347 Bardarium
1163 2317 1311 2355 mutato,
1346 2313 1529 2359 aliquando

46 2362 84 2392 et
107 2357 234 2394 alicubi
254 2358 460 2404 navigabilis
476 2359 609 2393 existit.
656 2358 791 2404 (VIII.)
814 2358 868 2393 Ibi
886 2370 961 2394 cum
986 2359 1243 2402 substitissent,
1266 2359 1361 2393 locus
1383 2359 1530 2394 idoneus

45 2404 143 2440 visus
163 2409 228 2448 est,
247 2405 282 2439 in
302 2417 369 2452 quo
388 2405 579 2448 exercitus,
602 2404 747 2440 maximo
771 2416 901 2451 angore
925 2417 967 2440 ac
983 2405 1101 2440 labore
1120 2405 1225 2440 multo
1244 2406 1442 2448 confectus,
1464 2406 1530 2440 ho·-⁴

46 2451 152 2497 spitio
173 2458 412 2495 recrearetur,
435 2452 466 2486 si
489 2464 558 2487 non
579 2451 711 2486 omnino
737 2453 845 2494 bene,
870 2456 908 2487 at
925 2452 1046 2487 saltem
1069 2452 1161 2487 haud
1185 2452 1318 2488 omnino
1340 2453 1438 2489 male.
1486 2452 1530 2487 Si

45 2497 135 2532 enim
152 2497 261 2533 dulcis
274 2496 347 2541 est,
370 2502 409 2533 ut
425 2499 542 2542 aiunt,
569 2498 735 2536 esurienti
753 2498 852 2545 panis
870 2498 1029 2544 quilibet,
1053 2503 1090 2534 et
1106 2498 1161 2533 his
1178 2510 1316 2545 quoque
1336 2499 1437 2534 dulce
1454 2504 1528 2534 tum

44 2544 240 2579 habebatur
267 2550 372 2590 atque
395 2545 599 2589 humanum,
623 2545 715 2591 quod
735 2545 875 2580 nutibus
900 2549 1128 2591 regerentur,
1159 2546 1298 2580 tametsi
1321 2546 1530 2592 peregrinis,

44 2595 198 2626 attamen
215 2592 463 2637 quadamtenus
482 2592 678 2627 mansuetis.
718 2592 830 2634 Quod
852 2591 942 2626 enim
965 2596 1107 2627 externo
1133 2592 1168 2626 in
1191 2592 1264 2627 solo
1285 2597 1356 2627 tam
1382 2592 1486 2638 longe
1506 2604 1529 2627 a

44 2637 118 2672 suis
135 2637 309 2683 ablegati,
333 2643 370 2673 et
385 2650 453 2673 non
473 2643 598 2685 sponte
617 2650 638 2673 a
657 2638 772 2686 patria
791 2642 965 2681 extorres,
987 2639 1023 2673 in
1042 2638 1196 2674 homines
1214 2638 1292 2685 pios
1310 2638 1528 2681 incidissent,

46 2687 83 2718 et
99 2683 260 2729 hospitiis
278 2684 519 2731 exciperentur
538 2685 848 2732 qualibuscunque,
871 2685 1016 2731 perinde
1033 2690 1110 2721 erat
1128 2697 1169 2720 ac
1188 2686 1219 2720 si
1235 2697 1357 2729 magno
1378 2697 1421 2720 ex
1440 2696 1528 2719 nau-

45 2729 161 2775 ssragio
188 2730 404 2778 hibernoque
423 2731 545 2768 fluctuv
558 2732 604 2767 ad
622 2737 756 2778 portum
781 2731 958 2779 appellere
977 2732 1096 2766 datum
1115 2736 1218 2767 esset.
1264 2732 1408 2767 Brutum
1433 2731 1528 2766 scili-

45 2779 104 2811 cet
126 2775 211 2811 illud
239 2788 282 2813 ac
301 2782 499 2814 montanum
520 2778 663 2814 vivendi
689 2790 820 2824 genus,
852 2782 890 2813 et
913 2782 984 2814 tam
1010 2778 1047 2813 in
1064 2778 1186 2824 lingua
1210 2789 1310 2824 quam
1335 2778 1371 2812 in
1387 2777 1528 2824 ingenio

45 2821 133 2859 rude
149 2822 310 2871 quiddam
327 2836 370 2862 ac
384 2825 583 2870 barbarum,
606 2825 792 2873 tegebatur
809 2825 981 2862 foederati
1002 2837 1045 2862 ac
1062 2825 1200 2873 pacifici
1219 2824 1399 2861 convictus
1420 2825 1528 2860 bene-
