1794 3172
341 159 658 207 HISTORIAE
676 161 1051 210 BYZANTINAE
1080 161 1184 210 XX.
1214 168 1256 210 6.
1435 157 1539 206 987

57 272 161 328 ἔμοῦ
186 289 233 330 γε
252 272 396 317 εἵνεκα.
435 265 494 316 ὧν
511 272 668 329 μεταξῦ
697 271 950 317 καθεσθέντι
979 289 1053 328 μοι
1086 270 1213 330 λέγειν
1229 270 1409 331 ἤρξαντο
1429 273 1538 318 κατὰ
1561 286 1646 319 A.c.
1668 284 1755 322 1351

56 342 308 399 συνεκδοχὴν
337 343 407 385 καὶ
434 341 696 398 ἀμοιβαδὸν,
733 341 850 398 παρὰ
875 341 1062 399 θατέρου
1091 340 1239 400 ἅτερος
1265 341 1342 393 τὰς
1358 347 1443 387 τῶν
1461 333 1756 416 ss-Imgggicgn‘

55 428 141 469 γων
161 411 358 471 ἀφορμὰς
385 412 617 470 πορίζοντές
643 429 687 456 τε
709 413 778 456 καὶ
795 409 1074 470 ποριζόμενοι,
1113 413 1182 455 καὶ
1210 411 1369 457 πείθειν
1390 413 1540 470 ἐπιχει-
1674 404 1681 413 ’

59 485 226 537 ροῧντες
235 514 249 535 ,
285 485 450 539 πρῶτον
466 482 543 536 μὲν
558 478 786 539 χρημάτων
805 482 1060 538 ἐπαγγελίαις
1077 478 1299 539 ἀφθόνοις,
1336 484 1406 525 καὶ
1428 483 1451 526 ὅ
1465 501 1540 538 μοι

29 550 165 608 ὅπρὸς
181 549 420 606 βουλήσεως
439 550 500 606 εἴη
530 550 582 594 ι’ὶν
610 551 747 607 ἕτερον
771 549 896 594 ἅπαν.
934 550 1018 594 ἐπεὶ
1037 549 1084 593 δ’
1115 551 1308 594 ἐντεῦθεν
1331 555 1416 596 τῶν
1438 569 1539 597 σκο-

57 620 274 675 πουμένων
298 617 526 676 ἠλαύνοντο
538 653 552 674 ,
589 621 698 677 μηδὲ
723 619 801 676 τὴν
824 617 994 678 πρώτην
1026 618 1156 676 ἀκοὴν
1187 620 1290 674 ἐμοῦ
1309 630 1585 679 γε’προσιε-Ῑζ

54 689 183 745 με’νου
211 690 319 745 μηδὲ
347 689 495 747 μικρὸν
522 694 648 746 γοῦν,
683 689 758 734 τόν
786 687 979 746 δεύτερον
1002 693 1134 733 πλοῦν
1163 690 1426 747 διαλέγεσθαι
1445 692 1539 735 ine-

56 760 266 816 χείρησαν.
337 757 426 819 (Ε.)
461 761 550 803 Καὶ
576 754 629 815 ἦν
655 757 682 815 ἦ
713 763 789 815 τῆς
811 759 1026 810 ὃιαλέξεως
1055 756 1280 815 εἶσαγωγή·
1317 758 1380 803 ὅτι
1400 778 1444 805 τε
1461 766 1539 818 τῆς

55 827 262 884 θεότητος
286 824 420 884 ὄνομα
448 826 639 887 δεύτερόν
668 829 754 872 ἐστι
775 832 853 885 τῆς
880 829 1002 880 θειάς
1033 827 1178 879 οὖσίας
1210 829 1279 871 καὶ
1302 836 1395 880 ταῖς
1422 829 1539 874 ἀκτί-

0 902 46 939 10
59 914 174 949 στοις
191 899 406 955 ἐνεργείαις
425 899 577 956 κυρίως
604 902 765 954 μᾶλλον
787 895 1005 957 ἁρμόττει·
1040 899 1108 941 καὶ
1136 896 1200 941 ὅτι
1226 902 1311 942 τῶν
1336 896 1538 944 τοιούτων

57 966 262 1011 ἄκτίστων
284 968 489 1025 ἐνεργειῶν
519 967 652 1024 πολλὴ
675 969 745 1011 καὶ
774 966 942 1026 ἄπειρος
968 968 1013 1011 ἔκ
1029 971 1106 1025 τῆς
1122 968 1243 1018 θειάς
1261 966 1406 1019 οὐσίας
1424 970 1536 1013 ἐστὶν

54 1034 82 1093 ἦ
106 1036 314 1095 διαφορὰ,
351 1036 431 1080 κάκ
453 1041 539 1081 τῶν
565 1038 772 1095 ἐνεργειῶν
795 1036 1046 1094 γινώσκομεν
1075 1036 1149 1081 τὸν
1174 1034 1302 1081 θεόν·
1338 1040 1407 1081 καὶ
1426 1036 1483 1089 ὡς
1512 1037 1535 1083 ὅ

54 1106 183 1164 μέγας
204 1107 307 1164 φησὶ
327 1107 567 1161 Βασθιειος,
605 1107 686 1160 ,,ε’κ
704 1107 780 1162 μὲν
795 1111 880 1151 τῶν
903 1107 1110 1165 ἐνεργειῶν
1129 1108 1336 1165 γνωρίζειν
1362 1106 1571 1164 λέγομενῑΰ

55 1175 130 1219 τὸν
147 1175 250 1219 θεὸν
269 1173 412 1232 ἡμῶν,
448 1179 503 1235 τῇ
526 1175 572 1219 δ’
605 1175 728 1238 οὗσίᾳ
754 1175 885 1220 αὐτοῦ
909 1178 1179 1235 προσεγγίζειν
1209 1176 1286 1232 οὗχ
1310 1174 1535 1233 ὑπισχνού-

0 1252 44 1288 15
54 1249 184 1300 μεθα.
222 1245 267 1288 αἶ
283 1246 360 1301 μὲν
380 1244 460 1303 γὰρ
483 1246 676 1304 ἐνέργειαι
708 1245 839 1289 αὐτοῦ
866 1246 972 1303 πρὸς
992 1245 1105 1303 ἡμᾶς
1128 1247 1470 1302 καταβαίνουσιν·
1505 1245 1535 1304 ἧ

55 1314 104 1358 δ’
126 1314 248 1358 οὐσία
271 1314 401 1358 αὗτοῧ
418 1315 527 1370 με’νει
549 1314 816 1373 ἄπρόσιτος.”
849 1320 983 1360 ταῦτα
1003 1318 1071 1359 καὶ
1091 1315 1145 1359 τὰ
1164 1314 1435 1373 παραπλήσια
1465 1317 1535 1360 λε’-

53 1401 194 1440 γοντες
227 1385 376 1441 ε’πῆγον
404 1386 553 1435 οῗκείας
581 1383 874 1443 παρεξηγήσεις
904 1387 972 1428 καὶ
1008 1386 1309 1442 συλλογισμοὺς
1336 1384 1534 1437 ἔκτόπους

53 1455 122 1496 καὶ
145 1452 338 1504 ἀνοσίους
365 1455 433 1497 καὶ
454 1453 750 1509 μαινομένους·
788 1453 844 1505 ὥς
870 1454 1008 1510 ἐπειδὴ
1026 1455 1130 1512 πρὸς
1150 1452 1262 1510 ἡμᾶς
1280 1455 1325 1497 αἱ
1343 1455 1534 1513 ἐνέργειαι

53 1525 374 1578 καταβαίνουσι,
412 1523 491 1566 κάκ
522 1522 682 1567 τούτων
709 1526 952 1580 γνωρίζομεν
975 1523 1048 1566 τὸν
1071 1523 1197 1577 θεὸν,
1238 1523 1421 1566 ἄκτιστοι
1447 1524 1531 1581 ἄρα

0 1600 45 1636 20
58 1593 133 1635 εἶσὶ
152 1590 350 1648 θεότητες
362 1605 374 1616 ·
405 1594 473 1635 καὶ
492 1591 584 1635 ὅσοι
604 1592 662 1648 μὴ
683 1598 978 1650 συμφωνοῦσιν
991 1590 1091 1649 ἡμῖν
1099 1626 1113 1646 ,
1134 1591 1414 1650 βλασφήμους
1429 1591 1529 1636 ἕαυ-
1547 1594 1591 1630 P·
1609 1595 1679 1632 621

53 1661 154 1712 τούς
176 1665 409 1705 καθεστῶσι
436 1666 684 1719 περιφανῶς.
759 1661 846 1720 (ς’.)
876 1661 992 1716 Ἐμοὶ
1012 1663 1059 1705 δὲ
1079 1664 1148 1704 καὶ
1167 1661 1358 1713 ἀσθενῶς
1379 1662 1527 1719 ἔχοντι,

53 1732 121 1774 καὶ
138 1729 255 1791 μόνῳ
275 1735 361 1774 τῶν
381 1730 518 1775 ἄλλων
540 1730 824 1792 ἀπειλημμέναι
850 1728 1079 1787 συμμάχων
1098 1729 1421 1789 ἀπροσδοκήτως
1442 1733 1527 1776 ire-
1550 1744 1596 1780 V.
1610 1744 1681 1781 502

146 1864 203 1902 12.
223 1860 296 1900 κάκ
314 1875 376 1899 em.
395 1863 496 1900 Boiv.
511 1875 576 1911 pro
597 1861 680 1901 κᾶν.
773 1862 830 1900 14.
852 1860 951 1910 ἡμᾶς
968 1863 1059 1899 coni.
1071 1863 1172 1899 Boiv.

2 2000 6 2002 —
52 1990 97 2014 no
125 1979 386 2026 praemeditatis
413 1979 553 2015 accidit.
599 1980 678 2026 Ego
705 1990 789 2014 vero
817 1979 909 2015 inter
937 1979 1014 2014 illos
1042 1977 1196 2016 consedi.
1249 1977 1340 2014 Tum
1366 1983 1478 2014 autem
1500 1978 1528 2014 ii

51 2032 246 2072 coeperunt
261 2025 414 2061 vicissim
432 2031 470 2061 et
489 2027 632 2061 alternis
649 2038 702 2062 me
720 2026 868 2072 alloqui,
896 2027 984 2062 alter
1001 2025 1101 2061 alteri
1125 2032 1242 2060 mutua
1265 2026 1528 2072 suppeditantes

51 2073 191 2107 dicendi
210 2078 426 2119 argumenta.
473 2073 525 2107 Ac
543 2084 667 2119 magna
684 2074 827 2118 primum
843 2074 1013 2119 pecuniae
1029 2073 1065 2107 vi
1083 2076 1119 2108 et
1132 2072 1222 2107 omni
1240 2072 1307 2107 alia
1324 2084 1381 2114 re,
1406 2084 1528 2118 quam-

51 2131 187 2165 cunque
209 2119 442 2166 optavissem‚
465 2119 654 2164 promissa,
678 2119 857 2154 inflectere
881 2120 996 2154 conati
1023 2123 1114 2153 sunt.
1169 2119 1322 2160 Deinde,
1346 2119 1428 2165 quia
1458 2119 1524 2153 hac

51 2177 120 2201 non
140 2166 368 2208 succedebat,
391 2170 579 2211 propterea
598 2166 689 2212 quod
706 2177 771 2200 nec
788 2165 898 2211 prima
916 2166 1051 2212 quidem
1071 2165 1167 2200 dicta
1186 2166 1327 2199 auribus
1350 2165 1405 2199 vel
1422 2165 1523 2199 mini-

52 2223 140 2246 mum
158 2212 392 2254 admitterem,
417 2211 525 2247 altero
548 2213 680 2247 demum
701 2218 739 2247 et
760 2212 855 2247 velut
871 2213 1080 2247 subsidiario
1109 2217 1233 2246 conatu
1246 2238 1257 2253 ‚
1280 2212 1325 2246 ad
1341 2211 1524 2257 disputan-

51 2258 132 2292 dum
156 2270 286 2293 mecum
313 2258 473 2305 aggressi
495 2264 586 2293 sunt.
645 2259 727 2304 (V.)
760 2258 1037 2305 Disputationem
1070 2259 1151 2293 hinc
1181 2258 1289 2293 ordiri
1315 2259 1426 2293 visum
1454 2263 1521 2300 est,

52 2305 145 2351 quod
168 2316 288 2340 nomen
311 2305 496 2351 θεότητος
514 2305 661 2340 inferius
689 2310 783 2340 esset
805 2306 1000 2341 substantia
1024 2305 1162 2347 divina,
1195 2311 1232 2340 et
1253 2305 1362 2350 magis
1377 2303 1522 2350 proprie

51 2351 315 2397 operationibus
343 2352 508 2387 increatis
535 2351 754 2387 conveniret:
785 2351 868 2386 item
895 2354 986 2398 qnod
1017 2351 1234 2398 operationes
1257 2352 1323 2385 hae
1347 2350 1522 2385 increatae

51 2408 176 2442 magno
194 2403 232 2432 et
244 2398 381 2434 infinito
393 2398 591 2434 discrimine
609 2410 631 2433 a
648 2398 764 2433 divina.
778 2398 971 2434 substantia
986 2399 1175 2440 distarent3
1200 2398 1360 2443 quodque
1376 2408 1419 2431 ex
1437 2407 1524 2441 ope-

50 2443 242 2478 rationibus
258 2445 367 2479 Deum
383 2457 685 2490 cognosceremus,
709 2444 848 2479 dicente
867 2456 989 2490 magno
1005 2445 1155 2479 Basilio:
1177 2445 1314 2486 „Deum
1332 2455 1377 2477 ex
1398 2454 1524 2488 opera-

51 2489 204 2524 tionibus
223 2491 359 2536 quidem
382 2503 594 2537 cognoscere
613 2504 676 2526 nos
693 2491 859 2534 dicimus3
881 2495 918 2525 at
932 2492 1268 2538 appropinquaturus
1287 2501 1364 2524 esse
1380 2489 1425 2522 ad
1446 2488 1523 2523 eius

51 2536 279 2572 substantiam
307 2549 376 2572 non
398 2538 646 2583 promittimus:
678 2538 836 2584 quoniam
870 2537 945 2572 eius
968 2539 1188 2584 operationes
1212 2537 1257 2571 ad
1285 2547 1348 2570 nos
1376 2534 1522 2569 descen-

51 2582 162 2623 dunt3
185 2583 377 2619 substantia
396 2596 480 2619 vero
498 2584 648 2620 eiusdem
668 2583 916 2619 inaccessibilis
933 2584 1081 2619 maneti?
1125 2585 1222 2619 Haec
1239 2586 1276 2617 et
1294 2580 1418 2616 similia
1441 2592 1520 2616 cum

50 2628 275 2671 dictitarent}
308 2641 490 2676 perversas
515 2630 560 2665 de
586 2643 649 2665 suo
683 2630 1008 2676 interpretationes,
1044 2628 1423 2676 argumentationesque
1457 2628 1521 2662 ab·

51 2675 195 2717 surdas,
218 2675 365 2726 impias,
387 2682 424 2712 et
441 2676 579 2712 insanas
599 2676 874 2722 subiungebantz
905 2677 1064 2723 quoniam
1081 2688 1203 2723 nempe
1230 2674 1447 2721 operationes
1472 2673 1521 2708 ad

51 2731 113 2755 nos
134 2721 404 2767 descenderent,
429 2727 534 2769 atque
552 2735 595 2758 ex
609 2723 654 2758 iis
669 2735 730 2758 nos
749 2723 859 2758 Deum
879 2734 1179 2769 cognosceremus,
1202 2725 1362 2767 oportere
1386 2731 1447 2754 eas
1463 2719 1520 2754 in-

49 2772 190 2802 creatas
216 2779 294 2802 esse
319 2768 542 2813 divinitates3
566 2775 603 2805 et
622 2781 766 2816 qnorum
787 2769 883 2805 dicta
905 2781 980 2804 cum
1004 2770 1075 2804 suis
1099 2781 1166 2804 non
1184 2766 1433 2808 consentirent,
1459 2777 1520 2801 eos

49 2814 162 2859 palam
183 2815 413 2860 blasphemiae
429 2827 508 2851 reos
527 2828 606 2851 sese
624 2817 848 2851 constituere.
893 2816 996 2861 (VI.)
1018 2816 1097 2862 Ego
1115 2827 1198 2850 vero
1211 2840 1222 2857 ,
1246 2812 1306 2859 qui
1329 2817 1368 2847 ot
1392 2823 1519 2858 negro-

32 2860 164 2896 ‘tabam
173 2885 192 2903 ,-
208 2865 247 2896 et
262 2861 412 2897 caeteris
428 2863 535 2898 sociis
558 2863 707 2899 exclusis
736 2874 828 2898 unus
851 2867 992 2910 praeter
1007 2873 1103 2910 spem
1119 2859 1296 2898 insidiosis
1309 2859 1445 2896 retibus
1464 2859 1518 2894 in·
