1794 3172
374 122 694 172 HISTORIAE
718 125 1092 173 sYzANTmAE
1117 125 1237 193 xlx.
1257 131 1300 174 3.
1467 122 1570 172 943
1641 152 1651 159 -

86 228 304 278 δόσασθαι
333 234 401 279 δεῖ
424 233 672 293 ἀφθαρσίαν
702 237 771 281 καὶ
799 236 847 284 τὸ
877 235 1037 294 θνητὸν
1065 235 1330 294 ἀθανασίαν,
1375 235 1400 284 ὅ
1438 237 1613 298 μέναςΑ.
1634 257 1674 292 c.
1694 254 1786 294 1351

84 309 348 360 μυσταγωγεῖ
371 301 617 356 ἀπόστολος.
662 305 712 349 τὸ
742 306 789 350 δὲ
809 310 931 362 σῶμα
954 304 1261 364 ἀσωματότητα
1289 303 1785 386 ἐνδύσασθαιῇωεζέἕῇἒῑ·

85 370 113 428 ἢ
130 371 179 415 τό
202 372 366 416 κτιστόν
382 373 574 430 γενέσθαι
603 373 797 419 ἅκτιστον
805 409 820 429 ,
858 375 886 432 ἢ
906 375 955 420 τὸ
972 376 1246 433 περίγραπτον
1261 378 1320 429 εἶς
1338 376 1564 438 ἅπεριγρα-
1586 393 1629 430 Ρ,
1646 396 1717 432 593

83 442 190 495 ψίαν
206 447 512 498 μετατεθῆναι,
550 442 667 488 οῦπω
685 445 804 501 μέχρι
822 447 891 488 καὶ
912 435 1094 503 τήμερον
1115 445 1358 502 ἤκουσται.”
1391 450 1461 491 καὶ
1487 448 1566 492 ἆλ-

53 513 216 566 5λαχοῦ
230 524 241 535 ·
261 511 345 566 „td
368 509 489 569 φύσει
506 510 666 556 ἁπλοῦν
683 513 777 557 οὗτε
795 512 995 571 δρᾶσθαι,
1014 514 1109 559 οὕτε
1128 517 1438 571 εἰδοποιεῒσθαι,
1467 517 1563 563 οὔτε

82 577 253 635 πάσχειν
283 596 324 623 τι
350 581 459 624 καθ’
498 579 712 625 ὁντιναοῦν
742 582 896 640 τρόπον
927 584 1117 641 πέφυκεν.
1173 585 1338 637 ἀπαθὲς
1376 586 1456 645 γὰρ
1492 589 1563 632 καὶ

82 647 309 706 ἄφθαρτον
330 651 398 693 καὶ
414 647 550 706 πάντη
571 650 862 708 ἀκατάληπτον
879 655 947 697 καὶ
961 653 1266 711 ἅπερίγραπτον
1279 669 1289 679 ·
1310 659 1436 700 τοῦτο
1455 657 1502 701 δὲ
1519 658 1565 701 τί
1582 666 1627 704 V.
1642 666 1714 705 480

80 716 134 761 ἂν
147 717 207 774 εἴη
218 717 319 762 ἄλλο
338 717 366 775 ἢ
384 717 486 770 θεός
496 719 541 775 ,·''
563 722 631 763 καὶ
642 720 730 776 μετ’
754 721 912 779 ὀλίγον·
936 724 1009 776 ,,εῗ
1023 723 1103 780 γὰρ
1122 723 1275 767 ταύτὸν
1297 723 1388 778 εἶεν,
1410 724 1460 769 οὗ
1481 724 1559 771 δύο

80 785 133 830 ἂν
150 785 241 841 εἶεν,
262 786 369 831 ἀλλὰ
386 789 464 843 μία
481 787 616 847 φύσις.
641 788 668 846 ἦ
688 789 766 848 γὰρ
786 790 982 842 σύνθεσις
1000 792 1049 835 τὸ
1071 790 1275 850 διάφορον
1287 798 1371 837 τῶν
1384 803 1597 854 συντρε-Β

24 861 70 898 10
74 854 237 912 χόντων
252 856 343 917 ᾅδει
359 859 426 900 καὶ
437 856 674 916 ἕτεροούσια
686 858 787 903 εἶναι
801 861 961 916 δηλοΐ.”
980 860 1067 920 (Ε.)
1077 861 1293 905 Ἐντεῦθεν
1312 864 1456 914 ε’ξεῒναι
1469 871 1557 916 τοῖς

78 926 349 982 βουλομένοις
367 925 482 983 οἶμαι
500 933 681 989 συνορᾷν
689 962 704 983 ,
743 927 849 984 ὁμοῦ
869 935 930 990 τῷ
949 929 1169 990 καταράτῳ
1196 931 1386 992 Εὖσεβίῳ
1416 934 1557 995 ἐκείνῳ

78 996 147 1038 καὶ
167 998 382 1050 Παλαμᾶν
402 995 662 1054 ἐλεγχόμενον
671 1031 685 1052 ,
717 996 787 1042 ἅτ’
814 1000 949 1058 ἐκείνῳ
970 999 1102 1043 ταῦτὰ
1122 998 1338 1058 γράφοντα
1359 1003 1428 1045 καὶ
1447 1020 1556 1060 φρο-

76 1068 242 1109 νοῦντα.
287 1064 351 1108 ὅτι
373 1067 450 1121 μὲν
475 1066 555 1125 γὰρ
579 1069 647 1110 καὶ
669 1072 782 1111 θεῖαι
807 1073 891 1112 τῶν
922 1067 1047 1125 ἁγίων
1076 1067 1225 1120 εἰκόνες
1247 1071 1315 1113 καὶ
1343 1072 1432 1122 τοῖς
1462 1073 1556 1130 περὶ

75 1133 149 1177 τὸν
169 1137 384 1190 Παλαμᾶν
408 1135 671 1193 ε’ῤῥιπτοῦντο
691 1137 795 1193 πρὸς
809 1143 905 1195 πῦρ,
935 1140 1063 1194 δῆλον
1079 1140 1155 1192 μὲν
1175 1146 1263 1189 τοῖς
1277 1140 1592 1196 θεασαμένοιςο

20 1207 66 1246 15
77 1219 121 1246 τε
153 1204 222 1246 καὶ
250 1203 297 1247 τὸ
323 1203 563 1263 ἀπόρῤητον
587 1206 787 1258 ἕξειποῦσι
817 1210 884 1251 καὶ
919 1206 1029 1267 ὅρκῳ
1056 1209 1407 1264 βεβαιωσαμένοις
1435 1212 1554 1254 τουτὶ

73 1272 179 1330 πρὸς
210 1271 412 1325 πολλούς·
450 1273 514 1318 ὅτι
537 1276 583 1319 δὲ
602 1276 883 1334 φωραθέντες,
907 1279 976 1320 καὶ
999 1279 1205 1328 δείσαντες
1233 1278 1311 1334 τὴν
1339 1283 1415 1322 τοῦ
1444 1277 1554 1335 πλή-

73 1346 185 1392 θους
218 1339 352 1399 ὁρμὴν
360 1376 375 1397 ,
414 1345 483 1387 καὶ
511 1343 695 1401 μάλιστα
717 1345 787 1388 διὰ
815 1346 864 1390 τὸ
887 1346 1124 1390 ἕπεισπεσὸν
1147 1347 1285 1403 ἕτερον
1314 1347 1436 1405 νέφος
1464 1352 1549 1392 τῶν

72 1409 336 1468 ἐγκλημάτων
356 1412 512 1468 αὐτοῖς,
532 1422 774 1472 προσκυνεῖν
794 1413 1082 1474 ὖποκρίνονται
1103 1417 1170 1458 καὶ
1193 1415 1325 1469 αὐτοὶ,
1349 1418 1418 1459 καὶ
1440 1416 1546 1475 πρὸς

71 1479 172 1531 τοὺς
190 1482 334 1532 θείους
356 1483 596 1527 συνεισιέναι
615 1484 754 1537 ναοὺς,
791 1489 926 1542 σιωπῇ
942 1482 1226 1528 καλύπτεσθαι
1248 1483 1542 1542 ἐπεπράχεσαν.

15 1550 301 1605 ἤσιωπητέον
318 1553 386 1594 καὶ
404 1549 503 1607 ἡμῖν
523 1553 566 1596 ἓν
586 1557 646 1611 τῷ
673 1552 781 1610 ἄρτι.
838 1552 930 1613 (ς’.)
961 1553 1155 1597 Δεικτέον
1172 1552 1215 1596 ‹5'
1243 1549 1314 1596 οὖν
1339 1553 1416 1609 τὴν
1436 1571 1544 1610 συμ-

73 1619 233 1677 φωνίαν
265 1618 422 1678 ἀμφοῖν
456 1619 500 1663 ἔκ
531 1638 576 1664 τε
606 1625 690 1665 τῶν
721 1623 864 1679 σφίσιν
895 1622 960 1666 ἀεὶ
998 1622 1223 1678 λεγομένων
1245 1624 1313 1665 καὶ
1343 1621 1433 1678 ἅμα
1460 1627 1583 1670 marl>

72 1691 149 1731 τοῦ
171 1686 350 1745 μεγάλου
369 1691 493 1733 τοῦδε
511 1690 669 1748 πατρὸς
685 1691 868 1748 ἐλέγχων.
917 1689 939 1735 ὅ
960 1692 1036 1747 μὲν
1055 1691 1134 1749 γὰρ
1164 1689 1428 1748 εἷκονομάχος
1455 1691 1545 1735 Εὖ-

72 1757 211 1812 σέβιος
247 1756 343 1802 ὅλον
373 1759 417 1803 ἓν
445 1763 498 1817 τῇ
526 1759 844 1818 μεταμορφώσει
874 1762 1221 1817 μεταβεβλῆσθαί
1247 1777 1350 1819 φησι
1383 1760 1433 1804 τὸ
1466 1764 1542 1805 τοῦ

71 1844 283 1890 corruptible
311 1845 378 1880 hoc
405 1845 550 1882 induere
572 1850 731 1892 oporteat
754 1846 1136 1894 incorruptibilitatem,
1159 1851 1197 1882 et
1210 1846 1354 1882 mortale
1368 1846 1544 1882 immorta-

69 1890 224 1933 litatem,
247 1891 443 1937 mysterium
472 1898 528 1927 est
547 1904 568 1927 a
597 1905 717 1938 magno
743 1894 907 1939 Apostolo
935 1894 1110 1932 traditum.
1155 1895 1202 1929 At
1227 1905 1352 1940 corpus
1381 1892 1544 1939 incorpo-

70 1937 227 1972 reitatem
247 1938 426 1981 induisse,
449 1945 510 1974 aut
528 1946 678 1974 creatum
701 1941 855 1975 evasisse
878 1940 1087 1982 increatum,
1111 1945 1174 1975 aut
1193 1939 1483 1985 circumscriptum
1501 1939 1540 1975 in

68 1983 397 2029 incircumscriptum
424 1986 624 2028 transiisse,
647 1986 684 2020 id
710 1986 846 2032 quidem
862 1986 1009 2021 nondum
1032 1987 1076 2021 ad
1093 1988 1183 2022 hane
1199 1987 1287 2021 diem
1309 1997 1418 2031 usque
1433 1984 1536 2021 audi-

69 2035 140 2064 tum
158 2029 245 2064 est.”
270 2030 320 2066 Et
338 2030 406 2066 alio
425 2031 520 2066 loco:
544 2032 664 2078 „quod
682 2039 805 2067 natura
823 2045 884 2068 sua
904 2033 1049 2079 simplex
1064 2039 1131 2075 est,
1153 2033 1189 2067 id
1213 2032 1378 2067 eiusmodi
1396 2036 1471 2073 est,
1497 2034 1538 2066 ut

69 2086 135 2110 nee
153 2076 276 2122 effingi
298 2088 362 2111 nec
387 2078 462 2123 pati
487 2078 667 2124 quiequam
684 2078 752 2113 ullo
771 2079 868 2113 modo
896 2081 1018 2126 possit.
1065 2078 1280 2126 Impossibile
1305 2078 1393 2113 enim
1416 2083 1454 2112 et
1480 2077 1537 2112 in-

69 2123 309 2178 corruptibile,
329 2128 433 2164 atoue
451 2124 584 2179 pmnino
601 2125 941 2184 incomprehensibile
957 2132 993 2161 et
1010 2125 1339 2180 incircumscriptum
1358 2128 1424 2159 est.
1457 2124 1536 2160 Hoc

67 2179 151 2204 vero
164 2170 246 2215 quid
265 2170 358 2204 aliud
374 2170 480 2205 fuerit
495 2182 562 2205 ωει
578 2170 708 2206 Deus?
742 2172 792 2206 Et
806 2172 908 2217 paulo
926 2177 1025 2219 post:
1046 2184 1149 2215 „nam
1169 2184 1200 2206 si
1218 2172 1307 2206 idem
1324 2171 1453 2213 forent,
1467 2182 1536 2205 non

2 2237 6 2240 -
68 2216 137 2250 duo
163 2221 297 2258 essent,
321 2216 383 2250 sed
410 2216 512 2252 unica
539 2223 677 2252 natura.
722 2217 849 2252 Eorum
867 2219 1018 2266 quippe,
1041 2229 1130 2264 quae
1143 2217 1244 2253 simul
1264 2220 1408 2259 coeunt,
1431 2216 1535 2251 diffe-

67 2262 212 2296 rentiam
237 2262 315 2309 ipsa
333 2263 535 2309 compositio
560 2263 699 2308 arguit,
725 2275 836 2310 eaque
855 2265 1016 2300 diversae
1034 2264 1251 2300 substantiae
1269 2275 1347 2299 esse
1362 2261 1532 2297 indicat.'‘

68 2308 154 2352 (V.)
177 2308 287 2350 Hinc,
315 2314 357 2343 ut
384 2314 487 2355 puto,
517 2308 648 2345 volenti
676 2310 803 2356 cuique
830 2311 932 2347 facile
959 2317 1015 2346 est
1036 2312 1255 2358 perspicere,
1277 2309 1449 2345 Palmam
1467 2319 1536 2343 una

72 2365 149 2389 cum
175 2354 280 2400 impio
304 2355 363 2390 illo
388 2355 540 2391 Eusebio
566 2357 676 2402 ipsum
705 2368 844 2403 quoque
870 2357 1037 2401 refutari,
1060 2362 1182 2402 utpote
1205 2356 1264 2402 qui
1283 2356 1405 2391 eadem
1426 2359 1534 2408 atque

69 2400 131 2435 ille
149 2401 279 2436 scribat
294 2408 332 2436 et
347 2402 486 2437 sentiat.
532 2403 670 2448 Nempe
687 2409 724 2437 et
741 2414 857 2438 sacras
873 2404 1077 2439 Sanctorum
1102 2403 1271 2448 imagines
1286 2402 1331 2436 ab
1348 2404 1532 2435 sectatori-

67 2447 132 2481 bus
157 2446 318 2482 Palamae
340 2448 448 2483 fuisse
474 2448 656 2495 aliquando
681 2448 718 2484 in
742 2449 853 2494 ignem
880 2451 1066 2493 coniectas,
1085 2455 1211 2485 norunt
1229 2449 1256 2482 ii
1276 2448 1335 2493 qui
1356 2446 1528 2487 viderunt,

66 2498 103 2527 et
125 2503 284 2528 areanum
299 2494 384 2529 illud
404 2495 609 2540 vulgarunt,
634 2499 672 2529 et
689 2496 780 2540 apud
797 2495 959 2542 plurimos
974 2496 1192 2531 iureiurando
1208 2494 1245 2529 id
1272 2494 1323 2528 ita
1351 2504 1429 2527 esse
1447 2503 1539 2526 con--

64 2539 256 2575 firmarunt.
300 2541 426 2576 Verum
452 2541 504 2576 illi
530 2541 755 2587 deprehensi,
787 2547 825 2577 et
839 2541 950 2587 plebis
973 2542 1134 2588 impetum
1154 2541 1278 2582 veriti,
1310 2551 1351 2573 eo
1373 2537 1529 2579 maxime,

65 2585 158 2631 quod
176 2585 244 2620 alia
264 2587 517 2622 accusationum
537 2588 647 2623 nubes
671 2588 706 2622 in
721 2599 781 2622 eos
805 2588 982 2634 eruperit,
1004 2590 1139 2634 fingunt
1165 2599 1204 2622 se
1225 2598 1283 2620 eas
1302 2586 1468 2639 adorafes
1492 2588 1529 2638 ,θῑ

69 2642 144 2665 cum
163 2633 311 2667 metaris
328 2633 464 2668 divinas
484 2632 588 2669 aedes
610 2633 801 2668 introeunt:
824 2633 981 2681 adeoque
1000 2635 1210 2675 effecerunt,
1233 2637 1273 2666 ut
1291 2630 1374 2665 illud
1391 2630 1527 2664 anenno

64 2681 251 2722 tegeretur.
299 2679 522 2726 Quapropter
540 2686 579 2715 et
592 2691 656 2715 nos
674 2679 709 2714 in
727 2680 899 2726 praesenti
914 2681 1086 2716 sileamus.
1131 2679 1230 2724 (VI.)
1253 2679 1526 2729 Caeterum-am-

64 2723 184 2758 borum
211 2736 411 2760 consensum
437 2737 480 2760 ex
507 2726 572 2768 iis,
599 2737 688 2772 quae
714 2726 839 2772 passim
858 2727 927 2773 ipsi
955 2727 1093 2769 dicunt,
1125 2732 1161 2760 et
1184 2722 1527 2776 extrefutatiombus,

64 2781 150 2815 quas
166 2781 307 2815 magnus
332 2771 391 2806 ille
409 2772 529 2807 doctor
551 2772 680 2814 edidit,
702 2777 843 2819 oportet
860 2773 1054 2809 ostendere.
1109 2772 1295 2817 Imaginum
1322 2767 1526 2822 hostis-Eu-

64 2816 180 2852 sebius
195 2821 303 2854 totum
319 2817 357 2854 in
374 2819 678 2865 transfiguratione
694 2830 820 2866 corpus
829 2819 965 2856 Domini
980 2823 1145 2856 mutatum
1161 2818 1210 2854 ait
1229 2817 1264 2851 in
1281 2815 1392 2852 lumen
1408 2813 1527 2849 diver-
