1794 3172
283 607 896 669 NIKHOEOPOY
950 606 1141 667 TOY
1193 603 1680 665 ΓΡΗΓΟΡΑ

436 748 981 800 ΡΩΜΛΙΚΗΣ
1048 744 1539 796 ΙΣΤΟΡΙΑΣ

785 865 1091 906 ΛΟΓΟΣ
1145 863 1216 917 Κ.-

246 1008 943 1072 NICEPHORI
1048 1002 1724 1069 GREGORAE

462 1145 996 1199 BYZANTINAE
1066 1141 1514 1194 HISTORIAE

679 1277 870 1318 LIBER
927 1273 1294 1317 VIGESIMUS.

731 1490 1254 1530 ARGUMENTUM.

256 1608 258 1610 Ι
346 1566 470 1601 Saluta
488 1565 687 1611 quaestione
702 1564 746 1599 de
765 1565 893 1599 lumine
914 1563 1110 1604 Thaborio,
1138 1562 1317 1608 Gregoras
1338 1561 1387 1596 ad
1400 1562 1549 1597 alteram
1565 1561 1729 1596 crimina-

252 1612 382 1649 tionem
400 1612 626 1657 refellendam
638 1612 780 1647 transit.
825 1613 879 1646 De
899 1612 972 1645 Deo
995 1611 1176 1655 disputare
1188 1609 1420 1653 periculosum
1437 1614 1498 1643 est.
1537 1608 1630 1652 Quid
1647 1621 1729 1643 san-

253 1661 302 1697 cti
330 1660 454 1694 Patres
476 1670 577 1704 super
599 1670 642 1694 ea
660 1670 698 1693 re
713 1657 978 1704 praeceperint,
1002 1662 1036 1691 et
1064 1661 1232 1701 quatenus
1253 1655 1321 1700 ipsi
1346 1656 1390 1689 de
1411 1657 1483 1690 Deo
1505 1654 1731 1700 disputarint.

255 1707 448 1752 Gregorius
477 1705 734 1740 Nazianzenus.
790 1705 946 1739 Basilius
968 1704 1132 1748 Magnus.
1191 1702 1459 1747 chrysostomus.
1506 1702 1731 1736 Athanasius.

253 1752 357 1787 Isaac
371 1753 573 1795 Monachus.
614 1753 761 1787 Ioannes
786 1752 974 1786 climacus.
992 1791 995 1794 ι
1012 1751 1056 1784 D.
1078 1749 1220 1783 Paulus.
1265 1749 1358 1783 Acta
1379 1749 1607 1783 Conciliorum
1624 1759 1731 1794 gene-

253 1799 382 1833 ralium
398 1799 506 1844 (Cap.
532 1799 585 1844 1).
634 1800 916 1839 Cantacuzenus,
936 1808 1054 1842 pauca
1071 1797 1248 1840 loquutus,
1273 1796 1504 1840 respondendi
1521 1807 1643 1829 munus
1660 1795 1732 1828 Ρα-

254 1846 371 1879 lamae
399 1846 563 1880 concedit.
619 1845 732 1879 Huius
756 1843 947 1889 imparati,
979 1848 1014 1878 et
1044 1843 1132 1876 nihil
1160 1842 1233 1876 tale
1259 1842 1527 1885 praemeditati,
1562 1841 1731 1875 anxietas.

254 1891 424 1926 Iudicium
441 1892 485 1926 de
500 1892 669 1926 Palamae
686 1892 867 1932 doctrina,
891 1890 984 1931 stilo,
1007 1888 1158 1934 ingenio.
1207 1888 1292 1921 Eius
1309 1888 1501 1922 auctoritas
1521 1887 1617 1932 apud
1638 1888 1730 1921 Can-

254 1941 459 1972 tacuzenum
483 1939 604 1973 nimia.
659 1938 701 1972 In
729 1938 898 1972 maximas
925 1935 1109 1982 angustias
1141 1934 1314 1969 adductus
1340 1935 1531 1968 orationem
1561 1946 1585 1968 a
1607 1934 1733 1968 lumine

260 1984 434 2017 'I'haborio
463 1985 609 2019 orditur.
668 1984 909 2029 Operationcm
928 1987 962 2016 et
985 1982 1214 2016 substantiam
1238 1981 1274 2014 in
1297 1982 1370 2015 Deo
1389 1981 1531 2024 differre
1552 1981 1616 2015 ait.
1665 1980 1735 2023 Qui

256 2030 475 2074 operationes
497 2031 731 2076 participent,
756 2041 811 2064 eos
835 2030 997 2073 affirmat
1020 2027 1295 2071 increatosfieri.
1342 2027 1453 2062 Plura
1478 2027 1637 2062 increata
1655 2032 1731 2060 sta—

189 2099 192 2102 ,
254 2076 338 2112 tuit.
384 2076 621 2111 Substantiam
647 2077 801 2111 divinam
825 2080 936 2121 negat
960 2086 1060 2120 posse
1082 2073 1306 2119 participari.
1353 2074 1583 2108 Adversarius
1615 2077 1731 2108 conte-

255 2122 357 2157 mnit.
410 2123 501 2156 Acta
522 2123 666 2158 Goncilii
682 2122 857 2168 generalis
874 2122 962 2156 sexti
975 2132 1161 2167 perperam
1177 2121 1448 2164 interpretatur‚·
1471 2120 1555 2154 item
1570 2120 1677 2153 verba
1694 2119 1731 2153 S.

257 2168 386 2203 Basilii
417 2169 489 2212 (2).
540 2170 613 2212 Quo
629 2169 769 2203 consilio
784 2168 950 2202 Palamas
975 2169 1018 2203 D.
1042 2167 1170 2201 Basilii
1191 2172 1226 2202 et
1247 2167 1392 2201 Concilii
1415 2166 1618 2201 oecumenici
1645 2165 1733 2200 sexti

256 2215 363 2249 verba
375 2216 573 2259 protulerit.
598 2217 745 2250 Sanctos
765 2215 890 2249 Patres
907 2215 1042 2255 laudat,
1065 2226 1127 2248 nec
1147 2214 1314 2248 nominat.
1343 2213 1585 2257 Operationem
1602 2216 1637 2246 et
1653 2212 1732 2246 sub-

257 2261 428 2296 stantiam
451 2261 543 2295 idcm
566 2273 637 2296 esse
663 2262 702 2296 in
720 2262 794 2295 Deo
815 2265 950 2295 constat
972 2272 1012 2295 ex
1035 2261 1106 2294 illis
1125 2261 1210 2304 ipsis
1237 2259 1442 2295 testimoniis
1467 2259 1511 2292 ab
1535 2269 1574 2292 eo
1600 2258 1733 2294 allatis.

259 2307 348 2342 Item
363 2317 403 2341 ex
422 2307 532 2342 verbis
548 2308 753 2342 Sanctorum
769 2307 958 2342 Athanasii
975 2312 1009 2341 et
1034 2307 1165 2351 Cyrilli.
1198 2306 1240 2340 In
1260 2306 1388 2340 divinis
1410 2305 1566 2339 notiones
1584 2304 1733 2338 nomini-

259 2354 321 2389 bus
337 2353 474 2388 minime
495 2355 713 2399 respondent.
763 2354 860 2396 Quae
876 2365 916 2387 ex
935 2354 1066 2389 duabus
1082 2354 1181 2387 rebus
1208 2351 1422 2398 (substantia
1450 2356 1484 2386 et
1512 2350 1732 2396 operatione)

261 2404 442 2442 constant,
465 2411 509 2435 ea
534 2412 603 2434 non
632 2405 712 2434 sunt
735 2400 925 2443 simplicia,
955 2401 1016 2435 scd
1045 2399 1209 2444 duplicia.
1260 2400 1305 2433 D.
1335 2398 1509 2432 Maximus
1535 2398 1578 2431 de
1596 2397 1732 2431 binario

258 2458 411 2481 numero.
460 2447 637 2481 Conclusio
661 2446 731 2491 (3).
781 2447 961 2492 Gregoras
999 2457 1105 2492 aeger
1137 2450 1171 2480 et
1198 2445 1333 2480 ieiunus
1369 2443 1574 2489 disputandi
1611 2454 1734 2478 munus

261 2493 363 2528 sociis
380 2493 513 2535 tradit,
537 2493 594 2539 qui
621 2498 656 2527 et
677 2492 747 2538 ipsi
768 2492 1028 2527 commentarios
1047 2492 1212 2537 scripsere
1239 2492 1282 2525 de
1307 2491 1377 2524 suis
1395 2503 1469 2524 cum
1487 2491 1636 2524 Palama
1658 2501 1732 2524 cer-

260 2540 458 2574 taminibus.
511 2540 635 2574 Vetera
652 2539 689 2573 in
709 2539 937 2574 Barlaamum
955 2539 1095 2574 decreta
1110 2549 1227 2572 rursus
1244 2538 1418 2583 leguntur.
1467 2536 1667 2571 Palamitae
1685 2535 1734 2569 ad

263 2586 378 2622 lumen
407 2586 613 2621 {I'haborium
634 2591 803 2631 perpetuo
824 2590 1015 2620 recurrunt.
1062 2586 1116 2619 De
1143 2584 1262 2630 gloria
1288 2584 1408 2617 divina
1433 2583 1575 2628 impium
1601 2583 1733 2628 dogma

264 2633 360 2676 apud
382 2633 548 2677 synodum
574 2632 758 2677 explicant.
816 2631 1090 2666 Orthodoxorum
1119 2641 1207 2664 unus
1236 2630 1519 2676 indignabundus
1548 2630 1732 2663 exclamat.

264 2677 373 2712 Minis
389 2684 540 2713 terretur
566 2683 601 2714 et
627 2677 836 2713 obmutescit.
888 2678 1075 2712 Concilium
1089 2677 1291 2713 dimittitur.
1337 2677 1488 2721 Populus
1512 2676 1550 2710 in
1575 2674 1732 2709 Patami-

263 2728 322 2759 tas
344 2725 466 2760 saevit.
515 2725 724 2760 orthodoxis
744 2725 852 2768 favet
878 2728 913 2758 et
942 2725 1158 2769 gratulatur.
1204 2723 1274 2764 Hi,
1297 2734 1504 2768 quamquam
1529 2721 1733 2767 superiores,

264 2774 382 2803 tamen
414 2782 512 2805 suam
543 2772 749 2806 sententiam
776 2771 985 2806 adversariis
1012 2770 1205 2816 approbare
1232 2781 1301 2803 non
1332 2773 1533 2814 potuerunt.
1590 2767 1733 2803 Animus

261 2815 415 2863 principi
457 2828 597 2854 aversus
618 2822 652 2854 et
673 2818 789 2853 durus.
839 2817 987 2861 Quinam
1005 2828 1085 2853 vere
1106 2815 1272 2852 iniuriam
1291 2816 1482 2862 patiantur
1502 2811 1577 2860 (4).
1623 2813 1732 2848 Pala-
