1754 3164
185 139 318 187 1330

226 254 289 298 pta
310 252 390 294 283,
407 251 440 287 7.
461 253 531 286 tum
549 253 671 297 postea
687 251 791 288 etiam
817 254 939 298 (Tho-

225 298 328 344 mae)
370 298 486 334 comiti
511 299 757 345 Cephalleniae
785 301 879 344 233,
904 303 937 339 7.

224 347 306 388 283,
333 347 366 381 9.

143 399 146 405 ·
179 392 279 427 Anna
303 391 571 426 Protovestiarii
592 392 664 428 filia
687 393 771 436 545,
791 393 848 430 14.
876 407 936 430 co-

225 438 317 474 mitis
361 439 606 484 Cephalleniae
649 451 737 475 uxor
788 441 934 488 (altera)

225 486 335 521 virum
357 491 479 520 necat:
513 498 587 522 cum
612 487 765 533 puerulis
790 489 936 532 duobus,

225 533 422 568 Aetolorum
449 538 486 568 ct
510 535 724 569 Acarnanum
759 535 936 582 principa-

223 585 294 614 tum
331 579 464 614 obtinet
501 582 582 622 536,
614 583 671 616 20.
706 582 935 618 Andronicum

222 626 394 662 Iuniorem
428 627 471 662 ad
495 630 730 674 occupandum
757 630 935 676 principa-

223 678 293 708 tum
316 675 462 709 arcessit
481 676 562 716 539,
584 677 616 712 1.
641 676 738 710 dedit
765 689 802 710 se
822 677 934 723 impe-

222 722 333 755 ratori
361 720 443 762 545,
465 722 520 758 14.
555 723 827 758 Thessalonicae
853 725 934 758 sub-

222 768 318 803 sistit
335 768 415 811 546,
440 771 474 804 8.
506 770 671 804 rebellat:
705 771 863 817 capitur:
897 772 934 806 in

222 816 413 850 custodiam
433 816 535 851 datur
554 817 633 858 656,
651 818 709 853 23.

176 863 276 897 Anna
301 863 590 908 Longobanlica,
625 864 735 899 altera
754 876 842 900 uxor
861 865 933 899 An·-

221 909 356 944 dronici
373 910 516 945 iunioris
534 911 615 953 384,
638 916 668 948 1.
696 912 772 946 viro
789 912 934 947 absente

222 957 390 992 factiosos
410 957 445 992 in
469 958 555 992 urbe
577 958 768 1003 comprimit
793 960 876 1001 530,
899 962 932 995 1.

222 1009 302 1050 post
325 1005 394 1039 viri
422 1004 572 1047 obitum,
605 1005 709 1040 tertio
735 1006 848 1040 luctus
874 1005 932 1041 die

220 1051 256 1085 in
266 1052 438 1087 Palatium
456 1064 494 1086 se
514 1051 775 1097 recipit560‚8.
800 1055 881 1095 579,
894 1055 929 1089 2.

221 1098 498 1134 Cantacuzenum
518 1099 665 1144 supplex
682 1106 760 1134 orat
773 1102 855 1143 586,
871 1102 929 1136 23.

221 1146 438 1191 (Palamitis)
472 1147 641 1188 favendo,
678 1157 798 1191 pacem
818 1147 931 1182 eccle-

220 1195 294 1228 siae
315 1193 471 1233 turbavit
498 1195 580 1235 590,
607 1195 662 1229 17.
694 1193 929 1229 iusiurandum

218 1241 281 1275 dat
308 1241 557 1275 Cantacuzeno
589 1244 623 1275 et
649 1240 693 1274 ab
732 1252 772 1274 eo
801 1240 930 1286 accipit

218 1289 300 1330 595,
332 1287 387 1322 14.
421 1291 581 1332 aegrotat
606 1289 688 1327 599,
719 1290 775 1323 11.
808 1291 930 1322 Annae

219 1347 315 1370 mens
346 1346 475 1381 caeca3
508 1346 587 1379 spes
614 1333 734 1368 inanes
761 1336 843 1376 702,
874 1333 928 1372 14.

219 1384 320 1418 Anna
337 1381 476 1415 Gallum
499 1381 721 1426 Astrologum
737 1393 814 1416 cum
834 1382 930 1416 Gre-

220 1440 307 1475 gora
329 1428 511 1462 committit
537 1430 617 1471 722,
644 1430 703 1464 21.
728 1430 846 1463 Annae
874 1429 929 1463 in-

220 1475 414 1510 humanitas
432 1476 513 1518 739,
540 1477 595 1510 12.
620 1474 727 1509 officii
755 1475 929 1510 admonita

221 1522 469 1557 contumeliose
517 1522 727 1569 respondet:
781 1523 928 1568 pessime

217 1581 274 1604 res
306 1569 543 1603 administrat:
581 1569 691 1603 sacris
720 1569 928 1614 imaginibus

217 1628 286 1651 non
320 1616 435 1662 parcit
465 1615 546 1658 748,
572 1615 608 1651 4.
644 1615 771 1651 divites
800 1622 926 1650 vexat:

218 1675 261 1698 cx
280 1663 357 1709 ipso
380 1663 419 1698 S.
444 1663 599 1708 Sophiae
616 1663 743 1709 templo
763 1664 928 1708 abreptos

219 1710 255 1744 in
282 1710 414 1745 vincula
440 1710 580 1745 coniicit
605 1709 694 1753 748,
717 1712 752 1747 9.
775 1710 929 1756 patriar-

218 1758 326 1800 chae,
371 1769 489 1803 pacem
532 1757 716 1800 suadenti,
764 1757 930 1792 irascitur

217 1807 299 1846 760,
330 1805 388 1839 20.
431 1806 552 1839 Annae
581 1804 617 1838 in
649 1804 929 1839 Cantacuzenum

218 1857 256 1886 et
274 1852 399 1887 Irenen
419 1851 534 1886 odium
548 1864 590 1886 ex
601 1851 776 1898 zelotypia
786 1856 927 1894 natum;

217 1899 296 1932 fons
313 1899 475 1933 malorum
497 1898 643 1933 omnium
660 1900 742 1941 761,
760 1900 793 1934 6.
829 1899 926 1933 Anna

217 1946 344 1980 Persas
369 1946 515 1980 arcessit
547 1947 630 1987 763,
660 1947 716 1981 15.
750 1946 825 1980 eius
849 1944 925 1980 ani-

218 2004 293 2027 mus
320 1993 426 2027 durus
451 1998 486 2027 et
510 1992 649 2027 immitis
681 1990 762 2034 764,
781 1994 826 2029 5.
861 2003 924 2038 pa-

217 2039 404 2073 triarcham
425 2040 597 2085 dignitate
623 2039 774 2085 spoliare
802 2038 925 2073 statuit

217 2087 300 2130 767,
323 2088 377 2121 12.
409 2087 579 2121 Palamam
609 2098 749 2121 carcere
775 2085 926 2120 incluse-

218 2137 295 2167 rat:
330 2132 449 2168 eodem
488 2134 658 2168 adversus
689 2133 923 2179 patriarcham

218 2179 379 2214 adiutore
397 2180 506 2214 utitur
527 2183 608 2222 768,
629 2178 662 2215 4.
686 2191 760 2214 cum
778 2180 924 2214 Palami-

218 2226 266 2260 tis
291 2226 458 2261 adversus
487 2227 718 2272 patriarcham
748 2227 925 2272 conspirat

218 2274 301 2318 768,
323 2270 382 2308 24.
406 2273 576 2319 episcopis
593 2274 682 2308 diem
703 2273 827 2308 indicit
842 2275 924 2316 781,

219 2321 275 2356 19.
299 2320 468 2362 tabellas,
493 2332 556 2366 per
574 2332 659 2366 quas
678 2320 786 2354 officii
807 2321 925 2355 admo-

217 2369 341 2409 netur,
366 2378 388 2401 a
406 2367 603 2402 confessore
622 2366 755 2400 oblatas
773 2368 924 2413 rumpit3

217 2414 330 2459 ipsum
349 2413 447 2448 domo
467 2413 578 2458 exigit
599 2415 680 2455 782,
702 2414 756 2450 14.
779 2414 925 2449 infirmis

217 2460 351 2495 viribus
381 2461 482 2495 ferox
511 2465 547 2495 et.
571 2465 771 2503 contumax3
813 2461 923 2496 Gala-

216 2512 315 2542 taeos
343 2508 508 2544 adversus
535 2506 833 2550 Cantacuzenum,
857 2508 924 2542 iam

216 2554 335 2588 urbem
353 2555 566 2599 ingressum,
589 2554 759 2588 advocat:
784 2554 923 2600 aequis-

216 2600 320 2635 simas
339 2601 434 2645 pacis
453 2601 666 2636 conditiones
685 2606 845 2646 proterve
865 2614 924 2636 re-

216 2647 314 2693 spuit
333 2649 412 2690 775,
434 2650 469 2685 2.
502 2647 708 2693 legationem
739 2649 921 2694 superbam

215 2694 261 2728 ad
289 2694 567 2730 Cantacuzenum
589 2694 714 2729 mittit:
746 2694 784 2729 in
806 2701 923 2730 extre-

216 2751 306 2775 mum
348 2741 531 2777 discrimen
579 2741 751 2783 abducta,
803 2753 922 2786 pacem

216 2787 362 2822 oblatam
389 2788 448 2822 vix
470 2788 611 2823 tandem
628 2787 758 2833 accipit
783 2790 865 2830 779,
886 2791 934 2825 9..

216 2834 336 2870 Annae
361 2835 510 2872 avaritia
546 2837 627 2878 789,
660 2835 717 2871 13.
757 2834 923 2881 iniquitas

748 150 912 190 INDEX
943 151 1119 192 RERUM
1132 183 1148 206 ,¹

1031 257 1112 298 799,
1136 256 1190 292 17.
1216 267 1320 292 causa
1346 268 1410 291 cur
1427 253 1626 304 principatu
1646 259 1740 293 exci-

1031 303 1124 337 derit
1144 304 1224 346 887,
1244 307 1301 339 10.
1337 303 1426 340 Vide
1447 306 1527 346 788,
1545 306 1580 340 9.
1606 307 1686 347 878,
1704 307 1738 341 9.

981 350 1131 430 Annales
1150 350 1295 386 Turcici
1314 352 1418 394 1279,
1442 353 1478 388 5.
1511 351 1602 387 Vide
1622 353 1740 387 Leun-

1029 410 1045 430 (2
1061 409 1117 431 av.

982 444 1071 479 Anni
1091 442 1225 478 initium
1250 443 1346 479 aliud
1371 443 1466 490 apud
1487 444 1573 479 alios
1593 446 1740 491 populos

1028 492 1108 531 369,
1134 493 1168 527 6.
1203 491 1375 537 quodnam
1395 491 1503 526 fuerit
1519 493 1611 539 apud
1629 493 1736 527 Alex-

1031 537 1194 573 andrinos
1209 539 1291 580 369,
1315 540 1371 573 10.

981 585 1070 620 Anni
1089 584 1244 631 Philippi
1263 584 1406 619 Aridaei
1421 586 1502 627 366,
1520 589 1554 623 9.

981 633 1144 666 Annonae
1162 631 1264 677 copia
1280 631 1371 677 apud
1395 633 1586 678 Byzantios
1604 631 1686 676 433,
1703 635 1735 667 6.

980 679 1176 724 Anonymus
1210 681 1315 725 poeta
1350 679 1662 714 Graecobarbarus
1695 681 1738 714 de

1028 726 1125 760 bellis
1150 726 1397 760 transmarinis
1424 729 1527 768 1166,
1546 728 1606 763 27.
1635 728 1736 770 1181,

1029 775 1060 809 1.
1087 774 1189 815 1211,
1212 772 1246 807 4.
1272 772 1362 807 Vide
1379 772 1464 808 Cod.
1481 774 1570 820 Reg.
1588 774 1694 811 2569.

980 820 1184 854 Antalcidas
1201 822 1282 862 866,
1299 820 1355 855 21.

978 867 1173 912 Antigonus
1195 869 1274 909 116,
1293 868 1352 903 23.
1376 864 1458 909 497,
1479 867 1534 903 10.

978 914 1197 949 Antiochena
1215 913 1396 959 provincia
1417 915 1521 956 1012,
1539 915 1597 950 20.

978 961 1186 996 Antiocheni
1214 960 1433 1006 patriarchae
1457 961 1600 996 decreta
1620 964 1657 996 et
1676 961 1735 996 lit—

1024 1013 1122 1042 terae
1144 1013 1265 1042 contra
1290 1007 1463 1042 Palamam
1484 1009 1564 1049 893,
1586 1010 1641 1044 16.

976 1055 1162 1090 Antiochia
1189 1055 1234 1089 ad
1255 1054 1483 1089 Maeandrum
1516 1054 1598 1098 214,
1626 1053 1681 1091 14.
1714 1067 1736 1091 a

1024 1102 1155 1136 Turcis
1179 1103 1321 1136 obsessa
1343 1105 1398 1147 10,
1422 1104 1455 1138 5.

975 1149 1170 1195 Antipodes
1191 1150 1246 1189 12,
1272 1148 1325 1183 14.

976 1196 1203 1231 Antirrhetici
1225 1195 1304 1229 libri
1334 1195 1519 1241 Gregorae
1546 1196 1650 1238 1112,
1677 1196 1733 1232 10.

1026 1245 1128 1284 1131,
1149 1244 1203 1279 11.
1229 1241 1334 1284 1140,
1354 1244 1410 1278 18.

975 1289 1121 1324 Antoeci
1143 1292 1198 1331 12,
1222 1288 1275 1325 14.
1333 1314 1336 1318 -

974 1336 1146 1372 Antonius
1171 1334 1366 1381 (triumvir)
1403 1336 1485 1379 189,
1512 1336 1567 1372 19.
1599 1336 1682 1379 311,
1697 1336 1731 1372 5.

1023 1385 1103 1425 606,
1122 1386 1176 1418 10.
1204 1384 1305 1425 1022,
1327 1384 1384 1418 16.

975 1431 1020 1467 D.
1039 1430 1181 1466 Antonii
1197 1430 1324 1464 festum
1344 1427 1425 1471 460,
1445 1431 1501 1464 10.

974 1478 1013 1512 S.
1030 1477 1215 1519 Antonina‚
1238 1482 1368 1521 martyr
1379 1476 1541 1510 Nicaena
1554 1474 1654 1519 1242,
1672 1477 1731 1512 31.

975 1525 1013 1558 S.
1038 1523 1215 1559 Antonius.
1242 1523 1330 1557 Vide
1354 1524 1546 1567 Templum.

973 1568 1166 1607 Ἀνύεσθαι
1184 1570 1274 1615 apud
1303 1570 1498 1616 Gregoram
1516 1569 1599 1616 quid
1620 1569 1730 1615 signi-

1020 1619 1103 1654 ficet
1121 1618 1223 1659 1166,
1243 1621 1299 1653 10.

971 1662 1166 1711 Ἄφείδιος.
1190 1664 1280 1698 Vide
1302 1664 1460 1708 Aufidus.

974 1715 1177 1761 Apocaucus
1189 1711 1381 1757 (Alexim),
1402 1709 1621 1745 Domesticus
1630 1710 1729 1744 The-

1021 1765 1148 1796 matum
1197 1758 1462 1793 occidentalium
1517 1762 1553 1791 et
1610 1757 1729 1791 salinis

1022 1808 1243 1852 praefectus:
1277 1817 1351 1839 cum
1372 1804 1569 1839 Andronico
1596 1804 1729 1838 iuniore

1020 1854 1055 1890 in
1085 1854 1253 1888 seniorem
1271 1852 1448 1896 conspirat
1469 1852 1551 1893 301,
1572 1854 1628 1887 10.
1655 1851 1729 1885 eius

1020 1901 1219 1948 perniciosa
1248 1898 1411 1940 consilia;
1444 1897 1543 1932 dotes
1571 1897 1727 1939 eximiae,

1019 1959 1141 1994 genus,
1165 1947 1321 1987 fortuna,
1344 1946 1453 1980 malae
1484 1950 1579 1979 artes
1600 1945 1681 1987 577,
1692 1946 1728 1980 5.

1018 1996 1298 2030 Cantacuzenum
1331 1992 1492 2026 hortatur
1529 1991 1574 2026 ad
1605 2003 1727 2036 capes-

1017 2041 1126 2077 senda
1147 2039 1285 2086 imperii
1300 2038 1454 2084 insignia
1473 2039 1555 2082 578,
1575 2039 1611 2074 5.
1637 2050 1726 2072 eun-

1017 2091 1095 2124 dem
1123 2086 1351 2122 calumniatur
1387 2087 1467 2128 578,
1504 2088 1558 2121 18.
1586 2084 1663 2130 ipse
1691 2090 1727 2119 et

1017 2135 1215 2182 patriarcha
1251 2134 1371 2168 Annae
1406 2132 1636 2178 persuadent,
1686 2138 1727 2166 ut

1016 2193 1148 2218 omnem
1196 2180 1441 2214 Cantacuzeno
1483 2178 1725 2214 auctoritatem

1018 2230 1167 2274 abroget
1185 2226 1267 2269 584,
1294 2228 1328 2262 3.
1359 2226 1538 2272 Apocauci
1557 2225 1648 2259 vires
1670 2225 1724 2259 in-

1016 2276 1156 2318 firmae,
1195 2274 1346 2315 animus,
1390 2273 1530 2307 ambitio
1555 2271 1636 2313 584,
1667 2272 1723 2307 16.

1017 2323 1114 2358 miles
1151 2321 1273 2356 stricto
1307 2319 1424 2365 gladio
1454 2319 1488 2353 in
1518 2330 1594 2353 eum
1622 2319 1723 2353 irruit

1017 2371 1099 2412 586,
1125 2369 1159 2405 7.
1202 2370 1406 2413 Apocaucus
1444 2367 1723 2400 Cantacuzenum

1016 2417 1061 2451 de
1085 2428 1123 2450 se
1146 2414 1273 2460 optime
1300 2413 1456 2448 meritum
1485 2412 1633 2458 perdere
1664 2424 1722 2447 co-

1016 2469 1119 2498 natur
1142 2464 1224 2503 591,
1249 2463 1284 2497 9.
1315 2460 1352 2494 in
1383 2459 1560 2494 castellum
1587 2459 1722 2504 Epiba-

1017 2514 1132 2545 tarum
1150 2520 1188 2543 se
1206 2506 1331 2552 recipit
1350 2507 1432 2549 599,
1459 2508 1514 2544 12.
1547 2505 1722 2541 Cantacu-

1017 2569 1103 2592 zeno
1121 2554 1265 2589 insultat
1283 2553 1365 2595 600,
1381 2555 1437 2589 15.
1460 2552 1638 2599 Apocauci
1651 2564 1721 2587 mo-

1015 2603 1154 2638 litiones
1185 2601 1366 2642 detectae3
1399 2601 1503 2646 fuga3
1545 2599 1721 2634 consilium

1016 2651 1061 2685 de
1079 2647 1272 2684 invadendo
1291 2646 1434 2692 imperio
1455 2646 1536 2687 602,
1555 2647 1589 2682 6.
1627 2646 1722 2680 Can-

1015 2700 1184 2731 tacuzeuo
1223 2693 1360 2728 obviam
1393 2692 1509 2740 prodit
1544 2690 1631 2735 604,
1663 2695 1719 2728 10.

1015 2742 1094 2778 urbi
1118 2741 1318 2789 praeficitur
1338 2744 1374 2776 et
1393 2741 1471 2775 aliis
1490 2739 1719 2784 dignitatibus

1015 2794 1158 2824 ornatur
1174 2788 1256 2830 605,
1279 2789 1338 2824 21.
1373 2786 1557 2822 Octavium
1587 2785 1718 2820 Caesa-

1015 2847 1086 2873 rem
1112 2835 1269 2872 imitatur
1293 2836 1373 2878 606,
1398 2834 1432 2872 4.
1474 2833 1716 2869 Cantacuzeno
