1794 3172
271 541 882 604 ΝΙΚΗΦΟΡΟῩ
935 539 1125 600 ΤΟΥ
1177 536 1675 616 ΓΡΗΓΟΡΑ,

423 683 968 733 ΡῼΜΛΙΚΗΣ
1032 679 1524 730 ΙΣΤΟΡΙΑΣ

760 802 802 839 Λ
834 800 1065 840 orez
1120 799 1191 842 IZ.

232 944 929 1007 NICEPHORI
1035 899 1709 1003 GREGORAE

447 1082 981 1134 BYZANTINAE
1051 1078 1497 1130 HISTORIAE

541 1215 728 1256 LIBER
762 1213 1048 1255 DECIMUS
1081 1209 1406 1252 SEPTIMUS.

715 1429 1236 1470 ARGUMENTUM.

330 1504 384 1539 De
400 1502 486 1539 bello
507 1515 531 1538 a
548 1504 687 1539 Latinis
709 1505 895 1540 Galataeis
911 1505 1024 1539 illato.
1054 1504 1263 1548 Quibusnam
1281 1502 1414 1537 artibus
1430 1500 1458 1536 ii
1478 1499 1632 1546 opulenti
1647 1511 1714 1545 po-

237 1555 414 1596 tentesque
443 1553 625 1586 evaserint.
675 1553 829 1587 Classem
857 1565 880 1586 a
915 1553 1157 1586 Cantacuzeno
1181 1550 1333 1584 construi
1361 1560 1420 1583 eur
1447 1559 1555 1593 aegre
1573 1549 1715 1590 ferant.

241 1599 375 1632 Caedes
400 1599 442 1631 ab
467 1598 513 1631 iis
538 1604 776 1643 perpetratae.
832 1599 1000 1644 Byzantii
1018 1599 1120 1644 pacis
1140 1597 1277 1641 cupidi,
1302 1597 1470 1640 iidemque
1488 1595 1617 1638 infirmi
1625 1607 1636 1634 ‚·
1662 1595 1715 1628 in—

238 1645 349 1679 iurias
365 1645 544 1689 patienter
557 1647 693 1688 serunt.
741 1647 875 1680 Salutis
890 1646 1050 1690 publicae
1069 1645 1251 1690 praesidia
1272 1656 1294 1677 a
1308 1642 1523 1688 principibus
1540 1643 1717 1686 neglecta.

242 1692 368 1726 Latini
392 1691 521 1725 viribus
537 1693 792 1736 praevalentes.
841 1693 935 1727 Inita
958 1704 1032 1726 eum
1051 1691 1316 1736 imperatoribus
1328 1690 1481 1733 foedera
1501 1693 1622 1732 aperte
1639 1689 1716 1722 vio-

242 1739 339 1773 lant„
356 1738 588 1772 Piscatoriam
605 1739 723 1773 navim
734 1751 799 1784 per
819 1739 1040 1773 latrocinium
1061 1738 1213 1783 capiunt.
1249 1734 1608 1771 Homines-occidunt.
1632 1735 1716 1768 Bel-

242 1785 314 1819 lum
334 1785 423 1818 elam
440 1790 628 1829 apparant.
664 1786 803 1819 Navale
822 1786 991 1820 muniunt.
1039 1786 1168 1819 Portae
1188 1784 1356 1827 Byzantii
1377 1782 1595 1816 clauduntur.
1631 1782 1717 1815 Orto

243 1832 334 1865 inter
350 1831 497 1864 Latinos
514 1832 670 1874 dissidio,
694 1833 808 1877 legati
826 1833 869 1866 de
884 1844 972 1876 pace
991 1832 1039 1866 acl
1055 1831 1311 1875 imperatricem
1327 1831 1448 1863 Irenen
1465 1828 1618 1862 veniunt.
1645 1829 1717 1861 Eo-

243 1889 321 1911 rum
335 1878 518 1921 postulata
534 1878 655 1922 iniqua
676 1883 710 1912 et
722 1879 878 1922 superba.
899 1879 1013 1911 Irenes
1034 1888 1240 1920 responsum.
1274 1875 1440 1920 Byzantii
1462 1885 1575 1908 omnes
1594 1876 1718 1908 bellum

246 1924 433 1968 deposcunt
451 1923 558 1968 (Cap.
573 1924 623 1968 1).
665 1925 832 1958 Galataei
849 1924 1101 1968 praemeditati
1118 1923 1309 1966 Byzantios
1327 1923 1522 1966 imparatos
1550 1921 1718 1955 adoriun-

245 1974 315 2005 tur.
365 1969 470 2003 Oram
492 1971 704 2004 maritimam
723 1971 890 2004 incendiis
909 1974 1062 2004 vastant.
1109 1969 1251 2014 Aliquot
1273 1979 1399 2009 naves,
1426 1968 1474 2002 ad
1496 1968 1603 2011 fluvii
1627 1968 1719 2001 ostia

245 2019 351 2050 noctu
371 2016 540 2050 deductae
561 2029 583 2050 a
600 2017 806 2061 Byzantinis
821 2016 1027 2056 nauarchis,
1051 2016 1089 2050 in
1104 2020 1218 2050 tutum
1237 2016 1401 2050 evadunt.
1448 2014 1616 2059 Reliquae
1640 2013 1720 2059 igni

248 2063 462 2106 absumptae.
509 2064 667 2097 Alteram
694 2075 791 2096 oram
814 2063 920 2096 iidem
939 2062 1062 2096 Latini
1087 2063 1282 2096 incendunt.
1317 2061 1505 2096 Castellum
1525 2072 1621 2094 suum
1643 2072 1718 2094 am-

243 2109 408 2154 plificant
429 2113 464 2142 et
479 2110 645 2143 muniunt.
672 2110 882 2153 Byzantium
903 2113 936 2142 et
953 2120 1059 2142 naves
1078 2110 1215 2153 elapsas
1233 2112 1452 2155 oppugnant.
1476 2108 1717 2152 Repelluntur.

248 2155 510 2189 Frumentarias
529 2160 563 2189 et
582 2156 762 2190 onerarias
783 2155 1028 2200 intercipiunt.-
1050 2156 1142 2189 unde
1163 2167 1277 2189 rerum
1301 2156 1573 2189 necessariarum
1598 2153 1720 2198 inopia

250 2201 345 2246 apud
362 2201 565 2245 Byzantios.
612 2203 709 2236 Irene
724 2202 930 2246 imperatrix
951 2202 1106 2236 Manueli
1119 2203 1200 2246 filio
1222 2203 1345 2237 bellum
1355 2201 1450 2245 foris
1469 2201 1720 2235 administran-

250 2248 333 2282 dum
348 2249 542 2282 committit.
582 2248 651 2282 Hie
666 2249 860 2282 suburbana
875 2249 1024 2282 hostium
1043 2250 1206 2293 aedificia
1223 2249 1388 2283 incendit.
1431 2248 1565 2282 Milites
1582 2252 1616 2280 et
1632 2258 1721 2280 nun-

251 2294 298 2328 cii
316 2294 604 2329 a'Cantacuzeno
629 2295 723 2329 missi
743 2295 992 2340 Byzantiorum
1018 2296 1152 2329 animos
1172 2297 1378 2340 confirmant
1402 2294 1474 2339 (2).
1526 2294 1721 2327 Galataeo-

250 2351 327 2375 rum
349 2351 425 2385 spes
446 2341 621 2387 deceptae.
657 2342 759 2375 Nova
781 2342 932 2376 consilia.
973 2342 1140 2387 Byzantii
1161 2343 1254 2376 urbis
1273 2343 1397 2387 ingens
1418 2341 1589 2375 circuitus.
1622 2339 1720 2373 Mili-

251 2391 327 2422 tum
342 2387 517 2431 paucitas.
569 2388 703 2423 Civium
721 2389 836 2423 ardor.
887 2389 1053 2423 Galataei
1073 2389 1179 2434 copiis
1202 2388 1397 2423 domesticis
1415 2392 1449 2422 et
1466 2386 1607 2421 aliunde
1627 2386 1720 2419 aeci-

251 2433 300 2469 tis
318 2433 583 2471 instructissimi.
632 2435 822 2480 Byzantios
842 2436 955 2478 facile
980 2436 1161 2480 repellunt.
1209 2435 1410 2469 Machinam
1436 2434 1613 2479 ingentem
1635 2432 1722 2466 navi

252 2480 443 2525 imponunt.
490 2481 547 2515 Ea
563 2482 656 2516 urbis
675 2493 771 2515 muro
790 2483 944 2524 admota,
968 2483 1172 2516 acerrimam
1188 2493 1346 2527 pugnam
1364 2481 1592 2514 committunt.
1626 2479 1720 2513 Mul-

253 2526 302 2562 tis
319 2537 456 2562 suorum
474 2528 608 2562 amissis
627 2529 836 2562 consternati
859 2530 1034 2564 recedunt.
1081 2530 1275 2574 Antequam
1295 2529 1432 2562 domum
1449 2527 1606 2567 redeant,
1628 2536 1721 2559 mor-

254 2577 333 2608 tuos
350 2575 440 2608 elam
458 2575 649 2620 sepeliunt.
684 2575 776 2609 Pace
792 2586 857 2620 per
872 2576 1009 2621 legatos
1020 2575 1158 2621 petita,
1182 2586 1243 2609 nec
1260 2575 1450 2618 impetrata
1461 2598 1471 2615 ‚
1493 2584 1565 2607 sese
1582 2572 1631 2606 ad
1651 2572 1722 2605 bel-

256 2620 326 2654 lum
359 2621 554 2656 diuturnius
578 2626 712 2667 parant
736 2621 808 2667 (3).
858 2623 1120 2657 Cantacuzenus
1154 2620 1386 2667 (Orestiade)
1420 2630 1576 2654 reversus
1600 2619 1723 2653 bellum

255 2670 354 2702 terra
378 2672 414 2702 et
437 2668 528 2702 mari
554 2673 719 2714 apparat.
765 2669 950 2703 Advocata
975 2669 1152 2711 concione,
1178 2668 1369 2713 Byzantios
1393 2665 1634 2713 negligentiae
1660 2675 1721 2698 ar-

256 2714 358 2759 guit:
376 2715 560 2760 pecuniam
580 2716 618 2749 in
644 2716 785 2750 classem
809 2716 976 2749 contribui
997 2716 1102 2752 iubet.
1149 2715 1301 2749 Pecunia
1317 2713 1549 2759 promittitur.
1595 2711 1723 2757 Ingens

258 2761 408 2796 omnium
425 2762 542 2796 ardor.
572 2762 791 2798 Exactioncs.
842 2762 966 2796 Latini
985 2774 1065 2796 suas
1082 2773 1188 2796 naves
1204 2762 1404 2796 subducunt.
1437 2758 1581 2794 Auxilia
1602 2762 1636 2792 et
1651 2768 1722 2802 pa-

260 2806 308 2839 cis
325 2808 472 2843 arbitros
488 2813 675 2845 arcessunt.
721 2808 936 2842 Rhodiorum
953 2809 1066 2855 legati
1082 2809 1125 2843 de
1138 2819 1257 2853 pace:
1271 2807 1447 2853 legatione
1464 2806 1570 2840 irrita
1587 2805 1724 2839 domum

258 2854 415 2892 redeunt.
466 2855 719 2893 Galataeorum
738 2855 930 2902 pretiosam
952 2855 1216 2902 supellectilem,
1239 2853 1454 2902 quorundam
1475 2852 1582 2889 etiam
1603 2860 1726 2885 uxores
