1794 3172
255 125 281 175 1
292 124 387 175 156
788 129 1268 176 ANNOTATIONES.

251 239 391 280 laudat
421 238 684 288 Alemannus,
721 237 793 276 ubi
828 237 1022 278 scribitur
1053 238 1162 292 apud
1193 237 1403 278 Dardanos
1433 239 1691 295 Europaeos,
1723 240 1794 292 qui

250 305 346 351 post
368 297 698 350 Epidamniorum
715 302 865 336 terram
883 295 1092 346 habitant,
1124 296 1174 335 ad
1194 296 1444 336 Praesidium
1464 299 1576 350 quod
1593 298 1794 337 Bederia-

251 370 304 394 na
325 361 519 403 vocatur,
549 353 744 407 oppidum
765 368 851 394 esse
872 353 1110 393 Tauresium
1136 354 1308 404 nomine,
1338 355 1446 394 unde
1470 356 1713 394 lastinianus
1731 370 1793 394 or-

252 419 318 452 tus
341 419 414 462 est,
447 426 537 450 eum
556 412 694 450 locum
716 426 832 451 muro
864 426 911 451 ac
932 418 1106 464 quatuor
1127 413 1309 451 turribus
1337 413 1672 463 circumdedisse,
1703 413 1794 452 iux-

252 477 374 522 taque
400 469 540 508 urbem
576 470 862 509 nobilissimam
901 469 1153 520 condidisse,
1185 484 1303 522 quam
1333 471 1594 510 Iustinianam
1625 472 1794 525 primam

251 527 493 580 appellavit,
525 527 808 567 nutricationis
836 527 1014 567 officium
1046 528 1178 567 altrici
1210 528 1365 580 patriae
1394 529 1640 581 rependens:
1686 529 1794 568 unde

252 586 444 637 colligere
462 585 604 624 liceret
626 600 707 624 non
726 600 868 625 revera
888 585 1130 636 Bederinae,
1161 585 1232 624 sed
1249 586 1428 625 Tauresii
1447 593 1583 625 natum
1608 586 1794 626 Iustinia-

250 656 348 682 num
363 673 374 692 ‚
404 657 451 682 ac
471 643 715 682 Iustinianae
741 644 893 697 primae
911 658 1059 682 nomen
1081 644 1213 682 neutri
1239 643 1389 696 oppido
1403 673 1414 694 ,
1446 644 1516 683 sed
1534 645 1663 695 alteri,
1685 644 1794 695 quod

250 701 436 754 proxime
458 700 746 752 aedificaverit,
776 702 819 745 id
836 702 1158 740 nomenclaturae
1177 700 1362 751 inditum,
1384 708 1504 754 atque
1525 702 1626 740 adeo
1649 701 1794 740 Achri-

251 758 317 808 di,
350 758 415 796 cui
446 759 681 798 attribuitur
702 774 723 797 a
746 760 923 807 Gregora
954 765 993 798 et
1021 759 1120 800 aliis.
1179 759 1446 799 Leunclavius
1475 760 1516 798 in
1535 760 1794 798 Onomastico

251 816 426 855 Turcico
458 816 598 856 scribit
621 815 855 857 Giusmndil
876 832 896 855 a
920 818 1063 856 Turcis
1093 817 1292 869 appellari
1318 817 1561 856 Iustinianae
1585 817 1697 855 urbis
1724 831 1794 856 re-

251 874 431 924 gionem,
463 868 586 926 quae,
614 875 770 927 inquit,
801 875 949 928 priscis
982 875 1200 914 Iustiniana
1228 875 1357 928 prima
1391 875 1558 924 dicitur,
1590 874 1794 913 Iustiniani

251 932 424 983 Augusti
445 932 591 985 patria,
621 933 879 972 Macedoniae
900 933 1060 985 quidem
1081 933 1205 984 illam,
1236 933 1307 972 sed
1326 946 1468 973 versus
1485 932 1706 985 Illyricum,
1728 933 1794 972 vel

251 988 296 1027 in
312 990 401 1043 ipso
420 991 558 1042 potius
579 990 745 1043 Illyrico
769 991 898 1032 sitam.
957 1005 1133 1031 necno.

367 1062 471 1113 Pag-
503 1063 583 1110 28,
613 1061 651 1102 5-
715 1063 800 1102 Τοῦ
813 1057 1016 1115 Ἀγγέλου]
1047 1060 1254 1100 Michaelis
1273 1059 1404 1111 nothi,
1433 1059 1548 1103 cuius
1570 1074 1693 1114 supra
1715 1074 1794 1100 nie-

252 1117 369 1158 minit
386 1118 457 1156 lib.
478 1117 508 1158 I.
531 1131 619 1170 cap.
642 1117 712 1157 III.
769 1132 942 1158 DuchG.

367 1178 471 1228 Pag.
503 1179 582 1225 28,
614 1179 654 1217 7.
713 1174 882 1230 Λήμνια
922 1174 1049 1229 κακοὶ]
1101 1175 1253 1215 Zenob.
1294 1175 1527 1228 Diogenian.
1571 1176 1683 1219 Suid,
1719 1183 1793 1215 ete.

251 1247 427 1274 DUCANG.

265 1311 267 1313 ·
372 1295 468 1344 Pag.
498 1293 578 1340 28,
611 1293 651 1332 9.
707 1286 773 1331 Ἐν
794 1287 976 1345 τούτοις]
1009 1290 1196 1345 Acropol.
1231 1305 1270 1330 n.
1299 1291 1430 1331 XXV.
1461 1291 1604 1331 XXVI.
1632 1290 1793 1343 Pachy-

252 1363 352 1390 mer.
381 1349 454 1393 lib,
475 1348 506 1387 Ι.
537 1362 626 1402 cap.
654 1350 788 1390 XXX.
820 1348 1048 1388 Richardus
1077 1349 1126 1389 de
1153 1351 1192 1390 S.
1224 1350 1424 1388 Germano
1455 1363 1516 1389 an.
1549 1349 1793 1389 MCCXXX.

251 1421 427 1447 DUGANG.

367 1467 472 1518 Pag.
501 1466 582 1512 29,
615 1466 682 1506 13.
730 1462 813 1503 Καὶ
832 1461 907 1516 τὴν
932 1466 1013 1504 τῶν
1034 1466 1303 1517 Καρδιανῶν]
1353 1461 1544 1503 Cardiam
1576 1463 1700 1502 vertit
1727 1466 1793 1501 in-

253 1530 435 1576 terpres.
426 1539 434 1546 ·
465 1521 606 1561 melius
629 1519 848 1573 Car-diana,
877 1522 1037 1562 tametsi
1063 1520 1211 1562 Cardia
1225 1521 1322 1561 urbs
1345 1527 1533 1560 occurrat
1552 1520 1594 1560 in
1609 1520 1793 1561 Thracia.

252 1594 428 1622 nucsxc.

368 1641 474 1694 Pag
505 1639 683 1688 29,16-
745 1635 942 1691 Πρέσβεις
972 1637 1017 1680 ἐκ
1047 1633 1316 1693 Βουλγαρων]
1366 1637 1451 1676 lmo
1484 1651 1506 1675 a
1536 1636 1684 1675 Ioanne
1713 1636 1794 1676 Va-

254 1703 361 1737 tatze
385 1698 434 1736 ad
461 1698 727 1747 Bulgarorum
745 1709 878 1746 regem
899 1696 1069 1736 Asanem
1092 1695 1236 1735 missos
1265 1696 1417 1748 legatos
1441 1694 1581 1734 scribit
1601 1694 1794 1748 Acropo-

253 1756 327 1796 lita
348 1770 435 1809 cap.
458 1727 613 1795 XXXI.
672 1766 846 1794 DUCANG.
945 1760 950 1766 ‘

370 1827 471 1879 Pag.
497 1827 576 1874 30,
607 1827 646 1867 3.
706 1822 790 1864 Καὶ
812 1822 837 1865 ὁ’
854 1826 930 1865 τοῦ
955 1819 1158 1877 Τερνόβου
1176 1821 1413 1871 ἐπίσκοπος]
1447 1820 1678 1874 Acropolita
1703 1835 1791 1874 cap.

256 1883 450 1922 XXXIII.
482 1883 587 1921 Vide
609 1883 717 1921 Ioan.
735 1880 878 1920 Morin.
901 1882 971 1921 lib.
994 1882 1025 1922 I.
1047 1881 1221 1920 Exercit.
1233 1880 1400 1919 XXVII.
1424 1885 1462 1918 et
1483 1881 1656 1918 Leonem
1677 1880 1794 1918 Alla-

256 1940 359 1979 tium
380 1940 451 1980 lib.
479 1940 509 1981 I.
541 1940 591 1979 de
624 1939 840 1979 concordia
870 1940 1084 1991 utriusque
1113 1939 1223 1978 Eccl.
1257 1952 1344 1990 cap.
1375 1937 1502 1980 XXV.
1531 1952 1569 1977 n.
1593 1937 1642 1978 V.
1671 1952 1794 1990 prae-

257 2004 366 2036 terea
396 2003 503 2047 gesta
527 1997 747 2037 Innocentii
771 1997 839 2036 111.
865 1998 1014 2049 Papae,
1049 2011 1070 2034 a
1093 2010 1173 2048 quo
1202 1995 1489 2034 Trinovitanus
1522 1994 1794 2048 archiepisco.

257 2069 337 2108 pus
355 2055 505 2094 mimas
527 2056 652 2094 totius
674 2055 884 2107 Bulgariae
903 2062 939 2094 et
955 2053 1142 2094 Blachiae
1163 2055 1405 2093 constitutus
1429 2053 1486 2092 ibi
1506 2053 1652 2106 legitur
1669 2068 1710 2107 p.
1723 2056 1792 2096 36.

259 2113 366 2152 Edit.
390 2113 643 2154 Baluzianae.
701 2126 872 2152 DUGANG.

373 2183 479 2235 Pag.
512 2186 585 2233 31,
617 2186 658 2226 8.
704 2179 888 2236 Όμηρος
910 2180 1083 2235 ἔφησεν]
1114 2181 1160 2220 Il.
1177 2180 1290 2220 XIII.
1319 2182 1359 2223 6.
1418 2191 1571 2219 newis.

374 2252 583 2304 Pag.31‚
621 2254 688 2294 18.
750 2250 833 2291 Koa
867 2247 1173 2315 οἷγορανομιῶν]
1211 2249 1356 2288 Wolfio
1393 2245 1546 2302 ἆγοραν
1549 2248 1661 2300 ομίαι
1700 2251 1792 2285 sunt

261 2307 363 2362 leges
381 2309 576 2361 agrariae.
636 2308 782 2347 Videat
799 2309 928 2348 lector
948 2323 999 2348 an
1013 2309 1048 2348 is
1067 2321 1206 2347 sensus
1231 2321 1314 2347 esse
1333 2308 1462 2361 possit
1484 2306 1568 2345 eius
1585 2304 1790 2344 vocabuli.

260 2367 345 2419 Ego
364 2366 469 2406 verti
485 2362 704 2404 Aedilitias
725 2364 967 2422 functiones.
1024 2379 1175 2406 Βοινῐκ.

375 2436 481 2488 Ρα3
510 2438 587 2485 81,
621 2437 685 2478 19.
741 2431 848 2476 Ἀλλ’
864 2432 1006 2489 εἰρήνη
1030 2437 1142 2476 πᾶσα
1159 2432 1202 2476 τὰ
1221 2429 1300 2475 απὸ
1318 2429 1499 2480 τουτων]
1533 2431 1705 2470 Perinde
1728 2443 1791 2468 ac-

263 2492 390 2544 cipio,
420 2506 468 2531 ac
495 2492 529 2531 si
547 2498 662 2542 esset,
692 2489 847 2533 τούτων
874 2508 918 2547 γε
947 2493 1084 2534 ἕνεκαε
1116 2490 1223 2547 quod
1246 2490 1302 2529 acl
1334 2490 1431 2529 haec
1457 2488 1613 2544 quidem
1641 2489 1792 2526 attinet

262 2551 329 2589 Sic
350 2550 454 2589 enim
482 2549 602 2599 mab,
636 2563 768 2602 quam,
798 2549 874 2589 His
895 2548 943 2589 de
962 2552 1105 2591 causis.
1164 2562 1360 2590 w01Fms.

381 2611 476 2661 Ρα3.
506 2610 584 2656 32,
613 2609 652 2649 9-
717 2604 801 2657 Την
822 2622 867 2661 γε
888 2606 969 2660 μήν
992 2608 1265 2661 προσηγορίαν
1288 2604 1445 2653 αὐτῶν]
1476 2602 1712 2642 Reineccius
1742 2599 1794 2639 ad

263 2679 351 2717 cap.
380 2665 488 2705 XVI.
515 2664 699 2704 Haitonis
730 2664 840 2703 hunc
866 2666 1068 2717 Gregorae
1094 2665 1230 2703 locum
1258 2663 1420 2712 laudat,
1456 2661 1525 2700 ubi
1546 2661 1614 2700 ille
1637 2671 1793 2698 cousu-

260 2722 418 2762 lendus.
475 2736 648 2763 nucum.

381 2783 476 2834 Pssg-
507 2785 586 2833 32,
616 2784 684 2824 20
746 2775 931 2834 Ουρᾶνια
960 2778 1149 2835 δείματα]
1187 2777 1289 2864 Vide
1318 2783 1455 2818 notata
1484 2774 1533 2815 ad
1567 2773 1792 2814 Chronicon

263 2837 453 2878 paschale
478 2853 567 2893 pag.
591 2841 688 2884 310.
711 2839 756 2880 B.
816 2852 986 2881 necaro
