1794 3172
345 132 662 208 msTomAE
685 159 1061 208 BYzANTmAE
1082 159 1199 205 xm.
1221 163 1264 206 8.
1448 149 1552 201 725

60 273 254 330 πρωμένη
287 272 340 332 τῇ
378 272 649 331 πεπρωμένῃ,
687 274 755 316 καὶ
786 269 814 329 ἦ
851 269 1008 328 ἀνάγκη
1035 275 1090 329 τῇ
1124 267 1302 329 ἀνάγκῃ·
1336 268 1477 326 μάχης
1502 270 1550 313 δὲ
1572 282 1774 322 A,c‚1344

59 344 220 402 καρπὸς
252 343 402 401 φθορὰ
434 345 503 386 καὶ
534 341 651 393 λύσις
681 342 885 399 γενέσεως.
923 342 1135 399 ἔφθαρται
1173 340 1256 395 ἄρα
1288 340 1336 384 τὸ
1369 345 1444 396 τῆς
1475 335 1773 415 πε-Ῑωῗέἒὲῐέῑῑ·

60 414 279 470 πριαμένης
298 412 528 470 ἄτρεπτον,
566 415 634 455 καὶ
664 415 872 455 διοικεῖται
896 409 1033 454 πάντα
1063 410 1169 452 κατὰ
1191 411 1311 453 θείαν
1334 408 1547 467 πρόνοιαν,
1561 426 1594 461 E
1683 405 1694 413 ⁴

61 483 174 534 ὅπως
193 482 244 526 ἂν
262 481 450 533 ἑκάστοις
477 484 588 525 ἐστὶν
617 480 923 537 ἓνδεχόμενον.”
978 479 1070 540 (Ζ.)
1110 484 1257 523 Ταῦτα
1287 480 1340 536 δὴ
1373 482 1442 523 καὶ
1468 477 1548 523 ὅσα

31 551 332 609 5παραπλήσια
371 553 476 609 πρὸς
517 550 635 608 ἡμῶν
672 552 864 608 εἰρημένα
904 549 1148 605 ἒπεστόμισέ
1174 567 1216 593 τε
1247 550 1320 594 τὸν
1351 548 1550 606 Γαλάτην

61 626 129 666 καὶ
161 622 378 679 ἄφθογγον
410 622 514 677 ἔχων
544 622 620 677 τὴν
652 625 842 678 γλῶτταν
881 622 1031 670 ἐκεῖνος
1057 617 1176 677 ἀπῄει
1208 625 1282 664 τοῦ
1316 622 1546 679 συνεδρίου.

158 692 272 735 Ἀλλ’
300 692 376 735 οὐκ
393 691 579 748 Ἀτρεΐδῃ
594 691 865 748 Ἀγαμέμνονι
886 690 1036 746 ἥνδανε
1057 694 1198 748 θυμῷ.

62 760 120 812 ὥς
140 762 218 819 γὰρ
253 765 480 818 σπινθῆρες
498 759 689 816 καλάμην
722 761 944 818 διέδραμον
963 760 1039 816 τὴν
1060 764 1134 815 τῆς
1152 759 1372 813 βασιλίδος
1390 759 1547 815 ψυχὴν,

61 834 129 875 καὶ
160 830 283 875 κότον
310 831 449 887 ἴσχεν,
495 830 608 888 ὄφρα
637 831 807 889 τελέσσῃ
839 835 984 887 καιροῦ
1015 828 1256 885 προϊόντος,
1294 830 1329 871 εἴ
1359 830 1428 871 καὶ
1449 829 1551 880 τέως

5 908 49 944 10
63 903 327 957 ε’χεμυθοῦσα
342 900 532 958 χαροπὺν
567 900 635 943 διὰ
663 900 763 951 τοίς
790 898 1002 956 παρόντας
1038 901 1191 943 ἐδείκνυ
1223 897 1272 942 τὰ
1307 896 1588 954 πρόσωπον.Ῑ·“

60 970 146 1024 ὅ,τε
164 971 242 1030 γὰρ
258 971 362 1027 ἀνὴρ
384 972 536 1021 ’ἐκεῖνος
556 969 792 1027 πατριώτης
814 965 867 1027 ἦν
886 970 992 1028 αὐτῇ
1016 972 1083 1013 καὶ
1107 967 1392 1025 ὁμόγλωττος·
1427 966 1481 1011 τά
1502 969 1546 1012 τ’

60 1042 196 1099 ἐκείνῳ
227 1041 497 1098 πεφρασμένα
528 1039 635 1083 κατὰ
670 1045 769 1082 νοῦν
798 1038 979 1097 ’ἱπῆρχεν
1009 1041 1138 1097 ἐκείνῃ
1163 1040 1229 1081 καὶ
1254 1036 1420 1095 σφόδρα
1437 1038 1547 1081 καθ’

57 1109 235 1167 ἡδονὴν,
272 1112 341 1153 καὶ
373 1110 501 1165 ἀκοῆς
522 1110 900 1167 ἀντιφθεγγομένης
930 1109 1077 1165 ἥκιστα
1107 1107 1276 1152 πάντων
1294 1109 1421 1151 ἐδεῖτο
1445 1108 1551 1166 πρὸς

59 1186 206 1224 ταῦτα.
245 1179 357 1235 ὅμως
380 1179 495 1235 ἴσχεν
515 1178 626 1223 οὕτω
644 1185 780 1222 ταῦτα
794 1193 804 1204 ·
841 1181 908 1223 καὶ
930 1178 1073 1236 πρώτη
1096 1196 1159 1229 τις
1175 1174 1226 1234 ἦν
1250 1177 1357 1234 αὕτη
1379 1176 1549 1235 πρόφα-

3 1259 45 1294 15
60 1268 142 1303 σις,
171 1250 219 1293 τὸ
241 1255 317 1306 τῆς
336 1251 438 1306 ἐμῆς
460 1250 613 1305 ε’κείνης
647 1247 823 1305 ἡσυχίας
852 1250 1017 1305 συνεχὲς
1048 1247 1292 1303 διακόψασα
1323 1249 1391 1291 καὶ
1423 1246 1548 1304 μήνι-

58 1322 131 1370 δος
153 1318 460 1377 ἕγκατορύξασα
479 1320 698 1375 σπέρματα
717 1326 809 1370 ταῖς
827 1324 902 1375 τῆς
919 1321 1094 1376 καρδίας
1114 1318 1261 1370 αὕλαξι
1289 1322 1364 1374 τῆς
1382 1319 1549 1373 βασιλί-
1558 1313 1601 1348 P·
1610 1311 1681 1351 455

57 1392 131 1440 δος
152 1390 247 1432 κατ’
276 1391 403 1445 ἐμοῦ·
441 1390 611 1446 δευτέρα
641 1389 687 1432 δὲ
714 1391 782 1432 καὶ
814 1390 1055 1443 τελευταία,
1092 1388 1144 1445 ἢν
1167 1385 1380 1446 προιόντες
1396 1389 1440 1431 ἓν
1462 1395 1549 1439 τοῖς

57 1457 290 1515 καθήκουσι
321 1457 462 1510 τόποις
496 1461 670 1517 ἐροῦμεν
678 1492 692 1513 ,
737 1458 791 1502 τὰ
817 1459 974 1514 μεταξὺ
1009 1456 1300 1516 διηγησάμενοι
1328 1456 1544 1516 πρότερον.

57 1529 158 1588 (H.)
188 1528 312 1573 Ἀλλὰ
346 1533 481 1572 ταῦτα
512 1530 588 1584 μὲν
628 1530 669 1579 ἒς
704 1526 800 1572 τόδε
827 1529 1030 1584 λεχθέντα
1063 1529 1203 1585 ἀρκεῖν
1240 1528 1381 1583 οἴομαι
1430 1530 1547 1571 δυοῖν

0 1606 44 1641 20
58 1599 173 1642 ἕνεκα
190 1613 200 1623 ·
239 1597 329 1649 ἑνὸς
347 1599 446 1654 μὲν,
486 1598 549 1642 ὅτι
569 1597 676 1655 πρὸς
704 1598 1027 1656 ἀναγκαιοτέρας
1055 1596 1234 1655 τήμερον
1253 1595 1364 1654 ἡμᾶς
1382 1595 1547 1640 ὖπυθέ-

55 1685 139 1718 σεις
157 1666 178 1711 ὅ
205 1666 327 1725 λόγος
349 1668 564 1721 ἀνθέλκει,
602 1667 705 1725 πρὸς
727 1666 778 1718 ἃς
797 1669 866 1710 καὶ
893 1665 915 1711 ὅ
938 1673 1013 1711 τοῦ
1032 1666 1157 1723 λόγου
1180 1665 1364 1723 μάλιστα
1382 1669 1546 1723 καὶτῆς

54 1740 98 1789 ἐξ
116 1738 247 1795 ἀρχῆς
266 1738 506 1795 προθέσεως
525 1738 639 1781 τείνει
660 1734 828 1788 σκοπός·
847 1738 1042 1796 δευτέρου
1065 1737 1119 1791 δ’,
1142 1735 1205 1780 ὅτι
1224 1736 1358 1781 πολλὰ
1378 1740 1545 1781 πολλῶν

54 1805 277 1866 εἰρηκότων
293 1808 362 1850 καὶ
386 1807 702 1865 ἀγωνισαμένων
720 1804 825 1866 ὑπὲρ
844 1811 920 1864 τῆς
939 1805 1182 1858 ὑποθέσεως
1188 1840 1203 1860 ,
1243 1804 1301 1858 ὥς
1328 1807 1425 1863 ἐνῆν
1436 1839 1451 1861 ,
1491 1805 1581 1851 οὖΒ

54 1941 103 1976 cit
122 1940 301 1983 latronem,
317 1943 441 1983 restat,
458 1943 499 1975 nt
515 1941 587 1976 fato
604 1941 712 1977 fatum
732 1944 876 1990 pugnet,
893 1944 929 1978 et
947 1939 1137 1978 necessitas
1156 1939 1381 1976 necessitafi=
1404 1950 1543 1986 pugnae

52 1994 167 2023 autem
193 1988 285 2022 illius
303 1989 437 2023 fructus
459 1987 582 2023 existit
603 1990 776 2035 pernicies
796 1994 902 2036 atque
925 1989 1090 2023 interitus
1114 1993 1268 2023 naturae.
1314 1987 1399 2023 Ruit
1423 1987 1544 2033 itaque

52 2035 118 2070 fati
137 2035 394 2069 immutabilitas
405 2060 415 2076 ,
439 2040 475 2069 et
493 2035 604 2070 omnia
623 2047 644 2070 a
663 2036 783 2072 divina
798 2036 1017 2083 providentia
1033 2035 1328 2076 administrantur,
1345 2040 1449 2080 prout
1465 2033 1542 2068 cui-

52 2093 121 2128 que
139 2082 227 2116 solet
244 2081 480 2126 contingere.’'
504 2082 623 2127 (vn.)
646 2083 746 2119 Haec
763 2088 800 2119 et
819 2083 903 2118 talia
919 2094 941 2118 a
964 2082 1065 2117 nobis
1089 2081 1268 2128 disputata
1286 2080 1415 2117 homini
1435 2080 1543 2117 Gallo

52 2140 93 2164 os
115 2129 339 2173 obstruxere,
372 2134 478 2174 atque
499 2128 560 2163 ille
582 2130 825 2165 obmutescens
847 2129 1000 2164 excessit
1022 2142 1043 2164 e
1067 2129 1224 2164 concilio.

335 2176 379 2210 At
396 2186 465 2209 non
488 2184 600 2221 aequo
623 2177 734 2211 animo
758 2177 839 2212 tulit
855 2177 999 2212 Atrides
1015 2179 1261 2221 Agamemnon.

52 2221 233 2263 Quaedam
258 2220 347 2256 enim
366 2222 475 2257 veluti
497 2222 667 2258 scintillae
685 2223 829 2258 animum
852 2223 1081 2270 imperatricis
1101 2228 1263 2268 tanquam
1282 2219 1443 2267 stipulam
1459 2231 1542 2267 per-

51 2279 199 2310 vasere3
223 2279 452 2314 arcanamque
471 2268 557 2304 iram
585 2271 759 2313 servavit,
786 2271 896 2305 donec
916 2269 1052 2305 scilicet
1073 2275 1229 2316 tempore
1247 2268 1459 2315 procedente
1478 2279 1541 2302 ex-

50 2314 185 2360 pleret,
208 2315 367 2361 quamvis
389 2315 527 2360 linguae
547 2320 630 2351 tunc
646 2317 911 2362 temperaverit,
934 2316 1137 2362 vultumque
1158 2316 1321 2357 hilarem,
1342 2326 1460 2350 eorum
1479 2313 1541 2360 qui

51 2361 199 2396 aderant
223 2361 357 2406 gratia,
380 2361 543 2397 induerit.
588 2363 680 2398 Nam
699 2363 754 2398 vir
776 2364 835 2399 ille
858 2369 894 2399 et
916 2363 1093 2411 popularis
1113 2368 1192 2398 erat
1207 2363 1340 2409 ipsius,
1362 2367 1399 2396 et
1418 2361 1539 2395 eodem

51 2419 120 2453 quo
146 2407 207 2442 illa
229 2420 385 2443 sermone
410 2409 593 2451 utebatur3
620 2415 655 2444 et
676 2422 730 2452 ea,
752 2422 841 2457 quae
859 2410 919 2445 ille
941 2410 1100 2452 dixerat,
1123 2410 1185 2444 ist-i
1208 2408 1422 2455 optatissima
1439 2413 1540 2442 erant

51 2460 89 2488 et
110 2454 212 2489 valde
236 2455 428 2500 placentia3
454 2467 495 2490 ac
515 2455 651 2496 minime
675 2457 763 2491 haec
789 2469 850 2492 eas
868 2468 970 2492 aures
986 2456 1271 2498 desideraverat,
1295 2467 1387 2500 quae
1405 2454 1460 2488 his
1480 2465 1539 2488 re-

50 2501 282 2546 fragarentur.
322 2502 428 2548 Atqui
444 2503 530 2537 haec
549 2502 600 2537 ita
618 2515 656 2537 se
677 2504 886 2546 habuerunt,
910 2515 952 2538 ac
966 2503 1078 2550 prima
1094 2504 1181 2538 haec
1196 2503 1264 2537 suit
1279 2501 1429 2542 occasio,
1448 2511 1538 2546 quae

50 2558 146 2582 meae
166 2547 259 2581 illins
281 2548 543 2594 tranquillitatis
570 2561 707 2584 cursum
727 2550 976 2596 interruperit,
1000 2555 1106 2596 atque
1120 2550 1248 2585 irarum
1271 2549 1308 2582 in
1333 2559 1387 2582 rue
1407 2547 1537 2581 semina

50 2594 167 2627 auimo·
187 2594 416 2639 imperatricis
442 2595 544 2630 altius
569 2596 730 2631 infixerit.
777 2597 931 2632 Alteram
956 2608 998 2632 ac
1023 2598 1228 2643 postremam
1256 2606 1318 2629 suo
1342 2594 1418 2628 loco
1446 2593 1538 2628 infra

48 2639 293 2683 subiiciemus,
325 2642 385 2676 ubi
413 2653 475 2684 ea,
497 2654 585 2688 quae
609 2643 812 2678 intermedio
837 2650 993 2689 tempore
1019 2643 1240 2684 acciderunt,
1268 2640 1536 2675 narraverimus.

49 2686 186 2731 (VIII.)
210 2687 308 2722 Haec
323 2699 419 2730 vero,
440 2700 529 2735 quae
548 2690 713 2724 hactenus
732 2689 826 2724 dicta
842 2696 937 2732 sunt,
960 2690 1124 2725 sufficere
1142 2694 1224 2736 puto
1243 2687 1374 2733 duplici
1391 2687 1435 2721 de
1453 2698 1538 2720 cau—

49 2743 112 2767 sa:
136 2733 281 2778 primum
298 2735 380 2780 quia
398 2746 460 2769 nos
476 2735 589 2770 oratio
606 2741 725 2771 nostra
742 2736 846 2771 hodie
862 2737 1013 2772 retrahit
1032 2736 1076 2771 ad
1097 2740 1332 2782 argumentum
1346 2733 1455 2778 magis
1474 2744 1537 2767 ne-

49 2780 260 2821 cessarium,
288 2781 334 2815 ad
351 2782 442 2827 quod
467 2782 614 2816 maxime
637 2788 674 2817 et
697 2783 852 2818 narratio
869 2783 948 2830 ipsa
967 2789 1005 2818 et
1023 2783 1167 2818 intentio
1187 2783 1297 2828 prima
1315 2780 1432 2825 operis
1450 2779 1536 2814 diri-

0 2847 5 2868 3
46 2825 143 2870 gitur
160 2830 323 2872 tanquam
341 2828 385 2862 ad
408 2839 567 2874 scopumz
590 2829 718 2864 deinde
737 2829 832 2875 quia,
854 2842 956 2876 quum
974 2830 1072 2865 multi
1089 2829 1195 2864 multa
1215 2827 1379 2868 dixerint,
1404 2831 1440 2860 et
1457 2837 1534 2861 cer-

46 2871 146 2908 tatim
164 2872 209 2909 de
227 2873 350 2910 iisdem
371 2873 442 2910 iuis
460 2875 566 2911 rebus
587 2882 752 2922 quantum
776 2875 814 2912 in
831 2887 872 2912 se
893 2881 972 2913 erat
992 2876 1149 2923 egerint,
1171 2887 1240 2911 non
1259 2879 1344 2921 puto
1362 2884 1423 2909 eas
1441 2872 1538 2923 ipsas
