1794 3172
193 173 422 221 NICEPH.
449 172 628 220 GREG.
657 172 808 220 HIST.
830 173 1079 222 BYZANT.
1105 173 1265 220 XXIII.
1298 182 1341 225 1.
1399 170 1529 219 1081

50 282 124 330 κόν
138 301 183 329 τε
205 285 274 328 καὶ
293 283 549 342 θεωρητικὸν
577 283 769 337 ἐδέξαντο
780 316 796 338 ,
834 282 934 328 ὅσον
955 282 1002 327 δ’
1025 285 1083 336 εἷς
1101 285 1305 341 δαίμονας
1323 285 1436 346 φέρει
1459 288 1575 332 καὶΔ.
1592 295 1638 331 Μ.
1659 296 1750 334 6859

51 355 256 405 ἀπωλείας
271 354 411 409 βυθὸν
430 353 651 398 διὲπτυσαν
661 387 676 408 ,
711 353 756 397 ἔκ
771 357 847 397 τοῦ
862 354 1048 410 χείρονος
1065 354 1110 398 τὸ
1132 361 1316 412 κρεῖττον
1336 374 1530 413 καταμα-
1537 342 1740 427 A.I(¹{(.L1351

51 422 216 477 θόντες,
251 424 319 466 καὶ
340 423 416 480 τὴν
434 416 595 468 ἐκείνων
614 422 834 466 ἀσθένειαν
851 423 968 478 ἰσχὺν
988 427 1064 467 τοῦ
1085 423 1282 479 εὐσεβοῦς
1300 424 1525 483 ποιησάμε-
1535 436 1751 478 1mp.lo.Can-

51 511 116 538 νοι
136 490 278 550 λόγου)
306 492 560 550 ἀνέδραστον
584 486 706 543 οὗτος
724 492 813 548 ,ξ’σχε
833 491 977 536 λοιπὸν
998 492 1074 549 τὴν
1091 491 1218 548 βάσιν
1235 499 1311 551 τῆς
1327 494 1527 554 γλώττης,
1566 486 1671 515 ‘³⁰⁰²‘
1688 483 1712 519 ⁵

24 565 123 606 5καὶ
146 562 314 619 ἀπαγεῖς
333 561 411 612 τὰς
430 565 506 605 τοῦ
525 559 650 618 λόγου
670 563 886 619 κρηπῖδας,
919 563 963 605 ἒν
980 561 1081 622 ὠμῷ
1103 567 1162 622 τῷ
1182 560 1291 623 τόκῳ
1310 562 1439 623 φάναι
1455 566 1531 618 τὰς
1553 573 1593 608 Ρ.
1611 574 1680 611 679

51 637 128 688 τῆς
150 630 330 689 γαστρὸς
354 628 566 682 ἀναλύσας
585 630 735 682 ὠδῖνας
743 664 758 685 ,
790 632 858 674 καὶ
878 630 924 675 τό
943 629 1083 687 κύημα
1102 636 1187 676 τῶν
1207 632 1384 691 πρῶτων
1403 637 1532 692 ἔξαμ-

23 738 25 740 .
50 699 223 758 βλώσας
243 705 319 744 τοῦ
340 698 464 758 λόγου
486 702 708 756 στοιχείων.
758 700 822 744 διὸ
843 701 910 743 καὶ
930 705 1039 744 νοῶν
1062 700 1111 744 οὗ
1136 708 1241 756 νοεΐ,
1279 705 1347 746 καὶ
1364 705 1531 759 βλέπων

52 771 102 815 οὐ
120 771 274 826 βλέπει,
293 771 361 814 καὶ
380 770 457 826 τὴν
475 770 702 827 ε’γκειμένην
720 777 812 820 ταῖς
829 770 958 821 λέξεσι
978 767 1231 826 βουλόμενος
1246 772 1342 826 με’ν,
1382 773 1431 817 οὗ
1453 777 1531 818 δυ-

51 838 226 896 νάμενος
253 840 320 894 δὲ,
356 837 652 897 συναρμόττειν
681 837 866 883 διάνοιαν
902 841 1026 883 ε’κεῖνο
1057 844 1204 898 σαφῶς
1231 840 1447 887 ἐπεπόνθει
1478 844 1528 888 τὸ

0 914 42 951 10
52 914 127 954 τοῦ
151 907 328 967 Ἰκάρου.
375 908 429 953 τά
450 926 493 952 τε
515 908 593 967 γὰρ
615 908 722 952 ἄλλα
751 906 1106 965 διαπορθμεύουσι
1126 917 1218 960 ταῖς
1237 908 1356 966 ἡμῶν
1381 912 1528 964 ἀκοαῖς

51 979 125 1023 τὸν
146 979 307 1036 μακρὸν
327 976 603 1034 δολιχεύοντες
617 976 769 1036 χρόνον
788 979 829 1022 οἶ
843 983 999 1033 μῦθοι,
1031 981 1099 1022 καὶ
1118 978 1170 1035 δὴ
1191 980 1259 1022 καὶ
1275 978 1437 1039 Ἰκάρου
1460 990 1564 1025 ἰι-Β

50 1049 123 1099 νός
143 1046 424 1104 ὑπομνήματα
452 1047 596 1104 ἔχομεν
619 1049 663 1099 ἐξ
695 1047 856 1092 αὐτῶν·
905 1045 962 1098 ὥς
987 1046 1276 1104 ἐπιθυμήσειεν
1300 1047 1322 1093 ὅ
1349 1048 1529 1105 μάταιος

50 1122 236 1176 πτερῶν,
250 1154 260 1163 ,
273 1119 357 1161 ἐπεὶ
373 1117 433 1174 μὴ
453 1115 646 1173 ἐβούλετο
666 1115 770 1174 μήτε
789 1114 866 1174 γῆν
891 1117 1040 1168 ἐκεῖνος
1061 1117 1117 1161 ἔτι
1138 1125 1281 1162 πατεῖν
1296 1132 1307 1143 ·
1343 1117 1366 1163 ὅ
1395 1121 1441 1163 δὲ
1458 1123 1528 1164 καὶ

52 1185 215 1246 φύσεως
245 1185 444 1246 ὖπερόρια
484 1187 554 1231 διὰ
580 1185 772 1245 θράσους
800 1188 1032 1238 πλεονεξίαν
1062 1186 1144 1244 ἤδη
1173 1185 1339 1242 ἐπόθει,
1383 1192 1452 1232 καὶ
1475 1185 1528 1246 ἦν

0 1260 42 1299 15
54 1261 188 1301 ταῦτα
211 1254 359 1314 ἐφόδια
378 1256 525 1314 τάνδρὶ
551 1256 739 1315 σφαλερὰ
769 1258 836 1300 καὶ
867 1254 1056 1314 πρόσωῆ
1082 1256 1187 1301 ὥστε
1209 1262 1528 1315 σωφρονοῦντος

51 1325 150 1371 εἶναι
169 1328 314 1370 δοκεῖν.
345 1330 420 1382 τῆς
446 1324 591 1382 ὅμοίας
613 1325 713 1370 εἶναι
732 1327 1008 1380 κακοβουλίας
1032 1328 1142 1371 δοκῶ
1162 1344 1257 1382 μοι,
1292 1329 1359 1370 καὶ
1381 1326 1481 1386 ὅπερ
1502 1326 1526 1372 ὅ

48 1397 322 1453 βαρυδαίμων
339 1395 564 1453 ἅνθρωπος
581 1390 703 1446 οὗτος
722 1393 938 1439 ἐπεπόνθει
957 1395 1012 1438 τὰ
1035 1400 1122 1440 νῦν.
1167 1397 1318 1452 λέληθε
1339 1397 1418 1454 γὰρ
1439 1404 1527 1447 τοῖς

48 1464 154 1524 ὑπὲρ
182 1463 356 1521 δύναμιν
384 1467 453 1508 καὶ
482 1465 607 1516 αὐτὸς
635 1463 783 1509 ἑαυτὸν
809 1462 1040 1522 ἐξαρτήσας
1083 1465 1201 1524 (λέγω
1235 1465 1288 1521 δὴ
1317 1473 1408 1516 ταῖς
1437 1470 1563 1510 τῶνΟ

49 1539 222 1593 γραφῶν
254 1536 478 1589 διανοίαις,
516 1539 600 1578 τῶν
625 1552 669 1578 τε
699 1532 907 1590 ’ἡμετέρων
938 1538 1082 1591 σοφῶν
1106 1535 1175 1578 καὶ
1200 1538 1284 1577 τῶν
1309 1532 1524 1593 θύραθεν)

0 1604 248 1658 Ξοκῖίπειτα,
286 1603 356 1647 διὰ
389 1605 592 1656 ξενίζοντα
616 1601 764 1661 κρότον
788 1602 971 1657 ἀμαθῶν
990 1603 1148 1657 ἀκοῶν,
1186 1603 1296 1653 ἐνίας
1324 1608 1407 1647 τῶν
1431 1601 1527 1647 Ἑλ·-

50 1675 229 1730 ληνίδων
248 1670 537 1731 ἓρανισάμενος
554 1672 697 1723 λέξεων
713 1705 727 1726 ,
767 1670 832 1722 αἷς
859 1673 949 1729 περὶ
974 1662 1026 1715 τὰ
1047 1673 1225 1730 σφέτερα
1254 1671 1392 1716 αὐτῶν
1421 1673 1525 1716 ε’κεΐ-
1564 1705 1572 1711 .

50 1761 115 1788 νοι
140 1742 357 1801 κέχρηνται
379 1739 592 1799 δόγματα,
623 1743 692 1785 καὶ
714 1748 800 1793 τοῖς
818 1743 948 1794 θείοις
970 1741 1150 1793 ἀναιδῶς
1172 1740 1430 1800 παραμιγνὺς
1456 1742 1528 1786 καὶ

51 1900 144 1947 quod
160 1902 271 1936 antem
291 1897 552 1935 addaemonum
571 1898 696 1935 cultum
713 1902 751 1935 et
769 1897 973 1946 perditionis
993 1897 1163 1944 gurgitem
1185 1896 1355 1940 ducebat,
1379 1908 1526 1942 respue-

51 1953 143 1982 runt.
189 1948 281 1982 Hinc
306 1958 349 1981 ex
372 1947 483 1992 peiori
503 1946 646 1981 meliora
671 1951 932 1993 per-noscentes,
956 1946 1033 1992 ipsa
1053 1946 1270 1991 profanorum
1292 1944 1528 1979 imbecillitate

51 1994 143 2039 piam
162 1997 198 2028 et
220 1993 422 2028 catholicam
441 1993 631 2028 doctrinam
659 1994 938 2028 corroborarunt.
993 1993 1079 2026 Cum
1107 2003 1192 2038 ergo
1213 1991 1454 2038 profanarum,
1484 1995 1527 2025 ut

51 2042 120 2075 iam
140 2040 316 2082 dicebam,
341 2040 561 2076 scientiarum
580 2039 678 2074 rudis
699 2041 748 2074 sit
773 2039 948 2081 Palamas,
970 2038 1133 2073 instabile
1155 2039 1199 2072 de
1229 2042 1368 2072 caetero
1385 2036 1527 2082 linguae

50 2087 284 2122 fulcimentum
314 2086 455 2127 habuit,
491 2091 527 2120 et
551 2085 690 2121 ruinosa
715 2086 869 2132 maleque
900 2089 1078 2131 compacta
1101 2083 1265 2119 sermonis
1291 2083 1524 2125 fundamenta.

52 2134 141 2168 Tum
166 2132 265 2178 quasi
283 2138 386 2178 partu
402 2132 581 2167 immaturo
605 2133 738 2167 ventris
755 2144 842 2166 onus
860 2131 1083 2178 parturiendo
1104 2131 1320 2171 exsolvisset,
1346 2129 1525 2165 abortivus

51 2181 238 2226 primorum
263 2178 428 2214 sermonis
458 2179 698 2213 elementorum
726 2179 840 2214 foetus
868 2180 913 2214 ab
938 2179 1014 2225 ipso
1041 2177 1155 2212 editus
1178 2181 1243 2212 est.
1300 2176 1524 2222 Quapropter

49 2225 273 2272 intelligendo
299 2237 364 2260 non
387 2225 569 2270 intelligit,
592 2224 742 2260 videndo
763 2237 828 2260 non
850 2226 965 2260 videt:
996 2236 1142 2271 cumque
1161 2234 1295 2259 sensum
1315 2222 1524 2257 dictionibus

50 2284 236 2318 congruum
261 2272 514 2307 accommodare
530 2271 654 2314 vellet,
678 2272 741 2307 sed
766 2283 832 2306 non
852 2275 992 2318 posset,
1023 2271 1113 2306 idem
1136 2270 1188 2305 illi
1204 2269 1295 2316 quod
1312 2269 1391 2304 olim
1408 2268 1524 2311 Icaro,

49 2326 93 2355 ut*
107 2323 222 2365 patet,
247 2319 386 2355 accidit.
443 2320 534 2354 Nam
562 2318 655 2352 inter
678 2317 787 2360 alias,
815 2318 940 2363 quibus
960 2317 1160 2364 iampridem
1178 2328 1279 2352 aures
1299 2320 1438 2350 nostrae
1462 2313 1523 2348 diu

51 2371 312 2413 personuerunt,
330 2365 479 2409 fabulas,
503 2365 592 2399 hanc
612 2375 748 2410 quoque
764 2364 807 2399 de
824 2364 922 2400 Icaro
943 2364 1133 2400 litterarum
1152 2362 1366 2398 monimentis
1382 2359 1524 2395 manda-

51 2418 120 2447 tam
147 2424 224 2447 esse
246 2411 410 2447 novimus.
456 2412 492 2447 Is
515 2411 673 2446 nimirum
698 2422 807 2445 vanus
827 2411 956 2454 Ιιοιιιο,Ι
971 2422 1045 2446 cum
1069 2415 1195 2446 terram
1220 2409 1354 2444 calcare
1378 2405 1524 2452 amplius

51 2459 176 2501 nollet,
210 2459 282 2493 alas
313 2458 506 2505 expetivit,
543 2463 580 2493 et
602 2457 646 2492 ob
677 2457 812 2491 nimiam
842 2457 1071 2493 temeritatem
1098 2456 1332 2503 praescriptos
1355 2464 1374 2486 a
1399 2457 1525 2487 natura

51 2505 176 2540 limites
198 2504 371 2540 transilire
394 2505 566 2551 cupiebat.
615 2503 686 2538 Sed
710 2503 813 2538 valde
838 2504 1064 2551 perniciosum
1088 2502 1217 2538 homini
1239 2501 1307 2536 fuit
1332 2496 1525 2533 huiusmodi

50 2550 290 2587 adminiculum
300 2563 326 2598 3f
346 2552 476 2598 quippe
496 2551 590 2597 quod
606 2550 739 2585 Icarum
766 2550 857 2585 ultra
885 2551 995 2586 ferret
1012 2562 1115 2596 quam
1132 2546 1337 2596 prudentiae
1353 2544 1443 2579 ratio
1461 2554 1526 2598 po:-

52 2598 183 2633 stulare
209 2597 404 2633 videbatur.
452 2600 572 2643 Aeque
598 2596 806 2642 imprudenti
832 2608 874 2632 ac
891 2597 978 2632 malo
998 2596 1139 2632 consilio
1160 2595 1218 2630 hic
1238 2604 1320 2628 usus
1341 2602 1418 2645 esse
1439 2590 1524 2624 mibi

50 2645 191 2680 videtur
215 2643 334 2679 infelix
354 2644 413 2680 ille
430 2644 600 2679 Palamas.
647 2643 727 2678 Nec
744 2643 834 2678 enim
860 2655 899 2679 se
919 2642 1161 2679 animadvertit
1181 2640 1225 2674 iis
1247 2650 1286 2674 se
1312 2635 1522 2683 implicasse,

51 2703 142 2737 quae
169 2690 279 2736 ipsius
305 2690 400 2726 vires
424 2690 527 2736 longe
549 2694 727 2736 superant.
772 2689 911 2736 Loquor
932 2693 1046 2725 autem
1072 2689 1116 2724 de
1139 2697 1263 2727 sensu,
1288 2684 1348 2730 qui
1370 2681 1525 2728 philoso-

49 2738 195 2793 phorum
213 2741 284 2772 tum
309 2737 582 2772 Christianorum
605 2742 678 2771 tum
703 2735 882 2782 gentilium
911 2736 1050 2783 scriptis
1072 2735 1175 2770 inest.
1220 2729 1524 2784 Deindqpqopter

52 2784 288 2830 imperitarum
314 2783 446 2819 aurium
474 2783 677 2818 insolentem
702 2782 857 2827 plausum
891 2783 1055 2829 quasdam
1082 2777 1315 2815 Graecanicas
1332 2774 1522 2830 dictiones,

51 2831 178 2876 quibus
204 2829 256 2865 illi
283 2830 327 2865 ad
353 2841 493 2873 suorum
518 2831 715 2876 dogmatum
744 2828 988 2875 expositionem
1013 2828 1068 2863 usi
1090 2830 1189 2866 sunt,
1213 2820 1458 2876 emendicayltz
1480 2823 1524 2874 pt

52 2888 112 2912 eas
140 2876 268 2912 divinis
296 2876 423 2911 nostris
456 2876 672 2922 dogmatibus
711 2874 928 2922 impudenter
959 2874 1127 2912 immiscet
1158 2874 1196 2908 et
1225 2867 1359 2905 occulte
1386 2870 1522 2903 meent.

145 2935 359 2980 Nicephorum
379 2935 529 2982 Gregor.
567 2934 642 2969 Vol.
662 2932 708 2968 11.
1181 2921 1241 2963 69
