1794 3172
260 143 393 192 1010
670 147 984 195 NICEPHORI
1011 147 1335 194 GREGORAE

35 271 74 303 A.
92 268 136 302 Μ.
148 267 240 304 6859
256 260 477 320 ἐνέργειαν,
516 255 708 303 ἀνούσιόν
735 276 829 302 τινα
858 258 966 302 καθ’
1006 257 1139 315 αὖτὴν
1177 253 1307 303 οὖσαν
1327 272 1338 284 ·
1383 259 1647 318 μεριζομένην
1685 259 1729 304 δ’

88 313 194 352 ΗΜΛ
257 329 370 388 ὅμως
398 332 456 380 εἷς
484 326 713 387 διαφόρους
742 330 811 373 καὶ
844 328 1121 387 μερικωτὲρας
1151 327 1370 379 ἀκτίστους
1400 329 1618 387 ἐνεργείας,
1657 328 1732 373 δύ-

255 418 379 455 ναμιν
417 398 580 455 δηλαδὴ
620 400 689 442 καὶ
724 398 877 456 σοφίαν
922 399 991 442 καὶ
1031 398 1137 455 ζωὴν
1173 399 1242 442 καὶ
1288 396 1492 455 ἀλήθειαν
1532 400 1602 442 καὶ
1642 403 1733 457 φῶς

104 473 146 508 P.
164 472 234 509 635
257 472 325 514 καὶ
355 469 487 527 κρίσιν
517 469 586 511 καὶ
616 468 755 525 μέθην
794 468 863 512 καὶ
893 466 1024 513 ῦπνον
1046 469 1126 512 ’καὶ
1157 467 1236 512 ὅσα
1271 474 1364 518 ταῖς
1392 472 1475 512 τῶν
1495 466 1731 525 ἀνθρώπων

254 536 481 598 ε’φεύρηταί
506 555 594 589 πως
614 538 806 596 ἀπορίαις
835 535 1033 592 ὀνόματα.
1083 539 1151 582 καὶ
1176 536 1264 594 ἅμα
1285 535 1460 582 κατόπιν
1488 535 1760 596 κεκύρωται,5

254 609 312 666 μὴ
335 608 411 664 τὴν
432 607 577 652 οὖσιάν
598 606 697 651 εἶναι
710 641 722 662 ,
762 607 837 663 τὴν
868 607 939 651 τὸν
960 605 1058 664 ἡμῖν
1087 605 1508 664 μεταλαμβανόμενον
1540 605 1733 665 ἆγιάζου-

254 695 332 722 σαν
352 677 503 735 ἄρτον,
543 677 591 721 οὗ
616 677 699 734 μὴν
726 677 819 721 οὐδ’
846 676 868 721 ὃ
890 676 1180 733 βαπτιζόμεθα
1208 682 1326 721 θεῖον
1353 675 1594 732 βάπτισμα,
1633 676 1729 720 ἀλλ’

103 759 148 795 V.
167 759 236 795 513
261 745 455 792 ι’ἱκτιστόν
471 765 564 790 τινα
580 746 703 806 χάριν
726 748 794 791 καὶ
815 746 1036 804 ἐνέργειαν,
1074 751 1149 804 τῆς
1176 748 1298 798 θείας
1319 746 1464 798 οὐσίας
1488 745 1631 805 ἑτέραν
1663 748 1733 790 καὶ

253 816 389 874 πάντη
412 815 628 875 διάφορον.
668 815 776 861 οὕτω
794 821 869 860 τοῦ
889 818 1103 875 συνεδρίου
1136 819 1204 862 καὶ
1224 820 1298 860 τοῦ
1319 814 1509 874 βήματος
1531 815 1552 859 ὁ
1573 817 1731 871 δαίμων

215 888 437 944 Βάσελγῶς
468 888 620 931 ἐκείνου
644 884 955 946 κατωρχήσατο.
1027 886 1150 948 (ΙΛ.)
1187 891 1336 930 Ταῦτα
1366 884 1558 945 ὁρώντων
1591 887 1730 929 τοίνυν
1743 889 1788 926 10

253 959 323 1002 καὶ
344 954 579 1000 ἀκουόντων
605 955 748 1013 ἡμῶν,
788 955 821 1000 ὢ
848 958 941 1013 δίκη
963 958 1031 999 καὶ
1060 957 1189 1014 ἀνοχὴ
1213 960 1341 1010 θεοῦ,
1378 955 1485 999 κατὰ
1517 955 1732 1011 ποταμοὺς

254 1025 394 1085 ἐχώρει
417 1026 469 1070 τὰ
487 1024 661 1084 δάκρυα,
687 1030 821 1084 σιωπῇ
841 1024 1079 1071 κυπτόντων
1101 1029 1157 1077 εἷς
1176 1031 1265 1084 γῆν.
1301 1025 1490 1084 περιττὸς
1518 1025 1596 1083 γὰρ
1627 1023 1730 1083 ὑπὲρ

252 1101 329 1141 τοῦ
358 1096 412 1139 τὰ
433 1096 580 1140 δέοντα
599 1103 727 1140 ποιεῖν
747 1094 867 1152 λόγος
896 1094 1019 1150 ἅπας,
1059 1096 1125 1140 ὅτε
1143 1092 1170 1155 ᾗ
1191 1101 1275 1140 τῶν
1297 1094 1532 1139 ἀκουόντων
1556 1095 1660 1153 πρὸς
1680 1094 1730 1138 τὸ

251 1173 389 1224 χεῖρον
412 1163 596 1222 ὁμόνοια.
632 1165 713 1223 ἤδη
735 1167 780 1209 δὲ
806 1167 874 1208 καὶ
896 1164 1039 1224 πόῤῥω
1065 1170 1224 1209 νυκτῶν
1245 1162 1297 1223 ἦν
1328 1165 1376 1209 τὸ
1398 1169 1473 1221 τῆς
1496 1163 1630 1221 ὥρας,
1661 1165 1730 1207 καὶ

216 1235 337 1293 οπρὸ
365 1240 514 1293 μικροῦ
542 1253 653 1286 τινος
683 1237 805 1295 δᾷδες
835 1233 1023 1293 εῗσῄεσαν
1046 1233 1246 1291 ἧμμέναι,
1286 1233 1353 1279 ὅτε
1379 1236 1448 1277 καὶ
1469 1241 1613 1291 χεῖρας
1641 1235 1729 1276 ἐπι-
1743 1240 1786 1277 15

252 1304 420 1362 βάλλειν
442 1304 622 1363 ἤρξαντο
646 1305 739 1361 μετ’
766 1305 891 1363 ὀργῆς
918 1305 1100 1359 βαθείας
1128 1303 1467 1362 ἀναπηδήσαντες
1501 1301 1576 1347 σύν
1599 1320 1642 1360 γε
1670 1307 1728 1363 τῷ

253 1373 489 1434 πατριάρχῃ
510 1375 549 1418 οἳ
565 1375 774 1418 ἐπίσκοποι
801 1374 904 1418 καθ’
928 1372 1047 1431 ἡμῶν
1060 1408 1074 1428 ,
1107 1377 1194 1431 μηδ
1199 1375 1212 1391 ³
1241 1371 1401 1418 ἀκούειν
1416 1371 1468 1417 τά
1489 1390 1531 1430 γε
1554 1377 1730 1416 τοιαῦτα

253 1445 569 1501 ἀνασχομένων,
608 1444 711 1487 ἀλλὰ
732 1442 876 1499 μόνοις
897 1451 1138 1501 στεναγμοῖς
1155 1442 1388 1502 ἀφθόγγοις
1405 1443 1503 1493 τοὺς
1522 1441 1730 1493 ἀκάπνους

254 1514 434 1565 καπνοὺς
461 1512 785 1569 ἀναπεμπόντων
805 1518 880 1570 τῆς
903 1518 1058 1570 ψυχῆς,
1079 1518 1154 1557 τοῦ
1184 1517 1329 1572 καιροῦ
1353 1512 1412 1569 μὴ
1435 1510 1621 1563 διδόντος
1651 1512 1728 1555 ἄλ-

254 1588 338 1635 λως
359 1581 457 1640 ἡμῖν
481 1581 724 1642 θεραπεύειν
750 1587 826 1627 τοῦ
858 1582 979 1639 ζήλου
1000 1583 1075 1639 τὴν
1099 1581 1236 1642 φλόγα
1262 1584 1331 1627 καὶ
1358 1582 1435 1639 τὴν
1460 1586 1544 1625 τῶν
1569 1579 1727 1638 σπλάγ-
1738 1588 1785 1624 20

249 1671 364 1709 χνων
386 1651 537 1710 ὀδύνην
559 1654 844 1710 ἀπογυμνοῦν,
883 1655 925 1696 ἐν
948 1651 1160 1704 τοιαύταις
1178 1651 1323 1709 τύχαις
1350 1647 1465 1706 οὖσι,
1493 1652 1562 1694 καὶ
1588 1649 1728 1695 τοιού-

253 1740 342 1775 τοις
359 1724 552 1781 ἐξαίφνης
570 1725 702 1782 θηρσὶ
722 1720 1047 1781 περιπεπτωκόσι
1056 1756 1070 1777 ,
1093 1724 1160 1767 καὶ
1179 1721 1356 1779 μηδενὸς
1370 1719 1467 1779 ἦμῖν
1485 1718 1639 1779 ἡμέρου
1659 1722 1728 1764 καὶ

213 1791 558 1852 Βφιλανθρώπου
591 1792 694 1853 παρ’
722 1792 898 1838 οὐδένων
930 1791 1025 1838 οῦτε
1046 1796 1121 1837 νῦν
1142 1792 1434 1846 ἀπαντῶντος,
1473 1789 1566 1835 οὔτ’
1599 1789 1724 1835 ἔπειτ’

254 1969 466 2007 substantiae
499 1982 621 2017 expers
652 1970 766 2013 foret,
799 1972 836 2006 et
868 1971 982 2004 tamen
1004 1967 1040 2002 in
1063 1968 1219 2003 diversas
1243 1966 1482 2014 specialesque
1505 1966 1726 2013 operationes

253 2018 426 2053 increatas
460 2017 695 2059 divideretur,
729 2016 917 2062 potentiam
941 2027 1081 2061 nempe,
1115 2014 1338 2060 sapientiam,
1370 2014 1498 2056 vitam,
1530 2013 1725 2058 veritatem,

254 2064 388 2106 lumen,
411 2064 594 2106 iudicium,
620 2064 843 2104 ebrietatem,
868 2074 1041 2104 somnum,
1067 2065 1103 2097 et
1122 2073 1344 2107 quaecunque
1361 2060 1507 2102 nomina,
1531 2066 1634 2105 prout
1651 2061 1726 2096 fere

254 2122 339 2146 usus
361 2110 531 2155 indiguit,
556 2111 598 2145 ab
621 2110 813 2144 hominibus
836 2108 1035 2154 excogitata
1058 2113 1148 2143 sunt.
1196 2108 1287 2143 Tum
1310 2112 1346 2141 et
1367 2107 1453 2141 illud
1473 2107 1587 2142 statim
1604 2107 1726 2142 decre-

255 2162 293 2194 to
317 2157 549 2191 confirmatum
573 2159 648 2200 est,
673 2156 899 2191 substantiam
922 2167 990 2190 non
1014 2167 1102 2197 esse,
1125 2166 1215 2201 quae
1238 2153 1471 2189 sanctificaret
1494 2165 1570 2188 eum
1591 2165 1725 2200 panem,

257 2215 358 2251 quem
379 2204 417 2238 in
441 2203 682 2238 communione
706 2214 929 2245 sumeremus,
954 2214 1133 2236 sacrumve
1157 2201 1242 2236 illud
1265 2201 1449 2242 lavacrum,
1474 2212 1541 2247 quo
1564 2201 1727 2246 baptiza-

253 2262 392 2292 remur,
416 2249 475 2284 sed
500 2249 688 2284 increatam
711 2250 881 2296 quandam
903 2249 1051 2295 gratiam
1074 2252 1110 2283 et
1133 2247 1384 2294 operationem,
1408 2247 1509 2281 aliam
1532 2252 1569 2281 et
1592 2246 1725 2281 omnino

255 2297 426 2332 diversam
457 2297 502 2332 ab
533 2296 725 2330 substantia
748 2296 875 2330 divina.
931 2295 1026 2330 Adeo
1058 2299 1222 2342 proterve
1243 2294 1295 2328 illi
1318 2293 1472 2328 Concilio
1496 2305 1537 2327 ac
1560 2293 1727 2327 tribunali

254 2343 425 2380 Diabolus
457 2342 576 2377 illusit.
641 2342 741 2387 (XI.)
765 2343 877 2377 Nobis
906 2342 1016 2386 igitur
1048 2342 1135 2377 haec
1167 2345 1203 2376 et
1231 2339 1427 2375 videntibus
1449 2344 1486 2375 et
1508 2339 1726 2374 audientibus

255 2390 367 2435 (proh
388 2388 519 2425 iustitia
542 2392 578 2423 et
600 2389 768 2435 patientia
791 2389 944 2434 divinal)
980 2388 1141 2423 lacrimae
1164 2387 1262 2423 ibant
1283 2386 1454 2420 fluminum
1477 2398 1569 2421 more
1593 2386 1727 2421 undan-

255 2441 331 2471 tes=
356 2447 463 2482 prono
487 2440 601 2472 autem
623 2435 660 2469 in
683 2439 811 2470 terram
832 2436 929 2471 vultu
953 2435 1146 2470 silebamus.
1193 2434 1283 2469 Nam
1306 2444 1383 2467 cum
1399 2432 1424 2467 ii
1445 2433 1504 2478 qui
1521 2433 1663 2468 audiunt
1680 2432 1726 2467 ad

255 2483 378 2530 peiora
400 2482 625 2529 approbanda
648 2481 864 2527 conspirant,
889 2493 1146 2528 supervacanea
1169 2484 1224 2516 est
1246 2479 1353 2515 omnis
1378 2480 1511 2522 oratio,
1545 2491 1612 2526 qua
1641 2479 1726 2524 quid

255 2531 375 2565 facere
408 2529 558 2564 debeant
589 2528 845 2564 admoneantur.
901 2530 1016 2565 Nocte
1046 2528 1113 2563 iam
1135 2526 1260 2569 multa,
1294 2525 1395 2571 paulo
1426 2532 1607 2581 postquam
1630 2527 1726 2560 faces

256 2587 426 2612 accensae
457 2580 494 2610 et
521 2575 737 2610 intromissae
772 2578 909 2618 essent,
942 2574 1042 2621 gravi
1072 2573 1254 2609 iracundia
1284 2578 1441 2607 common
1469 2572 1666 2618 patriarcha
1689 2576 1727 2607 et

259 2622 415 2669 episcopi
438 2622 640 2669 prosiliunt,
663 2625 699 2656 et
721 2633 838 2657 manus
861 2621 896 2656 in
919 2634 980 2657 nos
1004 2620 1179 2663 iniiciunt,
1211 2619 1271 2666 qui
1295 2631 1338 2653 ea
1359 2631 1423 2654 nec
1447 2618 1566 2654 audire
1589 2618 1727 2665 quidem

257 2669 529 2711 sustinebamus,
554 2668 615 2703 sed
634 2666 736 2703 mutis
753 2672 883 2703 tantum
902 2668 1061 2714 suspiriis
1079 2667 1228 2702 dolorem
1247 2665 1348 2701 animi
1364 2666 1463 2701 velut
1477 2666 1602 2700 fumum
1617 2676 1726 2712 quen-

257 2715 336 2750 dam
359 2716 608 2752 exhalabamus.
655 2714 796 2760 Quippe
819 2727 883 2749 nec
907 2715 972 2750 zeli
996 2714 1151 2750 ardorem
1174 2713 1310 2754 levare,
1334 2724 1398 2748 nec
1420 2712 1559 2747 infixum
1581 2711 1725 2746 visceri-

255 2762 321 2797 bus
344 2763 466 2797 vulnus
490 2762 592 2797 aliter
615 2760 744 2796 nudare
767 2773 831 2806 per
853 2761 936 2796 illud
959 2765 1093 2807 tempus
1115 2759 1214 2795 nobis
1235 2759 1384 2802 licebat,
1407 2770 1450 2794 eo
1473 2757 1607 2793 scilicet
1629 2762 1725 2792 statu

255 2819 369 2843 rerum
391 2814 603 2851 nostrarum,
628 2819 705 2843 cum
726 2806 763 2842 in
786 2807 873 2842 istas
895 2808 990 2843 feras
1012 2811 1156 2854 repente
1178 2805 1437 2849 incidissemus,
1468 2816 1511 2839 ac
1532 2805 1646 2839 nullus
1669 2816 1725 2838 es-

257 2859 324 2898 set,
348 2866 370 2891 a
392 2867 463 2903 quo
486 2859 695 2893 mansuetum
718 2859 756 2891 et
778 2856 958 2891 humanum
981 2854 1163 2902 quicquam
1186 2852 1285 2890 nobis
1307 2863 1370 2889 seu
1393 2851 1460 2889 iam
1482 2855 1556 2887 tum
1579 2850 1725 2897 exsiste-
