1794 3172
401 156 720 203 HISTORIAE
748 154 1120 203 BYZAN'I'INAE
1142 155 1263 204 XIX.
1282 162 1323 205 3.
1487 152 1589 201 939

109 284 225 325 μακα
238 299 253 320 ,
290 269 379 319 πῶς
401 264 464 318 οἷς
481 267 744 324 ἐγκαλεῖσθαι
765 266 917 311 ἐκεῖνον
933 266 1080 326 ἐχρῆν,
1116 265 1171 312 τὰ
1193 265 1269 323 μὲν
1286 271 1483 327 προφανῆ
1503 287 1586 313 πα·
1609 282 1645 316 Α.
1663 283 1702 316 c.
1717 280 1794 320 135]

111 336 386 393 ρατρέχοντα,
431 335 485 379 τὰ
519 336 562 379 δ’
597 335 738 394 ἀφανῆ
756 338 824 379 καὶ
848 334 990 395 πόρῥω
1008 333 1175 393 μνήμης
1203 337 1245 388 ἐς
1260 336 1388 393 μέσον
1415 330 1794 411 c’a'yov‘cafmgclsicgff

111 404 247 449 ταῦθ’
278 403 378 462 ἡμῖν
405 405 532 456 αὐτὸς
556 405 735 462 ἓγκαλεῖν
754 405 828 448 οὐκ
844 405 966 459 ὀκνεῖ,
990 407 1057 449 καὶ
1084 409 1217 449 ταῦτα
1236 407 1304 450 καὶ
1324 408 1415 464 περὶ
1449 407 1587 451 αὐτῶν
1721 403 1729 411 ’

110 475 154 518 ἓν
175 472 300 534 ἑτέρῳ
322 492 402 518 που
420 474 473 519 τὰ
492 473 628 518 εἲκότα
647 477 988 531 προδιαλαβοῦσι.
1012 473 1159 529 ,,ὅμως
1184 476 1344 533 ἐπείπερ
1365 476 1413 519 οὗ
1436 478 1629 524 &ahl-c

81 543 248 598 6πεις”,
287 543 390 601 ἔῖφην
399 577 414 598 ,
452 546 577 601 ,,περὶ
599 542 647 587 τὸ
670 542 892 602 Θαβῶριον
908 541 1268 602 ἀναστρεφόμενος
1287 546 1354 588 καὶ
1373 550 1512 589 πᾶσαν
1531 548 1589 598 εἰς

108 617 232 657 τοῦτο
254 612 391 670 φέρων
410 611 634 667 ὖπόθεσιν,
672 613 747 657 οὐκ
768 612 870 669 ἔχων
892 611 969 673 (ὥς
987 612 1129 670 ἔοικεν)
1159 611 1409 671 ὁρμητήριον
1432 614 1584 673 ἕτερον,

108 680 136 738 ἢ
159 681 218 738 μὴ
238 681 340 737 ἔχων
370 681 700 740 ἀσφαλέστερον,
739 681 816 739 ε’γώ
837 700 913 726 σου
932 684 998 726 καὶ
1018 680 1175 738 ταύτην
1200 686 1321 726 λῦσαι
1339 681 1588 742 πειράσομαι

107 750 183 807 τὴν
204 749 396 808 ἀνάγκην,
427 751 476 795 οὗ
500 749 608 796 πάνυ
631 757 840 810 προσῆκον
860 750 970 808 ἡμῖν.
1014 752 1057 795 τί
1075 751 1153 809 γὰρ
1179 751 1257 794 ἔδει
1276 757 1470 810 νεκρικῶν
1488 751 1587 809 ἡμῖν

107 818 310 877 διαλόγων
350 819 554 878 τήμερον,
609 823 762 878 μυρίας
801 821 930 872 ἄλλας
972 822 1246 878 καινοφωνίας
1279 823 1585 878 προκομίζουσι,

50 899 98 934 10
108 887 254 940 ὁποίας
270 890 426 934 ἐκεῖθεν
449 889 509 933 ἀεὶ
529 891 597 933 καὶ
621 889 794 948 γράφων
814 893 880 934 καὶ
901 890 1026 948 λέγων
1049 888 1070 934 ὅ
1098 893 1309 944 Παλαμᾶς
1325 888 1529 934 ἁλίσκεται
1541 891 1587 947 ‚·''

108 957 201 1018 (Z.)
236 959 387 1016 Λέγειν
413 961 553 1003 τοίνυν
583 958 812 1017 ἀρξάμενος
836 960 884 1004 τὸ
914 960 1078 1015 συνεχὲς
1096 956 1174 1002 ὕπ’
1199 959 1350 1002 ἐκείνου
1371 958 1624 1004 διεκοπτό-Ι)

105 1046 190 1085 μην
211 1033 296 1071 τῶν
317 1026 472 1085 λόγων,
511 1030 741 1080 δειλιῶντος
764 1027 876 1084 οἶμαι
897 1029 944 1073 τὸ
965 1034 1047 1072 τῶν
1073 1028 1246 1085 ἐλέγχων
1273 1026 1436 1084 ἄμαχόν
1454 1046 1498 1073 τε
1518 1032 1586 1072 καὶ

106 1098 430 1152 δυσεκβίαστον,
469 1096 531 1141 ὅτι
553 1096 670 1142 λύσιν
691 1103 775 1142 τῶν
794 1098 875 1156 ἤδη
902 1098 1224 1158 προτεινομένων
1244 1096 1370 1148 αὐτὸς
1390 1098 1464 1141 οὐκ
1483 1097 1586 1155 εἶχεν

105 1164 470 1223 ἀνανταγώνιστον.

50 1245 95 1282 15
209 1233 259 1293 γ’.
288 1235 432 1292 “Όμως
458 1233 556 1291 ὖμΐν
586 1235 661 1279 οὒκ
684 1233 844 1292 ὀκνήσω
864 1236 1048 1287 διεξιέναι
1066 1235 1118 1279 τὰ
1146 1232 1389 1292 καιριώτερα
1408 1234 1514 1279 κατὰ
1530 1234 1578 1280 τὸ
1602 1243 1648 1279 V.
1667 1242 1735 1280 478

102 1306 267 1361 συνεχὲς
294 1306 337 1349 ἐν
366 1309 426 1365 τῷ
454 1305 547 1363 ἄρτι
557 1338 571 1359 ,
608 1303 719 1358 τό,τε
739 1304 939 1362 διάπυρον
956 1309 1030 1361 τῆς
1049 1303 1166 1360 ὖμῶν
1185 1302 1420 1362 ἀκροάσεως
1441 1288 1622 1362 παρα-Ε

102 1372 329 1432 κροῦεσθαι
349 1372 664 1430 δυσωπούμενος
686 1377 752 1418 καὶ
775 1374 863 1429 ἅμα
883 1374 1152 1432 ε’πιρῥαπίζειν
1174 1374 1302 1416 αὐτοῦ
1330 1371 1584 1429 βουλόμενος

101 1443 149 1487 τὸ
169 1445 344 1499 νομίζειν
364 1445 521 1488 ἐκεῖθεν
545 1443 646 1500 ἔχειν
658 1476 672 1498 ,
712 1446 770 1494 εἷς
802 1443 904 1501 ἅπερ
924 1442 1158 1499 ἐνεχόμενος
1186 1443 1438 1499 ἐγκαλεῖται,
1474 1441 1581 1499 βοήὲ

102 1516 226 1569 θημα
245 1518 344 1570 γοῦν
369 1530 409 1556 τι
435 1511 593 1571 μικρόν.
666 1512 759 1572 (Β.)
792 1513 1002 1570 Ἕφασκον
1023 1512 1101 1568 γὰρ
1121 1509 1224 1567 μήτε
1253 1518 1340 1562 τοῖς
1360 1508 1454 1555 τότ’
1477 1512 1579 1555 ἒκεί-
1603 1518 1644 1555 Ρ.
1662 1519 1730 1556 591

46 1591 179 1627 20vov
194 1583 337 1639 χρείαν
368 1581 594 1638 ζητήσεως,
629 1579 733 1637 μήτε
764 1589 850 1632 τοῖς
868 1586 954 1626 νῦν.
1003 1580 1030 1624 ἃ
1050 1581 1127 1637 γὰρ
1151 1587 1242 1631 ταῖς
1267 1579 1328 1623 ἀεὶ
1346 1581 1584 1637 παροιμίαις

106 1649 262 1694 ὅνειδον
286 1650 364 1706 ἕχει
387 1655 592 1709 περιφανῆ
610 1652 781 1708 κομιδῇ,
821 1651 955 1694 ταῦθ’
978 1648 999 1694 ὅ
1022 1653 1232 1704 Παλαμᾶς
1253 1649 1327 1693 οὐκ
1346 1647 1583 1704 αἰσχύνεται

103 1721 228 1777 δρῶν.
278 1719 327 1763 τὸ
352 1719 431 1777 γὰρ
464 1718 615 1775 „apag
647 1718 947 1775 ἀπαιτούμενον
979 1720 1195 1775 ἀρνεῖσθαι
1226 1710 1416 1775 autimas„
1451 1715 1580 1762 πάλαι

100 1789 177 1845 μὲν
195 1796 287 1840 ταῖς
309 1790 549 1847 παροιμίαις
567 1790 749 1842 ἔπαίζετο
765 1802 776 1814 ·
806 1795 879 1833 νῦν
900 1791 944 1832 δὲ
964 1786 1099 1849 τούτῳ
1117 1790 1185 1831 καὶ
1206 1786 1372 1846 σφόδρα
1393 1784 1581 1831 σπουδά-

193 1866 252 1902 23.
275 1862 398 1912 τούτῳ
422 1876 486 1911 pro
509 1865 622 1901 τοῦτο
648 1865 749 1901 Boiv.

100 1933 324 1970 vehementer
351 1933 497 1978 miratus
519 1933 592 1976 fui,
618 1933 711 1980 quod
736 1945 825 1980 quae
845 1933 949 1969 obiici
979 1933 1030 1968 illi
1052 1932 1239 1977 deberent,
1262 1932 1308 1967 ob
1326 1931 1442 1967 oculos
1465 1931 1579 1978 posita

101 1980 374 2023 transcurrenti,
396 1981 545 2015 obscura
575 1987 688 2015 autem
718 1986 755 2015 et
781 1981 935 2016 obsoleta
960 1979 996 2014 in
1023 1980 1170 2015 medium
1198 1978 1408 2025 proferenti,
1438 1990 1481 2013 ea
1499 1978 1578 2024 ipse

101 2027 202 2062 nobis
229 2039 298 2062 non
323 2032 501 2061 vereretur
530 2027 762 2072 exprobrare,
786 2038 859 2061 cum
889 2033 925 2061 et
949 2027 1015 2061 alio
1042 2027 1116 2061 loco
1143 2025 1187 2061 de
1208 2026 1252 2060 iis
1276 2025 1378 2060 rebus
1401 2024 1468 2059 iam
1488 2024 1576 2059 satis

101 2072 300 2120 egissemus.
346 2072 467 2116 „Quia
485 2072 630 2115 tameu”‚
654 2073 814 2120 inquam,
842 2073 913 2116 „ad
930 2072 1143 2108 Thaborium
1161 2083 1295 2118 semper
1314 2070 1522 2112 revolveris,
1538 2073 1577 2106 et

100 2123 208 2155 totam
227 2131 268 2154 eo
286 2119 520 2165 quaestionem
536 2119 684 2162 confers,
708 2124 893 2165 propterea
909 2119 1012 2166 quod,
1035 2122 1074 2154 ut
1091 2119 1244 2160 videtur,
1267 2117 1392 2152 nullum
1406 2115 1500 2152 aliud
1515 2120 1577 2152 aut

100 2165 228 2201 nullum
246 2167 357 2201 tutius
375 2165 570 2212 perfugium
589 2165 738 2208 habam
763 2178 828 2211 ego
851 2166 953 2201 istum
973 2177 1109 2212 quoque
1128 2165 1251 2199 nodum
1271 2164 1423 2199 conabor
1433 2162 1499 2197 tibi
1514 2173 1576 2198 ex-

101 2211 242 2258 pediret
265 2211 399 2247 tametsi
426 2212 463 2248 id
490 2212 626 2258 quidem
658 2212 794 2247 minime
816 2213 862 2248 ad
891 2224 953 2247 nos
983 2211 1188 2258 pertinebat.
1246 2210 1336 2245 Nam
1365 2213 1575 2245 mortuorum

102 2258 282 2304 colloquiis
310 2258 393 2304 quid
410 2258 509 2293 nobis
529 2258 633 2293 hodie
661 2269 747 2304 opus
764 2264 840 2301 est,
874 2258 1007 2293 infinita
1028 2259 1096 2293 alia
1125 2269 1214 2292 nove
1240 2256 1334 2292 dicta
1365 2254 1575 2302 proferenti-

101 2304 188 2347 bus,
212 2316 301 2351 quae
323 2317 368 2340 ex
388 2315 430 2339 eo
453 2304 608 2351 quotidie
630 2309 700 2339 tum
720 2305 872 2340 scribere
892 2310 963 2340 tum
979 2305 1046 2340 fari
1064 2304 1222 2340 Palamas
1242 2303 1425 2338 manifeste
1447 2301 1575 2346 depre-

100 2350 319 2386 luendum-w
358 2351 476 2396 (vll.)
501 2351 626 2386 Dicere
646 2351 763 2397 itaque
781 2354 924 2386 exorsus
947 2352 990 2386 ab
1013 2363 1054 2386 eo
1075 2349 1339 2396 interpellabat,
1361 2347 1411 2382 sic
1432 2349 1472 2380 ut
1488 2356 1572 2380 con-

100 2397 215 2432 tineus
231 2396 397 2432 orationis
412 2409 532 2432 cursus
547 2398 818 2443 abrumperetur.
865 2398 1034 2433 Nimirum
1050 2397 1108 2432 ille
1125 2396 1288 2431 invictam
1309 2401 1344 2429 et
1363 2391 1572 2428 ineluctabi-

100 2442 167 2478 lem
196 2447 470 2489 argumentorum
493 2443 561 2478 vim
587 2444 870 2490 pertimescebam
894 2456 935 2479 eo
950 2443 1114 2485 maxime,
1135 2442 1228 2488 quod
1251 2441 1294 2476 ad
1319 2451 1379 2481 ea,
1396 2449 1487 2484 quae
1503 2437 1570 2473 iam

101 2490 282 2536 proposita
301 2494 435 2533 essent,
453 2489 642 2525 refellenda
664 2491 787 2525 nullam
804 2490 879 2536 ipse
899 2490 1062 2525 invictam
1080 2489 1244 2525 rationem
1263 2487 1389 2522 afferre
1409 2487 1538 2530 posset.

194 2536 230 2572 3.
260 2537 418 2571 Attamen
446 2536 606 2582 quoniam
629 2543 781 2572 vestrum
807 2536 844 2571 in
867 2547 921 2571 me
946 2536 1115 2571 audiendo
1143 2535 1297 2570 ardorem
1314 2529 1490 2566 ludificare
1507 2540 1570 2565 ve-

99 2591 204 2627 reor,
227 2581 386 2629 idemque
402 2582 493 2618 illam
509 2582 587 2618 volo
609 2583 802 2628 opinionem
818 2582 1005 2628 sugillare,
1027 2594 1095 2628 qua
1110 2582 1141 2616 is
1169 2581 1334 2615 adversus
1351 2588 1403 2618 ea,
1426 2586 1568 2622 quorum

100 2631 299 2671 accusatur,
323 2628 511 2664 subsidium
528 2628 613 2663 illud
638 2631 766 2664 habere
793 2641 831 2663 se
847 2629 967 2664 saltem
997 2629 1157 2674 exiguum
1188 2629 1305 2672 putat,
1327 2622 1456 2658 ideireo
1478 2632 1567 2656 nunc

99 2674 289 2720 praecipua
309 2685 468 2721 quaeque
493 2675 682 2710 continenti
708 2674 862 2710 oratione
883 2674 1002 2710 lubens
1025 2674 1126 2709 vobis
1154 2681 1330 2718 exponam.
1378 2667 1465 2713 (II.)
1487 2666 1570 2702 Aie-

99 2720 178 2754 bam
199 2721 333 2756 scilicet
351 2732 394 2756 ea
413 2722 615 2767 quaestione
637 2733 748 2767 neque
765 2725 848 2756 tune
870 2732 956 2768 opus
975 2720 1104 2763 fuisse,
1127 2729 1238 2764 neque
1255 2715 1358 2751 etiam
1375 2725 1464 2749 nuuc
1482 2723 1569 2759 opus

101 2778 190 2801 esse.
239 2767 329 2802 Nam
348 2779 437 2813 quae
457 2767 657 2814 vulgaribus
681 2767 874 2813 proverbiis
898 2767 1113 2813 apertissime
1137 2767 1299 2817 notantur:
1315 2767 1351 2796 et
1369 2758 1570 2800 irridentur,

100 2823 144 2846 ea
163 2813 321 2849 Palamas
343 2815 461 2849 facere
479 2813 571 2849 baud
588 2814 774 2849 erubescit.
820 2815 874 2849 Ac
900 2814 987 2849 illud
1020 2812 1152 2856 „falces
1171 2813 1303 2856 petenti
1330 2807 1493 2860 scaphas·
1505 2805 1569 2839 de-

98 2869 229 2904 negare
237 2859 258 2876 ’'
280 2860 359 2896 olim
381 2859 417 2894 iu
443 2860 637 2907 proverbiis
662 2860 757 2896 iocus
775 2860 865 2902 fuit,
903 2861 948 2896 ab
973 2859 1042 2895 isto
1062 2862 1178 2894 autem
1201 2854 1291 2892 serio
1317 2863 1410 2890 nuuc
1437 2856 1566 2896 agitur.
