1794 3172
233 133 335 185 590
351 132 358 138 ’
645 135 961 188 NICEPHORI
989 135 1315 187 GREGORAE

17 259 114 294 AM.
131 256 224 295 6849
236 248 616 311 συνδεδραμηκυῖαν
648 251 755 296 κατὰ
780 251 829 295 τὸ
849 249 1051 309 ἀνάλογον
1075 254 1144 296 καὶ
1175 249 1396 311 ἁρμόττον.
1433 256 1526 303 ταῖς
1541 251 1617 307 μὲν
1636 251 1715 310 γὰρ

71 307 143 389 1¹¹ss
160 306 384 389 {97o'tpxafg
416 323 470 366 τὰ
500 323 596 380 τέλη
612 356 626 376 ,
662 328 750 372 τοῖς
779 322 825 366 δὲ
857 321 1012 365 τέλεσιν
1032 321 1075 364 αἱ
1102 322 1225 381 ἀρχαὶ
1244 322 1320 378 τὴν
1344 322 1591 380 συμφωνίαν
1612 319 1718 377 dmi-‘⁶

142 378 153 388 ⁹
199 398 366 452 Ερατον
386 390 559 449 πάμπαν
577 389 809 450 εἰλήφεσαν.
882 390 979 451 (Δ.)
1006 391 1234 449 Ἔγνωσται
1251 389 1507 449 γὰρᾶπασι,
1552 390 1612 447 μὴ
1636 388 1719 446 μό-

236 480 309 507 νον
321 455 545 518 Ῥωμαίοις
560 464 628 505 καὶ
639 461 856 517 ”Ελλησιν,
895 461 1002 504 ἀλλὰ
1022 463 1090 504 καὶ
1112 460 1225 512 ὅσοις
1245 460 1381 504 ἔθνεσι
1401 460 1630 504 πολυειδέσι
1649 461 1718 503 καὶ

236 530 470 591 βαρβάροις
500 530 601 576 εἶναι
630 531 889 587 συμβέβηκε,
924 531 1040 586 μετὰ
1067 532 1188 582 ποίας
1212 528 1448 589 πραότητος
1476 531 1543 573 καὶ
1561 531 1754 573 δικαιο-5

237 600 366 658 σύνης
385 608 477 653 ταῖς
507 601 654 659 ἀρχαῖς
683 598 886 658 ἐχρήσατο
916 604 1001 644 τῶν
1031 598 1286 658 πραγμάτων
1310 597 1720 655 ὅΚαντακουζηνός·

238 671 344 727 μετὰ
360 668 482 722 ποίας
500 670 543 714 δ’
565 665 619 714 αὗ
637 674 713 726 τῆς
733 671 970 727 μοχθηρίας
991 671 1058 713 καὶ
1077 670 1237 720 ἀδικίας
1258 667 1278 713 ὅ
1294 667 1559 720 Ἀπόκαυκος.
1597 668 1721 726 ἕγνωὲ

102 751 144 785 P.
164 750 234 786 366
244 758 339 785 σται
361 743 387 784 δ
395 741 410 757 ²
436 735 490 784 αὖ
516 738 682 796 ὁμοίιος,
717 741 785 783 καὶ
806 737 930 790 ὅσους
956 739 1055 790 τοὺς
1075 738 1271 790 διαύλους
1291 741 1360 782 καὶ
1378 739 1433 783 τὰ
1451 742 1723 794 παλαίσματα

150 816 152 819 ”
237 810 392 868 μεταξὺ
415 808 499 854 τῶν
517 814 593 867 τῆς
611 810 756 860 κακίας
779 809 984 864 Τελχίνων
1005 808 1311 866 ὀρχησαμένων,
1351 810 1407 859 εἷς
1431 806 1519 852 οἷον
1537 808 1592 852 τὰ
1613 805 1723 865 πρά-

238 882 378 939 γματα
407 874 647 937 κατηντῆκει
684 878 732 922 τὸ
773 878 929 937 πέρας,
972 882 1047 922 τοῦ
1082 883 1186 922 θεοῦ
1216 876 1452 931 δικάζοντος
1482 880 1552 922 καὶ
1586 877 1722 921 ἀθλο-
1735 878 1782 917 10

239 955 468 1000 θετοῦντος
505 950 548 1001 ἐξ
589 943 799 1006 ἀφανοῦς,
845 949 915 991 καὶ
945 946 1176 1006 ἇφθόγγοις
1210 950 1277 991 καὶ
1300 946 1536 999 σιωπώσαις
1564 954 1725 1005 φωναῖς

242 1017 594 1068 ἀναδιδάσκοντος
613 1017 825 1071 ἅπαντας,
865 1015 1032 1074 ἀγαθῆς
1050 1018 1324 1076 προαιρέσεως
1341 1017 1474 1075 ἀρχὰς
1504 1019 1573 1061 καὶ
1592 1016 1726 1074 πηγὰς

241 1089 486 1147 προτιθέναι
515 1092 598 1132 τῶν
629 1089 786 1132 οἰκείων
818 1086 969 1145 ἔργων,
1018 1085 1080 1139 οἷς
1109 1088 1213 1146 πρὸς
1234 1085 1475 1144 βουλήσεῶς
1503 1088 1590 1130 ἐστι
1618 1086 1726 1130 κατὰ

242 1163 342 1203 νοῦν
369 1164 601 1216 προχωρεῖν
629 1157 792 1215 ἀγαθὸν
811 1156 860 1200 τὸ
893 1155 1099 1215 γεώργιον.
1137 1160 1171 1201 εἲ
1199 1158 1258 1214 μὴ
1282 1157 1361 1215 γὰρ
1389 1164 1482 1208 ταῖς
1500 1151 1583 1200 τῶν
1616 1158 1727 1212 ἐμῶν

205 1230 432 1272 Βδιωκτῶν
459 1225 797 1285 καινοφωνίαιςὸ
826 1227 1172 1284 Καντακουζηνὸς
1205 1226 1421 1271 ὅπωσποτε
1461 1228 1727 1284 παρενεχθεὶς
1740 1229 1785 1265 15

239 1296 384 1356 χώραν
421 1298 585 1348 ἓκείνοις
614 1300 667 1355 τῇ
693 1300 768 1340 τοῦ
798 1301 902 1340 θεοῦ
934 1297 1126 1358 ἐκκλησία
1157 1294 1282 1353 ζάλην
1312 1303 1589 1354 προσενεγκεῖν
1620 1295 1728 1339 κατὰ

241 1367 319 1424 τὴν
331 1363 534 1421 βασιλίδα
557 1365 708 1425 Ἄνναν
730 1367 800 1410 καὶ
821 1365 948 1417 αὐτὸς
975 1365 1183 1421 ἐδεδώκει,
1219 1363 1438 1424 κράτιστος
1456 1365 1507 1409 ἂν
1523 1366 1729 1421 βασιλέων

242 1438 392 1494 ἐγίνετο
404 1469 417 1489 ,
455 1437 524 1480 καὶ
555 1434 644 1491 ἅμα
673 1434 727 1479 τὰ
742 1433 955 1490 Ῥωμαίων
973 1434 1196 1494 πράγματα
1215 1430 1411 1493 μεγίστην
1431 1434 1565 1479 ἂν“δι’
1594 1435 1727 1479 αὗτοῦ

244 1506 322 1562 τὴν
353 1500 535 1549 ἐπίδοσιν
569 1503 840 1560 ἀνελάμβανε.
886 1510 961 1549 νῦν
1000 1507 1045 1550 δὲ
1076 1506 1146 1549 διὰ
1181 1507 1329 1550 κακίαν
1361 1505 1497 1550 ἄλλων
1542 1504 1674 1556 αἴτιος
1706 1502 1728 1548 ὅ

246 1573 484 1633 πραότατος
508 1579 584 1631 τῆς
604 1579 688 1619 τῶν
711 1573 817 1618 ὅλων
836 1574 975 1627 ἔδοξεν
999 1574 1100 1619 εἶναι
1122 1580 1306 1634 φθορᾶς.
1740 1576 1788 1612 20

205 1653 236 1688 C
349 1642 398 1695 ς’.
426 1644 658 1702 ’Έργοιςγε
695 1636 779 1700 μὴν
807 1643 948 1695 αὐτοῖς
967 1643 1076 1703 δρῶν
1106 1643 1397 1695 ὃἈπόκαυκος
1413 1645 1471 1695 εἲς
1489 1642 1731 1688 τούναντίον

245 1714 361 1774 aba?
382 1714 435 1758 τὰ
456 1718 531 1771 τῆς
549 1714 693 1764 κακίας
711 1713 855 1771 ἕνεδρα
877 1719 1190 1773 προχωροῦντα,
1229 1716 1298 1758 καὶ
1318 1714 1442 1765 κακὸς
1465 1715 1509 1758 ἐκ
1529 1718 1604 1757 τοῦ
1626 1731 1733 1770 προ-

246 1788 405 1842 φανοῦς
430 1781 689 1841 ἐλεγχόμενος
718 1781 818 1827 εἶναι
831 1816 846 1836 ,
885 1783 959 1827 οῦκ
991 1777 1177 1843 ηρυθρία
1207 1791 1295 1835 τοῖς
1312 1782 1469 1840 ὁμοίοις
1496 1782 1732 1839 ἐπιβάλλων

248 1853 336 1897 ἀεί·
377 1854 447 1898 καὶ
476 1857 611 1897 ταῦτα
646 1856 730 1897 τῶν
761 1850 892 1898 πάλαι
920 1858 1064 1913 σοφῶν
1091 1852 1387 1911 θαυμάζοντος
1415 1851 1578 1900 ἁκούων
1606 1853 1733 1908 τινὸς,

248 2008 408 2056 portione
428 2012 467 2045 et
484 2007 724 2046 convenientia
743 2010 900 2058 quadam.
948 2008 1111 2058 Namque
1132 2013 1168 2047 et
1189 2007 1372 2059 principiis
1390 2014 1545 2047 extrema
1565 2014 1602 2047 et
1618 2012 1734 2046 extress

249 2056 314 2091 mis
338 2056 511 2102 principia
537 2056 789 2103 perfectissime
816 2057 1038 2104 respondent.
1086 2058 1187 2104 (IV.)
1219 2059 1350 2094 Notum
1374 2059 1541 2094 videlicet
1568 2057 1737 2100 omnibus,

250 2114 329 2150 non·
343 2103 451 2137 solum
468 2103 630 2139 Romanis
649 2111 685 2139 et
702 2105 850 2140 Graecis
863 2133 871 2149 ,
896 2105 959 2139 sed
979 2110 1015 2140 et
1030 2105 1188 2140 barbaris
1211 2111 1248 2140 et
1271 2106 1347 2140 aliis
1365 2105 1628 2152 quibuscunque
1649 2116 1736 2150 gen-

249 2149 370 2191 tibus,
400 2150 528 2199 quanta
554 2151 691 2196 quidem
719 2151 862 2187 lenitate
891 2156 929 2186 et
948 2152 1082 2186 iustitia
1100 2153 1364 2188 Cantacuzenus
1388 2153 1424 2186 in
1444 2164 1559 2187 rerum
1581 2163 1664 2187 usus
1689 2151 1736 2186 sit

249 2195 380 2238 initiis,
404 2201 534 2244 quanta
552 2202 664 2231 autem
685 2198 906 2243 improbitate
927 2203 962 2234 et
982 2198 1151 2234 iniustitia
1174 2201 1389 2245 Apocaucus.
1437 2199 1567 2234 Notum
1590 2198 1736 2245 pariter,

251 2247 334 2288 post
354 2247 438 2287 quot
467 2243 634 2289 repetitos
653 2256 792 2287 cursus,
823 2249 903 2291 post
921 2250 1014 2291 'quot
1039 2245 1266 2292 palaestricos
1292 2245 1572 2292 nequissimorum
1594 2245 1739 2279 Telchi-

252 2300 331 2324 num
352 2289 478 2332 saltus,
511 2301 611 2336 quem
633 2290 677 2325 ad
702 2291 828 2326 exitum
852 2303 908 2326 res
934 2293 1121 2337 perductae
1147 2293 1238 2335 sint3
1271 2293 1345 2327 Deo
1371 2292 1502 2327 arbitro
1531 2297 1568 2326 et
1585 2290 1737 2338 praemia

253 2338 427 2370 statuente
445 2347 489 2370 ex
506 2337 652 2378 occulto,
677 2337 847 2383 mutisque
862 2343 898 2372 et
918 2338 1035 2373 tacitis
1052 2339 1196 2374 vocibus
1215 2351 1329 2374 omnes
1348 2340 1501 2374 homines
1519 2338 1736 2379 admonente,

251 2386 294 2417 ut
308 2393 328 2416 o
354 2393 413 2416 era
438 2394 501 2417 sua
518 2382 698 2417 ordiantur
714 2395 780 2418 non
802 2385 844 2419 ab
862 2385 928 2418 alio
949 2385 1117 2433 principio
1134 2398 1174 2420 ac
1191 2386 1298 2428 fonte,
1322 2397 1422 2432 quam
1440 2397 1461 2421 a
1476 2386 1563 2420 bono
1580 2383 1735 2425 consilio,

253 2429 284 2463 si
304 2428 332 2462 si
358 2428 371 2463 i
388 2439 431 2477 ex
448 2428 619 2464 sententia
643 2430 824 2475 provenire
847 2430 976 2466 laboris
996 2432 1050 2466 sui
1067 2432 1217 2467 fructum
1234 2432 1358 2467 velint.
1407 2432 1530 2478 Itaque
1554 2430 1620 2464 nisi
1641 2430 1735 2464 Can-

252 2478 438 2509 tacuzenus
451 2500 463 2518 ,
484 2475 583 2521 novis
602 2482 854 2522 persecutorum
871 2489 1020 2512 meorum
1038 2478 1206 2514 doctrinis
1226 2485 1402 2524 utcunque
1420 2479 1598 2523 abreptus»,
1621 2477 1735 2511 locum

256 2519 307 2554 eis
326 2520 500 2564 dedisset,
525 2521 627 2556 sicuti
650 2524 749 2557 Anna
764 2522 987 2568 imperatrix,
1017 2524 1232 2560 invehendae
1256 2525 1293 2560 in
1315 2525 1383 2560 Dei
1413 2524 1593 2559 ecclesiam
1619 2523 1735 2558 turbi-

254 2565 416 2601 dissimae
432 2567 665 2613 tempestatis,
689 2569 1005 2614 praestantissimus
1027 2577 1121 2606 certe
1141 2572 1381 2618 imperatorum
1400 2571 1544 2612 fuisset,
1569 2570 1737 2614 simulque

253 2613 448 2658 accepisset
473 2614 625 2649 Romana
651 2615 708 2649 res
728 2615 905 2650 maximum
925 2618 967 2651 ab
990 2629 1031 2652 eo
1049 2617 1301 2654 incrementum.
1348 2618 1453 2653 Nunc
1481 2629 1566 2651 vero
1593 2617 1737 2651 aiiorum

254 2659 387 2694 scelere
403 2659 563 2695 effectum
582 2664 646 2703 est,
669 2664 709 2695 ut
726 2662 785 2706 qui
803 2661 999 2697 mitissimus
1018 2669 1093 2699 erat
1113 2664 1305 2711 perdidisse
1322 2664 1433 2700 omnia
1449 2663 1642 2699 videretur.

347 2707 380 2742 6.
405 2707 609 2753 Quanquam
628 2712 754 2743 eventu
769 2708 846 2753 ipso
867 2708 1004 2744 videret
1019 2712 1244 2755 Apocaucus,
1268 2716 1390 2746 contra
1406 2721 1506 2757 quam
1521 2712 1738 2756 speraverat,

255 2751 424 2787 cecidisse
449 2752 516 2787 sibi
538 2753 679 2788 fraudes
704 2758 740 2789 et
762 2754 928 2797 insidias,
961 2767 1002 2790 ac
1031 2757 1235 2792 manifestae
1262 2756 1493 2803 improbitatis
1519 2761 1736 2802 argueretur,

255 2808 324 2833 non
346 2803 460 2834 tamen
481 2800 707 2834 erubescebat
727 2800 843 2835 eadem
863 2813 998 2847 semper
1018 2807 1214 2846 attentare3
1238 2804 1342 2850 idque
1362 2814 1436 2838 cum
1453 2802 1651 2844 didicisset,
1675 2801 1740 2836 mi-

255 2847 368 2880 ratum
383 2856 461 2881 esse
477 2845 646 2893 quendam
663 2857 708 2883 ex
725 2847 906 2883 veteribus
923 2848 1158 2896 sapientibus,-
1183 2861 1252 2886 non
1269 2848 1362 2899 quod
1386 2849 1587 2896 navigasset
1602 2848 1738 2895 aliquis,
