1754 3164
198 128 221 175 1
230 128 330 176 302
705 135 1180 184 ANNOTATIONES.

194 257 265 282 του
299 237 493 283 δεσπότου
521 240 591 282 καὶ
620 244 724 283 θεοῦ
753 239 873 292 δόξαν
906 241 1240 296 μετεσκευάσατο,
1268 242 1387 317 μετά
1416 243 1492 299 τῆν
1520 244 1621 288 κατά
1651 248 1725 287 τοῦ

195 296 381 340 θανάτου
411 301 529 351 νίκην
569 298 714 371 (δίκην
747 303 775 338 Γ
779 301 843 343 od
872 302 984 344 Colb.
996 304 1036 355 ),
1083 302 1152 344 καὶ
1181 300 1277 356 μετά
1314 299 1390 356 τήν
1428 304 1486 353 εἰς
1523 319 1726 359 ουρανους

197 355 370 407 όῖνοδον,
409 355 479 397 καὶ
507 354 604 410 μετὰ
635 354 711 411 τὴν
741 358 785 399 ἐν
813 374 868 399 τω
904 361 1100 414 βασιλικῷ
1127 357 1282 429 θρόνῳ
1302 357 1409 414 ἀμφὶ
1436 359 1485 401 τοῖ
1516 360 1625 411 δεξιοὶ
1654 364 1727 401 τοῦ

197 411 348 467 πατρὸς
387 413 571 467 ι’δρυσιν,
613 412 711 486 μετά
741 414 817 484 τῆν
851 416 895 457 ἐν
930 422 1014 466 τοῖς
1052 414 1395 471 ἀκατονομάστοις
1430 417 1499 459 καὶ
1537 415 1586 459 ἀό
1565 414 1728 472 ῥ’ήτοις

197 469 364 519 κόλποις
394 474 469 512 τοῦ
497 470 647 525 πατρός
676 468 920 543 ἀνάπαυσιν,
951 475 1007 524 εἰς
1035 473 1089 529 ἢν
1119 472 1282 517 ἀνιόντα
1309 475 1378 517 καὶ
1407 472 1729 529 ἀποκαθιστάμε-

198 545 273 571 νον
299 529 345 569 αῖ
370 525 559 601 οὐράνιαι
587 528 780 584 δυνάμεις
810 527 1100 586 ἀνευφήμουν,
1129 532 1337 587 λέγουσαι·
1378 530 1499 587 άρατε
1527 529 1657 582 πύλας
1690 532 1733 574 οἱ

200 585 388 641 ἔίρχοντες
415 585 553 639 ὑμῶν,
605 587 674 628 καὶ
703 585 910 659 ἐπάρθητε
945 588 1069 631 πύλαι
1099 589 1280 641 αἰώνιοι,
1318 589 1388 631 καὶ
1419 587 1680 632 εἰσελεύσεται
1710 588 1732 631 6

201 642 388 699 βασιλευς
416 647 490 696 τῆς
519 641 647 698 δόξης.
704 642 884 698 [οὐκοῦν
914 648 984 688 καὶ
1012 647 1042 701 η’
1071 652 1145 690 τοῦ
1172 644 1323 689 δούλου
1353 664 1491 718 μορφη
1524 648 1567 690 ἐν
1596 644 1733 689 τοιού-

201 719 285 751 τοις
312 701 523 772 γινομένη,
569 700 718 753 ἐξόλων
757 701 831 758 ὅλη
861 705 1150 759 μεταβέβληται
1179 705 1245 747 ἐπὶ
1275 709 1364 758 φῶς
1392 703 1517 746 αὐτοῦ
1555 703 1734 758 α’ρὅτον

201 760 272 802 καὶ
301 756 614 830 ἀνεκδιήγητον,
645 757 760 820 αύτῷ
786 778 841 802 τω
872 766 963 833 θεῷ
991 762 1095 820 λόγω
1125 763 1280 836 πρέπον
1311 765 1421 814 φῶς,
1453 759 1551 833 ὅπερ
1581 760 1735 813 ὀφθαλ-

204 815 279 889 μός
308 814 383 859 ούκ
401 815 538 869 εἶδεν,
574 818 642 859 καὶ
671 813 743 868 οὖς
773 804 850 861 ούκ
877 805 1074 890 ἤκουσεν,
1112 821 1182 862 καὶ
1211 820 1277 863 ἐπὶ
1305 822 1475 876 καρδίαν
1506 815 1735 888 ἀνθρώπου

205 872 282 918 ούκ
312 872 447 929 ἀνέβη.
477 878 563 925 πῶς
593 891 670 917 ουν
698 893 758 926 τις
786 881 867 919 τῶν
897 874 1110 920 ἀδυνάτων
1139 878 1341 929 ἐφίκοιτο,
1371 895 1460 926 πως
1489 876 1532 919 δὲ
1561 895 1634 931 της
1664 875 1738 918 ου’-

205 950 259 974 τω
279 936 534 987 θαυμαστῆς,
561 950 630 975 και
656 929 846 1006 ἀλῆπτου
868 939 1043 991 μορφῆς,
1078 936 1186 1004 εἴγε
1214 952 1288 992 χρη
1321 932 1486 1003 μορφὴν
1517 934 1572 977 ἔτι
1599 938 1738 976 καλεῖν

206 1007 282 1045 την
321 990 466 1032 ε’νθεον
502 991 571 1033 καὶ
609 1007 757 1046 νοεραν
796 989 965 1044 ουσίαν,
1004 991 1143 1035 εἰκόνα
1171 1010 1230 1043 τις
1260 989 1580 1060 ζωγραφήσειεν,
1614 992 1650 1033 εἰ
1682 988 1736 1045 μὴ

207 1053 294 1098 τοῖς
324 1045 509 1098 ἀπίστοις
540 1048 704 1090 ε’θνεσιν
744 1049 890 1104 ὅμοίως
918 1049 966 1092 τᾶ
998 1053 1164 1123 μηδαμῆ
1193 1053 1388 1118 μηδαμῶς
1425 1046 1580 1092 ἐοικότα
1609 1049 1742 1105 ἕαυτῳ

208 1123 268 1155 τις
298 1102 698 1176 ἀναζωγραφήσειεν,
731 1106 863 1163 ω’σπερ
890 1125 1069 1164 γραφευς
1098 1107 1223 1163 μηδὲν
1251 1105 1406 1151 ἐοικότα
1435 1104 1617 1180 γράφων.
1659 1123 1743 1148 τοι-

211 1166 297 1205 οῑδε
324 1162 400 1219 γάρ
430 1160 632 1214 κάκεῖνοι,
673 1161 1078 1216 ἀνειδωλοποιοῦντες
1106 1165 1136 1219 ἥ
1164 1182 1260 1207 ποτε
1287 1164 1408 1218 θεὸν,
1449 1165 1504 1214 ὥς
1518 1165 1743 1235 ηγοῦνται,

210 1220 240 1274 ’ἤ
269 1238 360 1262 τινα
390 1220 472 1274 (ως
501 1218 553 1262 ἂν
583 1225 729 1279 φαῖεν)
744 1220 932 1293 ηριόων,
970 1221 1000 1278 ἤ
1028 1240 1066 1266 τι
1097 1227 1179 1265 τῶν
1214 1220 1408 1265 τοιούτων
1447 1220 1633 1264 πλάττειν
1672 1221 1744 1263 καὶ

213 1276 444 1328 ἀπεικάζειν
472 1278 673 1331 ἐθέλοιεν,
705 1276 827 1322 οὐδὲν
857 1278 1013 1334 ὅμοιον,
1048 1279 1143 1323 οὐδὲ
1172 1278 1328 1349 ἐγγυς,
1341 1277 1423 1322 οἷοί
1451 1296 1492 1321 τε
1513 1279 1625 1328 ὅντες
1645 1275 1744 1334 γρά-

214 1353 330 1391 φειν,
374 1332 570 1377 ἀλλόκοτα
606 1342 947 1392 σκιογραφοῦσιν,
990 1336 1224 1393 ἀνδρείκελα
1255 1334 1434 1391 σχήματα
1463 1334 1744 1409 διαχαράττον-

214 1412 290 1444 τες
335 1393 436 1447 ημῖν
473 1392 517 1435 δὲ
552 1391 614 1436 ὅτι
647 1412 701 1448 μη
735 1398 893 1437 δίκαιον
921 1394 971 1437 vo>
1008 1400 1194 1448 τοιαῦτα,
1234 1393 1395 1444 πάντως
1423 1411 1504 1437 που
1533 1395 1602 1436 καὶ
1640 1390 1744 1446 αὕτη

217 1449 470 1506 συμβάλλεις.
512 1447 598 1493 ἀλλ’
630 1453 666 1494 εἰ
696 1470 750 1507 μη
781 1457 854 1507 τῆς
883 1454 940 1502 εἰς
966 1452 1070 1495 θεόν
1098 1454 1416 1507 μεταβληθείσης
1445 1456 1619 1506 μορφῆς,
1647 1448 1747 1492 ἀλλα

216 1527 289 1552 του
321 1507 399 1564 πρὸ
423 1512 495 1562 τῆς
525 1512 746 1564 μεταβολῆς
777 1512 944 1582 σαρκίον
974 1508 1101 1552 αυτοῦ
1130 1509 1181 1565 δὴ
1210 1514 1287 1579 ‘1:0le
1314 1514 1474 1563 θνητοῦ
1500 1527 1576 1563 την
1607 1505 1748 1550 εἰκόνα

219 1566 304 1625 φῄς
331 1563 433 1622 παρ’
460 1566 580 1639 ἡμων
608 1568 745 1610 αἰτεῖν.
777 1585 856 1623 αρα
884 1585 959 1623 γαρ
989 1565 1108 1611 τοῦτό
1143 1582 1185 1610 σε
1215 1565 1342 1622 μόνον
1373 1567 1560 1609 διέλαθεν
1580 1564 1626 1608 τό
1646 1561 1748 1608 ἀνά-

220 1637 404 1696 γνωσμα,
444 1624 488 1666 ἐν
523 1626 554 1678 ᾧ
590 1625 614 1668 6
639 1624 743 1675 θεός
781 1631 1000 1679 νομοθετεῖ
1033 1643 1087 1680 μη
1127 1631 1260 1667 ποιεῖν
1299 1625 1498 1679 ὁμοίωμα,
1541 1620 1641 1678 μήτε
1667 1626 1749 1664 τῶν

220 1682 295 1725 όσα
323 1683 367 1724 ἐν
395 1698 450 1723 τω
475 1680 657 1754 ου’ρανῷ,
687 1699 785 1737 μητε
815 1687 896 1725 τῶν
926 1681 1002 1726 ὅσα
1031 1685 1075 1726 ἐν
1099 1687 1151 1741 τῇ
1178 1687 1234 1753 γῆ
1263 1681 1394 1733 κάτω,·
1423 1680 1452 1736 ἦ
1483 1683 1588 1723 ε’στιν
1616 1679 1680 1722 ότε
1706 1680 1750 1722 ἐν

222 1740 411 1797 ἐκκλησία
438 1737 485 1781 τό
512 1744 697 1782 τοιοῦτον
726 1738 755 1795 ἢ
785 1737 912 1794 αὕτη,
952 1739 980 1795 ἢ
1010 1741 1078 1782 καὶ
1107 1737 1206 1809 παρ’
1246 1739 1369 1782 α’λλου
1398 1743 1516 1782 τοῦτο
1546 1737 1750 1793 ἤκουσας,-

225 1795 314 1852 ούχὶ
344 1796 388 1839 δὲ
424 1794 525 1839 καθ’
564 1796 659 1852 ὅλης
688 1802 759 1853 τῆς
800 1798 1040 1852 οἰκουμένης
1076 1795 1283 1866 ἐξώρισται
1311 1797 1381 1839 καὶ
1407 1793 1549 1868 πόρρω
1578 1812 1660 1837 των
1689 1796 1753 1838 ἐκ-

224 1859 402 1909 κλησιῶν
431 1853 733 1927 πεφυγάδευται
766 1873 814 1897 τα
843 1873 1029 1908 τοιαυτα,
1070 1853 1210 1910 μόνοις
1235 1872 1277 1897 τε
1314 1855 1415 1908 ημῖν
1433 1872 1501 1917 ,μη
1533 1854 1679 1904 ἐξεῖναι
1707 1850 1753 1894 το“

225 1916 411 1955 τοιοῦτον
447 1919 581 1955 ποιεῖν
618 1930 751 1982 παρα
767 1926 867 1956 πασι
905 1911 1118 1967 βεβόηται;
1157 1943 1168 1952 .
1190 1944 1199 1953 .
1223 1943 1232 1952 .
1254 1945 1263 1954 .
1294 1909 1369 1954 ούκ
1407 1909 1500 1954 οἶδα
1527 1928 1604 1966 γαρ
1635 1908 1754 1958 '‘67cm9

227 1967 400 2026 γύναιόν
427 1986 467 2012 τι
506 1987 602 2024 μετα
640 1967 775 2025 χεῖράς
816 1987 912 2013 ποτε
954 1968 1029 2013 δύο
1069 1987 1182 2020 τινας
1219 1970 1414 2039 φέρουσα
1439 1967 1754 2036 καταγεγραμμέ-

229 2044 349 2079 νους,
400 2026 454 2077 ὦς
483 2025 534 2069 c'iv
565 2026 835 2102 φιλοσόφους,
882 2025 1083 2083 ἀπέρριψε
1118 2024 1257 2082 λόγον,
1303 2044 1358 2076 ως
1388 2023 1441 2068 ἂν
1471 2024 1551 2068 εἶεν
1583 2023 1754 2067 Παύλου

230 2085 300 2127 καὶ
328 2087 401 2126 τοῦ
431 2089 630 2140 σωτῆρος·
676 2103 751 2127 ουκ
790 2085 864 2139 ἔχω
901 2085 1056 2155 λέγειν,
1092 2084 1185 2127 οὔτε
1223 2081 1382 2127 ὁπόθεν
1421 2086 1624 2138 λαβοῦσα,
1663 2080 1754 2124 οὔτε

231 2140 332 2185 σθεν
359 2146 478 2184 τοῦτο
508 2147 713 2197 μαθουσα.
744 2143 813 2185 ι’να
844 2141 900 2197 μῆ
929 2142 973 2184 δὲ
1003 2139 1107 2197 αύτή
1137 2141 1238 2197 μηδὲ
1266 2142 1392 2196 ε’τεροι
1421 2142 1754 2191 σκανδαλίζοιντο,

235 2196 483 2254 ἀφελόμενος
510 2198 680 2270 ταύτην,
706 2197 804 2256 παρ’
833 2199 1006 2254 ἐμαυτόν
1034 2206 1238 2254 κατεῖχον,
1268 2197 1342 2253 ούχ
1363 2195 1600 2254 ηγούμενος
1628 2201 1754 2246 καλῶς

236 2258 338 2312 ε’χειν
368 2259 424 2306 εις
453 2257 610 2325 ετέρους
638 2255 741 2308 ὅλως
769 2258 953 2312 ἐκφέρειν
981 2263 1127 2310 ταῦτα,
1157 2259 1227 2299 ι’να
1256 2274 1310 2311 μη
1342 2258 1525 2310 δοκῶμεν
1556 2257 1674 2308 δίκην
1705 2255 1754 2295 εἰ-

237 2311 596 2384 δωλολατρούντων
624 2314 692 2357 τὸν
721 2314 819 2358 θεὸν
850 2316 970 2370 ἡμων
997 2317 1041 2358 ἐν
1071 2312 1193 2358 εἰκόνι
1219 2313 1462 2369 περιφέρειν.
1525 2309 1696 2354 Παύλου
1718 2327 1754 2353 τε

239 2369 377 2415 ἀκούω
404 2369 559 2423 πάντας
590 2372 697 2426 ἡμᾶς
725 2373 1011 2425 παιδεύοντος,
1051 2373 1189 2427 μηκέτι
1217 2377 1301 2420 τοῖς
1330 2375 1535 2442 σαρκικοῖς
1562 2368 1754 2439 προσανέ-

239 2447 340 2499 χειν.
367 2430 403 2471 εἰ
421 2447 497 2486 γαρ
526 2430 701 2485 ε’γνωμέν
733 2443 859 2484 φησιν
887 2448 989 2473 κατα
1019 2429 1148 2500 σάρκα
1179 2426 1362 2482 Χριστὸν,
1394 2425 1494 2470 ἀλλα
1521 2431 1598 2468 νῦν
1628 2423 1754 2468 ου’κέτι

240 2484 504 2555 γινώσκομεν.
561 2489 729 2541 Σίμωνα
756 2487 824 2531 τὸν
853 2485 982 2560 μάγον
1008 2485 1131 2557 λόγος
1164 2486 1241 2541 ἔχει
1277 2501 1387 2541 παρα
1414 2490 1500 2535 τοῖς
1530 2481 1672 2533 ἀθέοις
1702 2483 1754 2525 αἷ-

243 2542 449 2614 ρεσιώταις
477 2550 814 2614 προσκυνεῖσθαι,
856 2547 899 2589 ἐν
929 2543 1074 2602 ἀψύχῳ
1102 2542 1179 2602 ύλῃ
1209 2542 1592 2614 καταγεγραμμένον.
1641 2543 1754 2583 ἐθεω

245 2600 426 2657 ρήσαμεν
455 2601 499 2643 δὲ
525 2603 594 2644 καὶ
623 2598 735 2643 αυτοὶ
763 2601 836 2645 τόν
872 2607 943 2658 τῆς
975 2605 1119 2657 μανίας
1156 2586 1370 2672 ἐπώνυμον
1406 2598 1489 2642 vno*
1517 2603 1599 2640 τῶν
1628 2602 1754 2639 Μανι

244 2663 368 2714 χαίων
398 2658 526 2702 εἰκόνι
555 2658 922 2715 δορυφορούμενον.
951 2660 1051 2715 ’ἡμῖν
1076 2659 1118 2702 δὲ
1148 2655 1359 2713 ἀπείρηται
1377 2674 1427 2699 τα
1455 2659 1631 2698 τοιαῦτα.
1662 2653 1754 2697 θεότ

245 2721 348 2772 γοῦν
376 2715 518 2786 κύριον
547 2716 620 2760 τόν
650 2721 807 2772 σωτῆρα
841 2718 961 2773 ημῶν
995 2718 1309 2785 ὅμολογουντες,
1350 2732 1404 2765 ως
1437 2712 1539 2756 θεὸν
1571 2714 1670 2755 ἰδεῖν
1705 2729 1754 2754 ευ

247 2772 532 2829 τρεπιζόμεθα,
561 2773 671 2847 πάση
693 2777 862 2845 σπουδῃ
890 2773 1146 2826 καθάραντες
1175 2790 1291 2814 αυτοι
1315 2789 1386 2821 τας
1415 2772 1569 2813 ἕαυτων
1587 2771 1754 2844 καρδίας

249 2849 304 2883 ως
333 2849 386 2874 αν
418 2833 574 2888 ι’δοιμεν
603 2816 730 2875 αυτόν
759 2831 1068 2889 κεκαθαρμένοι
1121 2827 1313 2887 μακάριοι
1340 2846 1416 2885 γαρ
1447 2830 1490 2872 οἱ
1515 2828 1690 2882 καθαροὶ
1719 2832 1754 2883 vi
