1794 3172
296 142 430 193 1030
699 147 1015 196 NICEPHORI
1047 147 1372 196 GREGORAE

72 272 110 307 A.
124 270 171 306 Μ.
189 268 281 308 6859
294 258 452 313 εἰκόνας
473 265 560 312 τοῖς
582 257 660 312 ἔξω
675 258 819 304 λοιπὸν
842 260 910 303 καὶ
930 255 1031 305 τάδε
1049 256 1248 316 πομπεύει
1267 259 1321 305 τὰ
1338 256 1579 320 γράμματα,
1607 280 1770 318 μεσημ-

128 315 235 354 Ῑ“ᾱ·4
290 336 437 390 βρινῆς
455 330 619 381 ἀκτῖνος
638 330 984 389 περιφανέστερον
1005 329 1054 374 τὸ
1076 330 1290 389 βδέλυγμα
1321 335 1398 388 τῆς
1429 329 1606 388 ἐσχάτης
1632 329 1771 390 ὗπάρ-

286 419 373 459 χειν
398 397 642 458 ἐρημώσεως
673 397 932 458 αὐτόχρημα.
979 399 1087 444 ἀλλὰ
1114 405 1190 444 τοῦ
1220 418 1263 458 γε
1293 405 1520 457 θεομισοῦς
1544 399 1770 457 ἀναθήμα-

138 478 182 515 Ρ.
199 477 269 518 648
292 488 364 522 τος
384 471 533 514 ἐκείνου
556 474 610 528 τῇ
632 469 721 530 ἱερᾷ
749 470 929 528 τραπέζῃ
951 469 1210 522 ἐπιτεθέντος
1237 468 1264 526 ἧ
1294 471 1393 514 θεία
1413 471 1490 526 μὲν
1521 470 1598 527 οὔχ
1626 468 1769 527 ἥψατο

288 545 461 598 ψῆφος,
508 538 638 590 εὐθὺς
679 538 753 596 τὴν
790 537 993 597 ἀνάλογον
1035 540 1289 599 ἐπιφέρουσα
1326 544 1378 599 τῇ
1415 538 1548 598 τόλμῃ
1583 538 1794 585 κόλασιν.5

291 608 380 670 (Γ)
411 609 526 654 Ἀλλ’
552 610 591 653 οἳ
609 607 742 669 κύκλῳ
765 607 1066 666 περιϊστάμενοι
1086 610 1187 662 τέως
1217 611 1427 653 ἐπίσκοποι
1447 612 1516 654 καὶ
1545 608 1772 668 πρεσβύτε-

291 697 357 738 ροι
374 677 524 731 πάντες
546 677 748 735 ἐβόησαν,
789 679 865 735 οὐχ
888 678 1016 738 ἥνπερ
1038 681 1160 738 ἐχρῆν
1182 681 1437 736 ἐπιτίμησιν·
1474 678 1537 724 ὅτι
1555 684 1657 734 πῶς,
1697 678 1772 723 ἄν·

290 754 463 807 θρωπε,
496 753 557 808 τῷ
576 747 693 808 μόνῳ
723 747 890 793 πάντων
911 755 1062 809 ποιητῇ
1082 754 1172 809 θεῷ’
1202 747 1416 806 θεοτήτων
1437 749 1657 807 ἐπενεγκεῖν
1678 751 1771 792 δια-ι

289 817 432 878 φόρων
453 817 708 874 τετόλμηκας
729 823 915 875 πλῆθος,
955 822 1023 863 καὶ
1045 818 1200 876 ἥκιστα
1236 819 1375 870 δέδιας
1403 819 1510 863 κατὰ
1542 823 1700 863 σαυτοῦ
1727 836 1771 862 τε

251 890 361 933 Βκοιὶ
378 887 498 945 ἡμῶν
519 890 587 931 καὶ
599 886 813 944 Ῥωμαίων
830 887 1025 933 ἁπάντων
1042 887 1374 947 προκαλούμενος
1392 889 1469 946 τὴν
1491 888 1653 945 ἄμαχον
1670 889 1794 935 ἐκεί-1

293 976 368 1016 νην
392 958 606 1017 ῥομφαίαν
639 960 708 1002 καὶ
735 959 833 1010 τοὺς
860 963 945 1003 τῶν
973 964 1111 1003 κακῶν
1138 959 1361 1010 παιδευτὰς
1384 960 1598 1017 αἲθερίους
1622 976 1773 1017 κεραυ-

263 1039 266 1042 ’
291 1026 418 1084 νούς;
463 1025 624 1072 τούτων
650 1029 726 1083 μὲν
757 1023 830 1072 οὖν
866 1028 985 1072 οὐδὲν
1012 1034 1095 1073 τῶν
1124 1027 1319 1073 ἁπάντων
1355 1027 1450 1073 οὔτ’
1486 1027 1625 1082 εἶπον,
1665 1027 1769 1072 οὔθ’

139 1098 184 1136 V.
202 1098 273 1137 523
295 1092 391 1155 ἧκεν
422 1096 564 1148 αὐτοῖς
594 1097 713 1141 οὐδὲν
747 1098 812 1141 ἐπὶ
837 1103 961 1153 νοῦν,
998 1097 1026 1141 ἃ
1053 1100 1123 1142 καὶ
1150 1103 1226 1156 τῆς
1253 1098 1454 1156 ἀληθείας
1476 1096 1667 1156 ἓγγῦτερα
1695 1093 1772 1154 ἦν·

292 1167 399 1212 ἀλλὰ
417 1165 596 1218 κόλακας
623 1167 787 1211 ἕκαστοι
813 1166 961 1225 λόγους
995 1167 1373 1226 προμελετήσαντες
1406 1166 1677 1224 ὑπισχνοῦντο
1705 1168 1774 1211 καὶ

291 1236 531 1296 προῦφερον
542 1269 557 1290 ,
594 1235 621 1280 ἃ
641 1234 766 1295 φύσις
784 1238 899 1294 δίκης
917 1239 1118 1296 περαίνειν
1141 1238 1216 1281 οὖκ
1235 1236 1341 1281 οἶδεν
1355 1251 1366 1262 ·
1404 1235 1466 1281 ὅτι
1485 1244 1573 1288 τοῖς
1592 1238 1669 1291 μὲν
1688 1235 1765 1280 πά·
1783 1248 1794 1282 1

255 1312 364 1354 (ἶλαι
382 1310 597 1361 βασιλεῦσι
616 1304 752 1351 κοινόν
773 1324 812 1350 τι
831 1309 899 1350 καὶ
917 1305 1092 1365 πάτριον
1113 1305 1364 1363 σπούδασμα
1387 1302 1440 1363 ἦν
1450 1340 1464 1362 ,
1502 1308 1677 1363 κομίζειν
1707 1308 1773 1350 ἐν-

287 1382 436 1421 ταῦθα
460 1380 605 1435 χρυσῷ
642 1378 711 1419 καὶ
750 1374 916 1436 ἀργύρῳ
950 1379 1017 1420 καὶ
1050 1378 1188 1428 λίθοις
1216 1378 1457 1432 πολυτίμοις
1489 1376 1774 1433 κεκοσμημένα

290 1445 415 1503 σκεύη
455 1447 524 1489 καὶ
562 1444 735 1499 ἔπιπλα,
771 1448 840 1489 καὶ
867 1451 1040 1490 τοιαῦτα
1069 1446 1176 1490 ἄττα
1206 1444 1407 1503 κειμήλια.
1455 1446 1507 1490 σύ
1537 1447 1582 1490 δὲ
1610 1444 1775 1504 προσή-

290 1533 435 1573 νεγκας
468 1517 604 1574 δῶρον
634 1516 788 1571 ἐπῆλυ,
826 1518 893 1559 καὶ
923 1516 1087 1573 οὐδαμῆ
1120 1516 1219 1561 ποτ’
1251 1514 1447 1574 ἐγχώριον
1473 1520 1526 1575 τῇ
1557 1520 1633 1560 τοῦ
1666 1519 1773 1560 θεοῦ

290 1585 508 1647 ἐκκλησίᾳ·
544 1585 640 1628 ἀλλ’
663 1583 749 1629 οἷον
767 1590 852 1629 τῶν
870 1587 913 1637 ἐξ
933 1588 1083 1636 αῗῶνος
1108 1584 1315 1641 κεκόμικεν
1335 1585 1661 1637 οὗδεὶς,οὗδε’πω
1689 1590 1794 1641 βα-Ξ

290 1653 439 1706 σιλεύς.
476 1656 544 1698 καὶ
566 1656 631 1700 σοὶ
656 1656 899 1711 πλατυσμόν
920 1654 1236 1712 ὖπισχνούμεθα
1264 1661 1340 1713 τῆς
1370 1656 1558 1707 ἐξουσίας
1590 1653 1696 1699 κατά
1727 1655 1770 1699 τ’

251 1723 503 1784 ΒΕὖρώπην
524 1727 593 1769 καὶ
615 1724 783 1781 Ἀσίαν,
822 1723 910 1770 οἷον
935 1725 1051 1770 οὔπω
1075 1730 1158 1770 τῶν
1178 1724 1306 1769 πάλαι
1330 1725 1536 1781 βασιλέων
1566 1720 1680 1784 εὗρεν
1701 1724 1774 1769 οὗ-

293 1797 399 1849 δεὶς,
438 1794 535 1838 οὐδὲ
572 1796 756 1851 μείζονος
793 1793 1042 1846 ἀντιδόσεως
1077 1794 1270 1852 τετύχηκε
1311 1795 1415 1852 πρὸς
1445 1799 1551 1838 θεοῦ
1562 1828 1577 1850 ,
1615 1799 1690 1838 τοῦ
1723 1794 1772 1838 τὸ

294 1862 496 1922 ἀνάλογον
511 1868 587 1921 τῆς
608 1869 880 1924 προσαγωγῆς
898 1863 1177 1916 ἀντιδιδόντος
1204 1862 1399 1919 κατόπιν,
1438 1866 1507 1908 καὶ
1537 1864 1605 1907 διὰ
1628 1863 1676 1908 τὸ
1697 1867 1773 1921 τῆς

297 1972 505 2022 spectandas
522 1974 660 2021 publice
678 1974 841 2011 exhibent
859 1974 901 2009 iis
917 1974 976 2021 qui
994 1974 1080 2010 foris
1097 1977 1190 2017 sunt,
1213 1977 1252 2010 ut
1269 1974 1456 2011 meridiano
1474 1974 1547 2010 sole
1563 1973 1689 2010 clarius
1707 1986 1773 2021 pa·

296 2026 392 2064 teat,
423 2033 497 2057 eam
527 2034 605 2057 esse
629 2033 754 2057 revera
785 2022 1066 2057 abominationem
1093 2022 1232 2057 ultimae
1262 2022 1496 2057 desolationis.
1553 2021 1657 2056 Enim
1687 2033 1772 2057 vero

297 2068 394 2104 Deus
413 2068 561 2103 invisum
581 2068 646 2103 sibi
663 2069 806 2111 donum,
832 2073 950 2104 sancto
967 2069 1069 2104 altari
1088 2069 1282 2116 impositum
1296 2095 1306 2112 ‚
1330 2069 1499 2114 suffragio
1517 2079 1579 2103 suo
1600 2068 1690 2103 haud
1717 2068 1775 2103 di-

297 2119 428 2161 gnatus
444 2119 517 2157 est3
551 2116 612 2150 sed
633 2126 750 2162 parem
773 2115 890 2150 atatim
915 2116 1079 2151 audaciae
1106 2128 1248 2162 poenam
1269 2116 1439 2162 rependit.
1496 2114 1599 2161 (111.)
1625 2117 1670 2149 At
1698 2114 1775 2161 epi-

299 2161 396 2207 scopi
414 2165 451 2196 et
477 2162 674 2207 presbyteri
700 2166 771 2196 tum
797 2162 1057 2197 circumstantes
1080 2163 1235 2198 universi
1253 2163 1510 2203 acclamabant3
1534 2173 1602 2196 non
1624 2161 1676 2196 illi
1697 2161 1775 2207 qui-

299 2207 377 2242 dem
395 2207 448 2242 his
469 2209 607 2250 verbis,
631 2208 723 2243 sicut
750 2208 916 2252 decebat,
947 2221 1020 2244 eum
1042 2209 1283 2255 obiurgantes:
1315 2210 1400 2244 heus
1419 2214 1457 2243 tu
1485 2208 1604 2250 homo,
1630 2219 1774 2253 quomo-

299 2254 346 2288 do
366 2265 468 2289 ausus
487 2266 524 2290 es
539 2255 639 2289 unico
657 2254 803 2290 omnium
823 2255 956 2291 auctori
975 2255 1050 2291 Deo
1069 2256 1199 2291 offerre
1216 2256 1427 2291 diversarum
1448 2254 1668 2289 divinitatum
1688 2254 1775 2288 mul-

297 2300 496 2343 titudinem,
520 2313 584 2336 nec
608 2302 741 2337 veritus
768 2314 804 2336 es
828 2301 864 2337 in
888 2306 924 2338 te
952 2302 1083 2348 ipsum,
1107 2303 1143 2338 in
1173 2314 1256 2345 nos,
1280 2303 1317 2337 in
1336 2313 1451 2337 omnes
1466 2302 1654 2343 Romanos,
1680 2300 1775 2335 ciere

297 2347 450 2393 gladium
468 2347 563 2383 illum
577 2346 845 2391 intolerabilem,
869 2353 905 2385 et
929 2350 1092 2385 caelestia
1111 2349 1274 2391 fulmina,
1297 2360 1362 2394 per
1387 2359 1478 2394 quae
1498 2346 1646 2393 improbi
1666 2347 1774 2381 casti-

295 2395 451 2440 gantur?
483 2395 611 2430 Horum
629 2394 713 2429 nihil
734 2396 776 2430 ab
796 2396 840 2430 iis
863 2396 1010 2439 dictum,
1034 2396 1134 2431 immo
1152 2408 1196 2431 ne
1216 2396 1405 2441 cogitatum
1423 2393 1582 2440 quidemae
1608 2404 1699 2440 quae
1717 2397 1775 2428 ta-

295 2451 373 2476 men
390 2440 482 2476 veris
501 2440 668 2488 propiora
685 2446 793 2478 erant.
841 2443 913 2477 Sed
933 2444 1043 2478 verba
1063 2442 1296 2489 unusquisque
1316 2441 1493 2476 adulantia
1513 2439 1773 2495 praemeditati,

295 2487 550 2534 pollicebantur
576 2491 613 2523 et
637 2489 876 2535 proponebant
901 2501 964 2531 ea,
998 2501 1107 2536 quae,
1141 2495 1180 2524 ut
1209 2493 1264 2524 est
1289 2491 1416 2523 natura
1441 2487 1617 2529 iustitiae,
1651 2486 1774 2532 perfici

294 2545 364 2569 non
392 2534 575 2570 debebant.
621 2535 810 2577 „Veterum
838 2536 1082 2582 imperatorum
1100 2546 1275 2570 commune
1295 2534 1378 2570 illud
1399 2536 1435 2569 et
1455 2533 1606 2580 patrium
1628 2532 1773 2568 institu-

295 2584 369 2615 tum
394 2580 462 2615 fuit
489 2580 688 2627 (aiebant),
714 2586 756 2616 ut
780 2594 864 2618 vasa
895 2587 931 2617 et
957 2582 1203 2630 supellectilia,
1228 2592 1333 2623 auro,
1357 2585 1526 2626 argento,
1549 2583 1587 2614 et
1633 2578 1773 2614 retiosis

295 2626 470 2673 lapidibus
490 2633 631 2671 ornata,
654 2632 691 2663 et
708 2628 793 2663 alias
810 2629 975 2664 eiusmodi
997 2641 1102 2675 gazas
1121 2629 1247 2664 afferre
1268 2629 1334 2663 huc
1356 2627 1545 2663 studerent.
1639 2636 1661 2659 u
1687 2635 1772 2660 vero

295 2673 454 2709 obtulisti
476 2673 600 2710 donum
620 2674 868 2719 adventitium,
892 2681 929 2712 et
945 2687 1018 2711 rem
1038 2675 1172 2711 minime
1189 2674 1385 2720 indigenam
1406 2672 1576 2709 ecclesiae
1594 2671 1685 2714 Dei3
1709 2669 1772 2705 sed

296 2720 431 2765 qualem
457 2721 502 2756 ab
523 2720 612 2756 omni
638 2731 724 2756 aevo
744 2722 857 2757 nullus
882 2723 1218 2769 unquam-princeps
1243 2721 1420 2756 intulerat.
1474 2720 1551 2756 Nos
1572 2721 1687 2754 autem
1705 2716 1772 2751 tibi

296 2766 415 2801 finium
432 2767 566 2822 imperii
593 2771 631 2802 et
645 2767 787 2802 ditionis
807 2780 870 2815 per
893 2769 1066 2816 Europam
1088 2773 1123 2804 et
1143 2779 1206 2815 per
1236 2767 1352 2822 Asiam
1369 2765 1653 2822 propagationem
1671 2761 1773 2818 polli-

300 2823 436 2856 cemur-3
459 2825 511 2849 sic
530 2818 570 2850 ut
586 2818 741 2851 veterum
760 2815 951 2861 principum
970 2815 1097 2851 nemini
1117 2825 1263 2861 unquam
1281 2814 1360 2848 talis
1377 2815 1555 2858 obtigerit,
1579 2822 1643 2846 nec
1664 2817 1773 2844 maior

298 2859 459 2907 cuiquam
474 2871 607 2898 merces
623 2860 707 2899 data
725 2871 748 2898 a
764 2861 840 2898 Deo
858 2862 983 2898 fueritz
1005 2862 1066 2909 qui
1086 2861 1235 2910 quidem,
1257 2871 1320 2909 pro
1335 2859 1443 2896 oblati
1457 2857 1606 2895 muneris
1623 2856 1772 2897 ratione,
