1794 3172
253 136 359 186 904
394 140 397 142 ’
669 143 987 190 NICEPHORI
1015 145 1342 192 GREGORAE
1382 140 1383 143 ¹

34 268 72 301 A.
90 267 136 301 M.
154 263 245 302 6859
256 255 363 300 ἄλλα
389 255 571 314 φείδοιτο
597 255 807 312 λοιδορίας
837 252 1107 311 ἡστινοσοῦν,
1143 254 1406 313 θαυμάζοιμ’
1436 255 1488 302 ἂν
1514 254 1661 314 αὗτός,
1700 262 1735 305 εἲ

89 311 197 349 Ῑ“ᾱ·4
252 327 311 384 μὴ
332 327 373 378 ἐς
394 323 606 381 ἀβύσσους
625 323 822 381 αῗσχύνης
844 327 913 368 καὶ
932 326 1150 381 πυθμένας
1162 327 1314 383 γίνοιτο
1332 325 1600 386 ὑποβρύχιος,
1622 328 1736 380 ὅστις

111 406 234 445 Ρ.569
257 398 357 441 ποτὲ
385 395 435 439 ἂν
457 391 484 453 ᾗ
495 429 508 448 ,
543 394 724 450 χαλεπὸν
747 395 809 438 ἀεὶ
834 393 1055 452 γειτόνημα
1073 396 1147 440 τὸν
1169 401 1243 440 τοῦ
1271 396 1507 448 συνειδότος
1528 397 1736 454 κτησάμε-

255 485 327 518 νος
357 465 538 509 πέλεκυν.
603 462 807 508 τοσούτου
845 467 985 509 τοίνυν
1014 464 1229 521 Ὀλύμπου
1265 469 1407 511 δεινῶν
1452 469 1735 523 ε’πισειομένων

253 535 365 593 ἡμῖν,
388 537 422 578 εἲ
441 532 677 590 ψεύδεσθαι
696 536 1016 592 βουληθείημεν,
1038 536 1224 579 ἐνταῦθα
1249 535 1364 592 μάλα
1383 541 1544 592 μᾶλλον
1560 536 1765 595 ἀνάγκη,5

253 606 388 650 τᾶλλα
426 605 787 663 παρατρέχοντας,
826 607 894 648 καὶ
924 605 1028 663 πρὸς
1055 606 1157 649 θεὸν
1193 604 1323 661 μόνον
1355 605 1562 664 ὁρῶντας,
1600 611 1737 651 λαλεῖν

254 676 331 732 τὴν
364 672 579 730 ἀλήθειαν.
635 675 762 719 ἔπειτ’
791 675 887 718 οὐδὲ
916 674 1155 733 παράδοξον
1189 675 1350 730 ἄλλως,
1390 678 1432 720 ἒν
1463 684 1552 728 τοῖς
1587 676 1735 720 ἄλλοτ’

255 746 391 796 ἄλλως
428 743 566 803 ῥέουσι
599 747 667 788 καὶ
700 745 939 803 φερομένοις
977 743 1206 803 πράγμασι,
1240 748 1307 789 καὶ
1341 744 1535 804 ἀόριστον
1568 745 1739 790 ἀνύουσι

211 814 409 868 Ὲπλοῦν,
446 814 520 858 τὸν
543 814 671 859 αὐτὸν
695 820 769 859 νῦν
796 816 871 870 μὲν
894 815 941 859 τὸ
973 816 1157 871 ἐπιτυχὲς
1178 820 1469 874 καρποῦσθαι,
1512 821 1585 860 νῦν
1616 816 1660 859 δ’
1695 817 1737 860 ἒν

253 889 315 945 τῷ
351 882 489 943 κλήρῳ
510 889 593 927 τῶν
617 883 907 942 ναυαγούντων
929 884 1251 943 ἀπροσδοκήτως
1281 885 1530 944 ῥιπτεῖσθαι.
1584 884 1735 930 τούτου
1751 893 1794 928 10

256 954 300 999 δ’
334 953 467 1004 οὕτως
499 953 687 1010 ἔχοντος,
727 955 802 998 οὐκ
843 954 893 998 ἂν
929 957 1095 1006 δικαίως
1126 957 1262 999 αἶτίαν
1300 957 1557 1014 φεροίμεθα,
1596 958 1631 999 εἲ
1663 961 1738 1012 τῆς

255 1025 458 1082 ἀληθείας
487 1026 554 1067 καὶ
584 1022 701 1080 ἡμεῖς
729 1026 772 1068 ἐν
800 1028 898 1083 τῇδε
921 1029 973 1084 τῇ
1001 1027 1136 1085 βίβλῳ
1159 1025 1234 1082 τὴν
1257 1027 1476 1081 βελτίστην
1508 1023 1739 1083 εἷσοῖγοντες

255 1092 455 1153 πρόνοιαν
490 1093 589 1144 τοὺς
620 1095 772 1146 αὐτοὺς
801 1100 875 1138 νῦν
905 1096 979 1151 μὲν
998 1103 1085 1145 τοῖς
1108 1097 1287 1146 ἐπαίνοις
1305 1096 1541 1153 ἐξαίρομεν,
1579 1094 1659 1152 ὅπη
1678 1095 1737 1152 μὴ

256 1164 354 1215 τοὺς
384 1161 613 1215 ἀκούοντας
644 1163 908 1220 βλάπτεσθαι
937 1167 1201 1222 περιγίνοιτο·
1237 1170 1310 1209 νῦν
1345 1167 1390 1209 δὲ
1425 1164 1739 1209 τᾶναντιώτατα

218 1237 436 1293 (ἱδρῶντες
456 1236 725 1291 φαινοίμεθα.
797 1234 886 1295 (Ε.)
913 1234 1001 1278 Ἔτι
1023 1237 1090 1278 καὶ
1116 1240 1239 1279 τοῦτο
1257 1242 1343 1285 τοῖς
1361 1236 1586 1293 εἰρημένοις
1605 1252 1738 1294 προσ-
1750 1241 1794 1280 15

255 1309 421 1348 κεῖσθαι
440 1303 574 1361 χρεὼν
599 1306 811 1349 ἐνταυθοῖ.
849 1304 964 1361 οἶμαι
985 1304 1063 1363 γὰρ
1085 1310 1168 1348 τῶν
1188 1303 1382 1348 ἁπάντων
1402 1305 1551 1348 οὐδένα
1571 1307 1740 1356 δικαίως

255 1376 347 1431 ἐμοὶ
365 1377 537 1435 νεμεσᾷν
547 1407 560 1427 ,
588 1377 622 1418 εἲ
640 1377 731 1434 περὶ
751 1379 855 1419 θεοῦ
875 1377 942 1418 καὶ
959 1379 1042 1419 τῶν
1060 1377 1243 1433 πατρίων
1265 1380 1340 1431 τῆς
1357 1375 1559 1430 ἀληθείας
1582 1374 1739 1432 δογμά-

254 1451 340 1489 των
363 1441 679 1488 κινδυνευόντων
713 1444 793 1488 ἀπὸ
817 1449 891 1488 τοῦ
922 1445 1014 1488 ἴσου
1045 1446 1306 1501 διαλεγοίμην
1329 1449 1387 1504 τῷ
1408 1449 1576 1499 βασιλεῖ
1577 1479 1591 1499 ,
1630 1443 1739 1489 πάν-

254 1532 333 1566 τας
369 1512 569 1565 καθάπαξ
607 1513 971 1572 ἀποκρουσάμενος
1000 1516 1213 1565 κολακείας
1243 1512 1413 1571 λόγους,
1461 1516 1529 1557 καὶ
1555 1517 1737 1576 μηδεμιᾷ

214 1584 332 1633 Βτόν
356 1588 431 1640 τῆς
451 1586 635 1636 διανοίας
656 1583 844 1641 κάλαμον
861 1583 1034 1640 βάπτειν
1055 1586 1184 1645 δειλία
1201 1586 1269 1627 καὶ
1288 1588 1470 1642 συστολῇ
1490 1587 1732 1641 βουληθεὶς,
1747 1595 1794 1631 20

254 1654 361 1712 μηδ’
387 1652 549 1711 ὑφεῖναι
571 1657 745 1711 μηδαμῆ
767 1659 842 1699 τοῦ
860 1653 981 1701 τόνου
999 1655 1117 1712 μέχρι
1140 1658 1331 1711 τελευτῆς
1350 1654 1491 1710 αὐτῆς.
1540 1656 1737 1698 κακοδαί-

253 1743 364 1782 μονα
382 1725 460 1783 γὰρ
484 1724 560 1781 ἐγώ
578 1725 650 1769 τὸν
670 1729 859 1769 τοιοῦτον
885 1729 1022 1771 καλεῖν
1046 1725 1120 1768 οὐκ
1143 1723 1196 1767 ἂν
1218 1724 1314 1768 ποτ’
1343 1722 1584 1781 ὀκνήσαιμι,
1624 1723 1670 1775 ὃς
1692 1725 1735 1768 ἒν

254 1795 432 1856 δευτέρῳ
465 1798 548 1838 τῶν
579 1796 776 1840 ἐνυπνίων
812 1799 887 1839 τοῦ
915 1796 1011 1851 βιόυ
1041 1794 1094 1838 τὰ
1133 1799 1232 1838 θεῖα
1262 1794 1479 1851 τιθέμενος
1513 1794 1607 1838 οὔτε
1635 1794 1737 1845 τούς

254 1929 389 1964 viribus
407 1928 576 1964 hominem
592 1929 702 1964 iratus
725 1929 934 1972 insectetur,
958 1928 990 1964 si
1014 1928 1075 1963 ulli
1094 1927 1326 1974 obiurgationi
1345 1934 1486 1974 parcat,
1509 1926 1613 1962 mirer
1637 1925 1736 1973 equi-

260 1977 337 2011 dem
355 1977 464 2021 ipse,
485 1975 551 2010 nisi
579 1976 630 2018 is,
662 1976 818 2022 quisquis
844 1976 974 2018 fuerit,
999 1987 1076 2010 sese
1097 1976 1133 2009 in
1160 1976 1245 2010 imas
1270 1975 1422 2010 latebras
1449 1979 1485 2009 et
1504 1974 1738 2020 penitissimos

259 2034 416 2058 recessus
435 2033 519 2068 prae
545 2023 676 2068 pudore
705 2022 884 2057 abditurus
908 2022 976 2065 sit,
1003 2022 1149 2057 vicinum
1178 2034 1311 2068 semper
1340 2022 1570 2068 importunum
1598 2020 1739 2055 habitu-

259 2081 341 2111 ruS‚
366 2069 536 2103 stimulum
554 2071 666 2116 ipsum
682 2069 923 2104 conscientiae.
972 2068 1057 2104 Cum
1083 2069 1191 2114 igitur
1210 2069 1330 2112 nobis,
1357 2069 1387 2103 si
1402 2068 1615 2109 mentiamur,
1638 2071 1738 2102 tanta

259 2115 419 2161 supplicii
439 2115 542 2150 moles
567 2116 783 2162 impendeat,
807 2127 847 2150 eo
871 2116 981 2162 magis
1008 2117 1073 2151 hac
1095 2117 1132 2150 in
1155 2121 1255 2162 parte
1278 2128 1420 2151 necesse
1446 2119 1501 2150 est
1519 2119 1660 2149 caetera
1676 2125 1738 2148 ne-

258 2163 414 2210 gligere,
440 2166 543 2207 atque
564 2163 601 2197 in
619 2164 728 2198 Deum
745 2163 851 2197 solum
875 2163 1048 2198 intuentes
1071 2175 1156 2198 vera
1175 2164 1304 2199 dicere.
1351 2163 1406 2198 Ad
1428 2163 1516 2198 haec
1535 2161 1622 2196 nihil
1649 2160 1737 2195 alio-

258 2210 320 2256 qui
345 2209 484 2250 mirum,
509 2221 583 2244 cum
603 2222 658 2245 res
680 2211 848 2244 humanae
874 2210 960 2244 alias
986 2210 1087 2244 aliter
1110 2210 1221 2244 fluant
1240 2215 1275 2244 et
1291 2206 1422 2245 temere
1444 2209 1648 2249 volvantur,
1672 2218 1737 2242 nec

259 2256 506 2291 determinatus
525 2257 572 2291 sit
591 2268 704 2292 earum
726 2268 868 2299 cursus,
893 2257 1035 2292 eundem
1059 2257 1224 2292 hominem
1243 2269 1332 2291 nunc
1350 2255 1445 2291 felici
1464 2255 1557 2290 exitu
1583 2254 1738 2289 laborum

258 2304 408 2339 fructum
426 2302 624 2348 percipere,
649 2314 739 2338 nunc
757 2302 936 2349 insperata
955 2305 1199 2349 naufragorum
1221 2305 1360 2338 fortuna
1380 2301 1582 2337 conflictari.
1632 2300 1738 2342 Quod

261 2361 339 2385 cum
354 2349 405 2384 ita
424 2349 487 2391 sit,
513 2361 576 2385 nec
594 2349 661 2396 ipsi
679 2349 811 2395 quidem
829 2349 905 2385 iure
923 2351 1234 2397 reprehendemur,
1259 2351 1290 2385 si
1310 2350 1345 2384 in
1366 2349 1432 2384 hoc
1453 2359 1577 2395 opere,
1602 2346 1738 2392 praeci-

259 2407 330 2444 pua
355 2395 515 2431 veritatis
542 2396 743 2431 retinendae
763 2408 846 2430 cura
872 2403 1054 2444 suscepta,
1081 2398 1217 2432 eosdem
1246 2408 1335 2431 nunc
1354 2395 1511 2431 laudibus
1528 2393 1735 2436 extollimus,

260 2443 321 2478 ubi
344 2443 383 2477 id
402 2442 614 2478 auditoribus
640 2442 756 2477 fraudi
777 2455 852 2477 esse
869 2456 937 2479 non
956 2447 1090 2491 potest,
1114 2456 1203 2478 nunc
1220 2444 1425 2478 contrariam
1445 2442 1546 2488 plane
1568 2441 1737 2475 rationem

261 2490 360 2537 sequi
375 2489 542 2525 videmur.
590 2490 673 2535 (V.)
698 2490 849 2535 Oportet
867 2491 968 2526 etia‘m
987 2491 1069 2526 illud
1095 2492 1162 2525 hoc
1182 2491 1257 2525 loco
1277 2491 1322 2525 ad
1344 2501 1398 2531 ea,
1419 2500 1509 2535 quae
1528 2488 1624 2523 dicta
1643 2491 1736 2528 sunt,

260 2537 441 2574 accedere.
488 2537 669 2572 Neminem
688 2537 832 2571 omnium
850 2541 933 2583 puto
955 2540 1050 2573 iusta
1067 2537 1306 2582 indignatione
1323 2535 1405 2570 mihi
1422 2537 1466 2571 ob
1483 2535 1521 2570 id
1540 2546 1642 2580 posse
1658 2545 1737 2568 suc-

261 2594 425 2626 censere,
451 2585 534 2631 quia
559 2584 603 2618 de
629 2583 705 2618 Deo
731 2587 767 2617 et
789 2583 833 2617 de
856 2585 978 2630 patriis
999 2597 1102 2620 verae
1120 2583 1204 2618 fidei
1224 2582 1392 2628 dogmatis
1411 2582 1448 2617 in
1469 2581 1656 2627 periculum
1674 2580 1738 2614 ad-
1772 2595 1774 2597 ·

261 2630 375 2665 ductis
399 2631 450 2666 sic
476 2643 551 2666 cum
575 2630 783 2676 imperatore
799 2630 1066 2676 disputaverim,
1090 2635 1253 2676 tanquam
1272 2628 1446 2676 aequalis3
1469 2628 1628 2673 idemque
1646 2625 1737 2661 omni

259 2683 403 2723 prorsus
422 2678 618 2713 adulatione
637 2677 738 2722 longe
755 2689 776 2711 a
791 2679 1004 2713 sermonibus
1025 2678 1109 2713 meis
1130 2677 1305 2721 relegata,
1330 2686 1499 2721 nunquam
1526 2673 1652 2710 adduci
1672 2685 1738 2719 po·
1787 2703 1794 2710 .

260 2724 383 2759 tuerim
395 2749 406 2767 ‚
428 2728 468 2759 ut
485 2725 727 2771 obsequentem
745 2723 886 2770 ingenio
907 2726 1071 2760 calamum
1091 2724 1160 2759 ullo
1185 2727 1289 2764 metu,
1309 2722 1379 2757 ulla
1398 2721 1583 2757 formidine
1603 2720 1739 2754 imbue-

260 2775 354 2814 rem,
379 2776 440 2806 aut
458 2772 502 2807 ab
528 2772 601 2807 acri
621 2771 682 2805 illa
699 2770 917 2806 contentione
936 2773 993 2807 vel
1012 2771 1181 2815 minimum
1197 2769 1422 2810 remitterem,
1447 2768 1514 2803 etsi
1532 2778 1622 2802 mors
1639 2769 1734 2801 esset

260 2817 340 2862 ipsa
364 2818 551 2853 subeunda.
599 2818 784 2853 Enimvero
809 2829 875 2863 ego
903 2818 1074 2854 infelicem
1093 2829 1168 2854 eum
1194 2827 1321 2851 vocare
1346 2815 1456 2850 nullus
1477 2814 1627 2849 dubitem
1636 2837 1659 2867 ,·
1672 2811 1735 2866 qui

261 2863 365 2900 huius
382 2865 478 2902 vitae
503 2864 678 2902 insomniis
701 2864 830 2902 ita-res
851 2865 988 2903 divinas
1012 2865 1221 2914 posthabeat
1233 2888 1244 2908 ,
1267 2866 1307 2899 ut
1324 2873 1390 2899 nec
1409 2861 1556 2898 vindicis
1574 2860 1735 2896 Iustitiae
