<?xml version="1.0" encoding="UTF-8"?>
<!DOCTYPE html PUBLIC "-//W3C//DTD XHTML 1.0 Transitional//EN"
    "http://www.w3.org/TR/xhtml1/DTD/xhtml1-transitional.dtd">
<html xmlns="http://www.w3.org/1999/xhtml" xml:lang="en" lang="en">
 <head>
  <title>
</title>
<meta http-equiv="Content-Type" content="text/html;charset=utf-8" />
  <meta name='ocr-system' content='tesseract 3.04.00' />
  <meta name='ocr-capabilities' content='ocr_page ocr_carea ocr_par ocr_line ocrx_word'/>
</head>
<body>
  <div class='ocr_page' id='page_1' title='image "./corpusscriptorum39niebuoft_0302.png"; bbox 0 0 1794 3172; ppageno 0'>
   <div class='ocr_carea' id='block_1_1' title="bbox 268 137 1358 186">
    <p class='ocr_par' dir='ltr' id='par_1_1' title="bbox 268 137 1358 186">
     <span class='ocr_line' id='line_1_1' title="bbox 268 137 1358 186; baseline -0.001 -2"><span class='ocrx_word' id='word_1_1' title='bbox 268 137 370 184; x_wconf 85' lang='lat'><strong><em>860</em></strong></span> <span class='ocrx_word' id='word_1_2' title='bbox 682 139 1000 186; x_wconf 89' lang='lat' dir='ltr'>NICEPHORI</span> <span class='ocrx_word' id='word_1_3' title='bbox 1031 137 1358 184; x_wconf 87' lang='lat' dir='ltr'>GREGORAE</span> 
     </span>
    </p>
   </div>
   <div class='ocr_carea' id='block_1_2' title="bbox 47 245 1786 796">
    <p class='ocr_par' dir='ltr' id='par_1_2' title="bbox 47 245 1752 518">
     <span class='ocr_line' id='line_1_2' title="bbox 47 245 1748 314; baseline -0.004 -16"><span class='ocrx_word' id='word_1_4' title='bbox 47 265 86 298; x_wconf 74' lang='lat' dir='ltr'><strong><em>A.</em></strong></span> <span class='ocrx_word' id='word_1_5' title='bbox 107 265 148 297; x_wconf 84' lang='grc' dir='ltr'><strong><em>Μ.</em></strong></span> <span class='ocrx_word' id='word_1_6' title='bbox 167 265 258 301; x_wconf 83' lang='grc'>6857</span> <span class='ocrx_word' id='word_1_7' title='bbox 271 251 365 314; x_wconf 84' lang='lat' dir='ltr'><strong><em>(A.)</em></strong></span> <span class='ocrx_word' id='word_1_8' title='bbox 392 251 523 298; x_wconf 68' lang='grc' dir='ltr'><strong><em>’Όθεν</em></strong></span> <span class='ocrx_word' id='word_1_9' title='bbox 552 248 734 309; x_wconf 79' lang='grc' dir='ltr'><em>μεγάλας</em></span> <span class='ocrx_word' id='word_1_10' title='bbox 760 249 836 305; x_wconf 76' lang='grc' dir='ltr'><strong><em>μὲν</em></strong></span> <span class='ocrx_word' id='word_1_11' title='bbox 860 249 973 292; x_wconf 69' lang='grc' dir='ltr'><strong><em>ἐννέα</em></strong></span> <span class='ocrx_word' id='word_1_12' title='bbox 999 247 1202 308; x_wconf 80' lang='grc' dir='ltr'><strong><em>τριήρεις,</em></strong></span> <span class='ocrx_word' id='word_1_13' title='bbox 1246 245 1439 306; x_wconf 75' lang='grc' dir='ltr'><strong><em>μονήρεις</em></strong></span> <span class='ocrx_word' id='word_1_14' title='bbox 1471 249 1516 292; x_wconf 73' lang='grc' dir='ltr'><strong><em>δὲ</em></strong></span> <span class='ocrx_word' id='word_1_15' title='bbox 1539 250 1748 302; x_wconf 78' lang='grc' dir='ltr'><strong><em>πλείστας,</em></strong></span> 
     </span>
     <span class='ocr_line' id='line_1_3' title="bbox 102 312 1752 377; baseline -0.005 -9"><span class='ocrx_word' id='word_1_16' title='bbox 102 312 205 347; x_wconf 62' lang='grc' dir='ltr'>Ῑ“ᾱ·2</span> <span class='ocrx_word' id='word_1_17' title='bbox 271 323 487 368; x_wconf 75' lang='grc' dir='ltr'><strong><em>ἐπιλέκτων</em></strong></span> <span class='ocrx_word' id='word_1_18' title='bbox 516 319 729 377; x_wconf 72' lang='grc' dir='ltr'><strong><em>ἐμπλήσας</em></strong></span> <span class='ocrx_word' id='word_1_19' title='bbox 758 316 1007 375; x_wconf 74' lang='grc' dir='ltr'><em>ὁπλομάχων</em></span> <span class='ocrx_word' id='word_1_20' title='bbox 1036 323 1227 373; x_wconf 83' lang='grc' dir='ltr'><strong><em>ναυτῶν,</em></strong></span> <span class='ocrx_word' id='word_1_21' title='bbox 1260 320 1328 361; x_wconf 85' lang='grc' dir='ltr'><strong><em>καὶ</em></strong></span> <span class='ocrx_word' id='word_1_22' title='bbox 1356 317 1633 376; x_wconf 76' lang='grc' dir='ltr'><strong><em>τριηράρχους</em></strong></span> <span class='ocrx_word' id='word_1_23' title='bbox 1663 319 1752 362; x_wconf 77' lang='grc' dir='ltr'><strong><em>ε’πι-</em></strong></span> 
     </span>
     <span class='ocr_line' id='line_1_4' title="bbox 232 388 1748 449; baseline -0.005 -11"><span class='ocrx_word' id='word_1_24' title='bbox 232 391 429 449; x_wconf 72' lang='grc' dir='ltr'><strong><em>Εστήσας</em></strong></span> <span class='ocrx_word' id='word_1_25' title='bbox 456 391 554 442; x_wconf 77' lang='grc' dir='ltr'><strong><em>τοὺς</em></strong></span> <span class='ocrx_word' id='word_1_26' title='bbox 577 388 693 446; x_wconf 84' lang='grc' dir='ltr'><strong><em>μάλα</em></strong></span> <span class='ocrx_word' id='word_1_27' title='bbox 725 388 944 447; x_wconf 78' lang='grc' dir='ltr'><strong><em>ἀρίστους,</em></strong></span> <span class='ocrx_word' id='word_1_28' title='bbox 986 390 1055 432; x_wconf 79' lang='grc' dir='ltr'><strong><em>καὶ</em></strong></span> <span class='ocrx_word' id='word_1_29' title='bbox 1083 388 1233 446; x_wconf 84' lang='grc' dir='ltr'><strong><em>μικρὸν</em></strong></span> <span class='ocrx_word' id='word_1_30' title='bbox 1266 392 1342 431; x_wconf 78' lang='grc' dir='ltr'><strong><em>τοῦ</em></strong></span> <span class='ocrx_word' id='word_1_31' title='bbox 1372 389 1537 442; x_wconf 81' lang='grc' dir='ltr'><strong><em>λιμένος</em></strong></span> <span class='ocrx_word' id='word_1_32' title='bbox 1570 388 1748 447; x_wconf 80' lang='grc' dir='ltr'><strong><em>προβὰς,</em></strong></span> 
     </span>
     <span class='ocr_line' id='line_1_5' title="bbox 267 456 1750 518; baseline -0.004 -12"><span class='ocrx_word' id='word_1_33' title='bbox 267 465 416 506; x_wconf 71' lang='grc' dir='ltr'><strong><em>’ἵστατο</em></strong></span> <span class='ocrx_word' id='word_1_34' title='bbox 439 460 666 518; x_wconf 79' lang='grc' dir='ltr'><strong><em>περιμένων</em></strong></span> <span class='ocrx_word' id='word_1_35' title='bbox 693 459 736 502; x_wconf 76' lang='grc' dir='ltr'><strong><em>ἓν</em></strong></span> <span class='ocrx_word' id='word_1_36' title='bbox 757 456 868 509; x_wconf 81' lang='grc' dir='ltr'><strong><em>τάξει</em></strong></span> <span class='ocrx_word' id='word_1_37' title='bbox 893 458 967 502; x_wconf 85' lang='grc' dir='ltr'><strong><em>τὸν</em></strong></span> <span class='ocrx_word' id='word_1_38' title='bbox 996 462 1081 502; x_wconf 89' lang='grc' dir='ltr'><strong><em>τῶν</em></strong></span> <span class='ocrx_word' id='word_1_39' title='bbox 1104 458 1347 511; x_wconf 80' lang='grc' dir='ltr'><strong><em>Βυζαντίων</em></strong></span> <span class='ocrx_word' id='word_1_40' title='bbox 1377 458 1576 502; x_wconf 74' lang='grc' dir='ltr'><strong><em>ἐπίπλουν</em></strong></span> <span class='ocrx_word' id='word_1_41' title='bbox 1585 491 1599 511; x_wconf 91' lang='grc'><strong><em>,</em></strong></span> <span class='ocrx_word' id='word_1_42' title='bbox 1634 460 1750 500; x_wconf 85' lang='grc' dir='ltr'><strong><em>δυοῖν</em></strong></span> 
     </span>
    </p>

    <p class='ocr_par' dir='ltr' id='par_1_3' title="bbox 269 525 1786 725">
     <span class='ocr_line' id='line_1_6' title="bbox 269 525 1786 588; baseline -0.003 -13"><span class='ocrx_word' id='word_1_43' title='bbox 269 531 372 588; x_wconf 61' lang='grc' dir='ltr'><strong><em>ἔχων</em></strong></span> <span class='ocrx_word' id='word_1_44' title='bbox 403 532 445 573; x_wconf 73' lang='grc' dir='ltr'><strong><em>ἓν</em></strong></span> <span class='ocrx_word' id='word_1_45' title='bbox 472 534 530 588; x_wconf 81' lang='grc' dir='ltr'><strong><em>νῷ</em></strong></span> <span class='ocrx_word' id='word_1_46' title='bbox 564 526 878 585; x_wconf 70' lang='grc' dir='ltr'><strong><em>διαπράξασθαι</em></strong></span> <span class='ocrx_word' id='word_1_47' title='bbox 911 525 1117 586; x_wconf 55' lang='grc' dir='ltr'><strong><em>θάτερον</em></strong></span> <span class='ocrx_word' id='word_1_48' title='bbox 1166 530 1200 571; x_wconf 82' lang='grc' dir='ltr'><strong><em>εἲ</em></strong></span> <span class='ocrx_word' id='word_1_49' title='bbox 1225 528 1300 583; x_wconf 75' lang='grc' dir='ltr'><strong><em>μὲν</em></strong></span> <span class='ocrx_word' id='word_1_50' title='bbox 1335 527 1442 570; x_wconf 77' lang='grc' dir='ltr'><strong><em>κατὰ</em></strong></span> <span class='ocrx_word' id='word_1_51' title='bbox 1463 525 1618 583; x_wconf 88' lang='grc' dir='ltr'><strong><em>νόμους</em></strong></span> <span class='ocrx_word' id='word_1_52' title='bbox 1638 525 1786 586; x_wconf 48' lang='grc' dir='ltr'><strong><em>ὃριὶόηὸ</em></strong></span> 
     </span>
     <span class='ocr_line' id='line_1_7' title="bbox 270 594 1753 658; baseline -0.005 -13"><span class='ocrx_word' id='word_1_53' title='bbox 270 598 567 658; x_wconf 72' lang='grc' dir='ltr'><strong><em>στρατηγικοὺς</em></strong></span> <span class='ocrx_word' id='word_1_54' title='bbox 595 597 787 648; x_wconf 74' lang='grc' dir='ltr'><strong><em>ἐπιόντας</em></strong></span> <span class='ocrx_word' id='word_1_55' title='bbox 814 597 882 641; x_wconf 71' lang='grc' dir='ltr'><strong><em>ἐπ’</em></strong></span> <span class='ocrx_word' id='word_1_56' title='bbox 919 597 1073 652; x_wconf 75' lang='grc' dir='ltr'><strong><em>αὐτὸν,</em></strong></span> <span class='ocrx_word' id='word_1_57' title='bbox 1114 595 1307 656; x_wconf 76' lang='grc' dir='ltr'><strong><em>πρύμναν</em></strong></span> <span class='ocrx_word' id='word_1_58' title='bbox 1337 615 1379 640; x_wconf 92' lang='grc' dir='ltr'><strong><em>τε</em></strong></span> <span class='ocrx_word' id='word_1_59' title='bbox 1400 594 1665 655; x_wconf 74' lang='grc' dir='ltr'><strong><em>κρούσασθαι</em></strong></span> <span class='ocrx_word' id='word_1_60' title='bbox 1684 599 1753 639; x_wconf 83' lang='grc' dir='ltr'><strong><em>καὶ</em></strong></span> 
     </span>
     <span class='ocr_line' id='line_1_8' title="bbox 269 666 1752 725; baseline -0.005 -10"><span class='ocrx_word' id='word_1_61' title='bbox 269 675 354 715; x_wconf 88' lang='grc' dir='ltr'><strong><em>τῶν</em></strong></span> <span class='ocrx_word' id='word_1_62' title='bbox 383 673 487 713; x_wconf 85' lang='grc' dir='ltr'><strong><em>νεῶν</em></strong></span> <span class='ocrx_word' id='word_1_63' title='bbox 518 666 833 725; x_wconf 75' lang='grc' dir='ltr'><strong><em>ἐκπηδήσαντας</em></strong></span> <span class='ocrx_word' id='word_1_64' title='bbox 861 667 977 718; x_wconf 72' lang='grc' dir='ltr'><strong><em>ἐντὸς</em></strong></span> <span class='ocrx_word' id='word_1_65' title='bbox 1007 667 1199 725; x_wconf 74' lang='grc' dir='ltr'><strong><em>γενέσθαι</em></strong></span> <span class='ocrx_word' id='word_1_66' title='bbox 1230 672 1305 711; x_wconf 80' lang='grc' dir='ltr'><strong><em>τοῦ</em></strong></span> <span class='ocrx_word' id='word_1_67' title='bbox 1344 668 1548 725; x_wconf 76' lang='grc' dir='ltr'><strong><em>φρουρίου</em></strong></span> <span class='ocrx_word' id='word_1_68' title='bbox 1578 667 1752 723; x_wconf 83' lang='grc' dir='ltr'><strong><em>πλησίον</em></strong></span> 
     </span>
    </p>

    <p class='ocr_par' dir='ltr' id='par_1_4' title="bbox 271 733 1492 796">
     <span class='ocr_line' id='line_1_9' title="bbox 271 733 1492 796; baseline -0.003 -11"><span class='ocrx_word' id='word_1_69' title='bbox 271 739 450 790; x_wconf 68' lang='grc' dir='ltr'><strong><em>ἑστῶτος</em></strong></span> <span class='ocrx_word' id='word_1_70' title='bbox 464 752 473 763; x_wconf 90' lang='grc'>·</span> <span class='ocrx_word' id='word_1_71' title='bbox 511 740 545 781; x_wconf 80' lang='grc' dir='ltr'><strong><em>εἰ</em></strong></span> <span class='ocrx_word' id='word_1_72' title='bbox 564 740 589 781; x_wconf 94' lang='grc' dir='ltr'><strong><em>δ</em></strong></span> <span class='ocrx_word' id='word_1_73' title='bbox 596 738 609 754; x_wconf 80' lang='lat'>³</span> <span class='ocrx_word' id='word_1_74' title='bbox 634 733 730 792; x_wconf 73' lang='grc' dir='ltr'><strong><em>οὖν,</em></strong></span> <span class='ocrx_word' id='word_1_75' title='bbox 764 735 890 793; x_wconf 81' lang='grc' dir='ltr'><strong><em>ὁμόσε</em></strong></span> <span class='ocrx_word' id='word_1_76' title='bbox 907 744 1058 796; x_wconf 79' lang='grc' dir='ltr'><strong><em>χωρεῖν</em></strong></span> <span class='ocrx_word' id='word_1_77' title='bbox 1078 738 1119 788; x_wconf 75' lang='grc' dir='ltr'><strong><em>ἒς</em></strong></span> <span class='ocrx_word' id='word_1_78' title='bbox 1140 737 1238 788; x_wconf 74' lang='grc' dir='ltr'><strong><em>τοὺς</em></strong></span> <span class='ocrx_word' id='word_1_79' title='bbox 1259 738 1492 793; x_wconf 83' lang='grc' dir='ltr'><strong><em>πολεμίους.</em></strong></span> 
     </span>
    </p>
   </div>
   <div class='ocr_carea' id='block_1_3' title="bbox 139 827 1794 1865">
    <p class='ocr_par' dir='ltr' id='par_1_5' title="bbox 139 827 1794 1239">
     <span class='ocr_line' id='line_1_10' title="bbox 139 827 1752 890; baseline -0.004 -14"><span class='ocrx_word' id='word_1_80' title='bbox 139 842 262 881; x_wconf 73' lang='lat' dir='ltr'><strong>P.542</strong></span> <span class='ocrx_word' id='word_1_81' title='bbox 376 830 425 884; x_wconf 84' lang='grc' dir='ltr'><strong><em>ς’.</em></strong></span> <span class='ocrx_word' id='word_1_82' title='bbox 459 831 568 876; x_wconf 81' lang='grc' dir='ltr'><strong><em>Ἐπεὶ</em></strong></span> <span class='ocrx_word' id='word_1_83' title='bbox 584 833 610 875; x_wconf 90' lang='grc' dir='ltr'><strong><em>δ</em></strong></span> <span class='ocrx_word' id='word_1_84' title='bbox 615 831 628 847; x_wconf 86' lang='lat'>&#39;</span> <span class='ocrx_word' id='word_1_85' title='bbox 651 829 810 890; x_wconf 73' lang='grc' dir='ltr'><strong><em>ἡμέρας</em></strong></span> <span class='ocrx_word' id='word_1_86' title='bbox 828 830 1046 888; x_wconf 74' lang='grc' dir='ltr'><strong><em>γενομένης</em></strong></span> <span class='ocrx_word' id='word_1_87' title='bbox 1068 828 1293 886; x_wconf 76' lang='grc' dir='ltr'><strong><em>ὃμιχλῶδές</em></strong></span> <span class='ocrx_word' id='word_1_88' title='bbox 1311 847 1349 873; x_wconf 93' lang='grc' dir='ltr'><strong><em>τι</em></strong></span> <span class='ocrx_word' id='word_1_89' title='bbox 1370 827 1597 888; x_wconf 67' lang='grc' dir='ltr'><strong><em>καταρρέον</em></strong></span> <span class='ocrx_word' id='word_1_90' title='bbox 1616 827 1660 871; x_wconf 78' lang='grc' dir='ltr'><strong><em>ἔκ</em></strong></span> <span class='ocrx_word' id='word_1_91' title='bbox 1679 845 1752 871; x_wconf 89' lang='grc' dir='ltr'><strong><em>πε-</em></strong></span> 
     </span>
     <span class='ocr_line' id='line_1_11' title="bbox 273 898 1794 961; baseline -0.005 -15"><span class='ocrx_word' id='word_1_92' title='bbox 273 901 425 961; x_wconf 79' lang='grc' dir='ltr'><strong><em>λάγους</em></strong></span> <span class='ocrx_word' id='word_1_93' title='bbox 442 905 603 956; x_wconf 83' lang='grc' dir='ltr'><strong><em>πνεῦμα</em></strong></span> <span class='ocrx_word' id='word_1_94' title='bbox 621 901 669 944; x_wconf 78' lang='grc' dir='ltr'><strong><em>τὸ</em></strong></span> <span class='ocrx_word' id='word_1_95' title='bbox 689 902 863 960; x_wconf 68' lang='grc' dir='ltr'><strong><em>θαρῥεΐν</em></strong></span> <span class='ocrx_word' id='word_1_96' title='bbox 883 898 1034 959; x_wconf 73' lang='grc' dir='ltr'><strong><em>ἀφῄρει</em></strong></span> <span class='ocrx_word' id='word_1_97' title='bbox 1058 900 1157 951; x_wconf 73' lang='grc' dir='ltr'><strong><em>τοὺς</em></strong></span> <span class='ocrx_word' id='word_1_98' title='bbox 1176 900 1446 953; x_wconf 81' lang='grc' dir='ltr'><strong><em>Βυζαντίους,</em></strong></span> <span class='ocrx_word' id='word_1_99' title='bbox 1478 898 1751 955; x_wconf 70' lang='grc' dir='ltr'><strong><em>ἓνθαρσέστε-</em></strong></span> <span class='ocrx_word' id='word_1_100' title='bbox 1767 903 1794 937; x_wconf 75' lang='lat' dir='ltr'><strong><em>ll</em></strong></span> 
     </span>
     <span class='ocr_line' id='line_1_12' title="bbox 275 968 1754 1032; baseline -0.005 -15"><span class='ocrx_word' id='word_1_101' title='bbox 275 991 347 1032; x_wconf 86' lang='grc' dir='ltr'><strong><em>ρος</em></strong></span> <span class='ocrx_word' id='word_1_102' title='bbox 362 971 383 1016; x_wconf 82' lang='grc' dir='ltr'><em>ὃ</em></span> <span class='ocrx_word' id='word_1_103' title='bbox 405 976 487 1016; x_wconf 85' lang='grc' dir='ltr'><strong><em>τῶν</em></strong></span> <span class='ocrx_word' id='word_1_104' title='bbox 505 972 707 1016; x_wconf 87' lang='grc' dir='ltr'><strong><em>Λατίνων</em></strong></span> <span class='ocrx_word' id='word_1_105' title='bbox 725 973 898 1028; x_wconf 74' lang='grc' dir='ltr'><strong><em>ἐγίγνετο</em></strong></span> <span class='ocrx_word' id='word_1_106' title='bbox 921 968 1143 1028; x_wconf 80' lang='grc' dir='ltr'><strong><em>ναύαρχος.</em></strong></span> <span class='ocrx_word' id='word_1_107' title='bbox 1181 968 1385 1028; x_wconf 75' lang='grc' dir='ltr'><strong><em>συνῄεσαν</em></strong></span> <span class='ocrx_word' id='word_1_108' title='bbox 1402 972 1427 1012; x_wconf 92' lang='grc' dir='ltr'><strong><em>δ</em></strong></span> <span class='ocrx_word' id='word_1_109' title='bbox 1432 969 1444 985; x_wconf 86' lang='lat'>&#39;</span> <span class='ocrx_word' id='word_1_110' title='bbox 1468 968 1581 1024; x_wconf 85' lang='grc' dir='ltr'><strong><em>ὅμως</em></strong></span> <span class='ocrx_word' id='word_1_111' title='bbox 1597 968 1754 1019; x_wconf 66' lang='grc' dir='ltr'><strong><em>ἔξωθεν</em></strong></span> 
     </span>
     <span class='ocr_line' id='line_1_13' title="bbox 272 1035 1753 1099; baseline -0.005 -12"><span class='ocrx_word' id='word_1_112' title='bbox 272 1044 348 1099; x_wconf 73' lang='grc' dir='ltr'><strong><em>μὲν</em></strong></span> <span class='ocrx_word' id='word_1_113' title='bbox 370 1042 413 1086; x_wconf 81' lang='grc' dir='ltr'><strong><em>αἶ</em></strong></span> <span class='ocrx_word' id='word_1_114' title='bbox 435 1043 589 1095; x_wconf 83' lang='grc' dir='ltr'><strong><em>πεζικαὶ</em></strong></span> <span class='ocrx_word' id='word_1_115' title='bbox 616 1045 700 1084; x_wconf 88' lang='grc' dir='ltr'><strong><em>τῶν</em></strong></span> <span class='ocrx_word' id='word_1_116' title='bbox 727 1039 941 1096; x_wconf 85' lang='grc' dir='ltr'><strong><em>Ῥωμαίων</em></strong></span> <span class='ocrx_word' id='word_1_117' title='bbox 977 1038 1182 1099; x_wconf 76' lang='grc' dir='ltr'><strong><em>φάλαγγες</em></strong></span> <span class='ocrx_word' id='word_1_118' title='bbox 1211 1039 1317 1095; x_wconf 79' lang='grc' dir='ltr'><strong><em>μετὰ</em></strong></span> <span class='ocrx_word' id='word_1_119' title='bbox 1346 1043 1511 1082; x_wconf 78' lang='grc' dir='ltr'><strong><em>πολλῶν</em></strong></span> <span class='ocrx_word' id='word_1_120' title='bbox 1535 1040 1602 1082; x_wconf 78' lang='grc' dir='ltr'><strong><em>καὶ</em></strong></span> <span class='ocrx_word' id='word_1_121' title='bbox 1623 1035 1753 1094; x_wconf 85' lang='grc' dir='ltr'><strong><em>μεγά-</em></strong></span> 
     </span>
     <span class='ocr_line' id='line_1_14' title="bbox 274 1108 1756 1169; baseline -0.005 -13"><span class='ocrx_word' id='word_1_122' title='bbox 274 1117 358 1157; x_wconf 85' lang='grc' dir='ltr'><strong><em>λων</em></strong></span> <span class='ocrx_word' id='word_1_123' title='bbox 386 1115 553 1169; x_wconf 72' lang='grc' dir='ltr'><strong><em>θυρεῶν</em></strong></span> <span class='ocrx_word' id='word_1_124' title='bbox 588 1112 657 1154; x_wconf 85' lang='grc' dir='ltr'><strong><em>καὶ</em></strong></span> <span class='ocrx_word' id='word_1_125' title='bbox 692 1113 972 1154; x_wconf 76' lang='grc' dir='ltr'><strong><em>παντοδαπῶν</em></strong></span> <span class='ocrx_word' id='word_1_126' title='bbox 1011 1108 1257 1168; x_wconf 81' lang='grc' dir='ltr'><strong><em>φρυγάνων,</em></strong></span> <span class='ocrx_word' id='word_1_127' title='bbox 1292 1108 1370 1153; x_wconf 79' lang='grc' dir='ltr'><strong><em>ὅσα</em></strong></span> <span class='ocrx_word' id='word_1_128' title='bbox 1399 1108 1537 1167; x_wconf 77' lang='grc' dir='ltr'><strong><em>τροφὴ</em></strong></span> <span class='ocrx_word' id='word_1_129' title='bbox 1560 1112 1620 1167; x_wconf 76' lang='grc' dir='ltr'><strong><em>τῷ</em></strong></span> <span class='ocrx_word' id='word_1_130' title='bbox 1653 1108 1756 1163; x_wconf 85' lang='grc' dir='ltr'><strong><em>πυρὶ</em></strong></span> 
     </span>
     <span class='ocr_line' id='line_1_15' title="bbox 273 1175 1755 1239; baseline -0.005 -13"><span class='ocrx_word' id='word_1_131' title='bbox 273 1183 528 1226; x_wconf 74' lang='grc' dir='ltr'><strong><em>καθίσταται</em></strong></span> <span class='ocrx_word' id='word_1_132' title='bbox 559 1178 800 1239; x_wconf 86' lang='grc' dir='ltr'><strong><em>πρόχειρος·</em></strong></span> <span class='ocrx_word' id='word_1_133' title='bbox 835 1180 1114 1239; x_wconf 76' lang='grc' dir='ltr'><strong><em>προύφαίνετο</em></strong></span> <span class='ocrx_word' id='word_1_134' title='bbox 1149 1180 1194 1223; x_wconf 80' lang='grc' dir='ltr'><strong><em>δὲ</em></strong></span> <span class='ocrx_word' id='word_1_135' title='bbox 1224 1182 1291 1223; x_wconf 82' lang='grc' dir='ltr'><strong><em>καὶ</em></strong></span> <span class='ocrx_word' id='word_1_136' title='bbox 1323 1177 1514 1229; x_wconf 83' lang='grc' dir='ltr'><strong><em>ὃστόλος</em></strong></span> <span class='ocrx_word' id='word_1_137' title='bbox 1535 1177 1615 1234; x_wconf 70' lang='grc' dir='ltr'><strong><em>ἤδη</em></strong></span> <span class='ocrx_word' id='word_1_138' title='bbox 1645 1175 1755 1232; x_wconf 83' lang='grc' dir='ltr'><strong><em>κάμ-</em></strong></span> 
     </span>
    </p>

    <p class='ocr_par' dir='ltr' id='par_1_6' title="bbox 232 1245 1794 1727">
     <span class='ocr_line' id='line_1_16' title="bbox 232 1245 1794 1308; baseline -0.004 -12"><span class='ocrx_word' id='word_1_139' title='bbox 232 1264 389 1299; x_wconf 82' lang='grc' dir='ltr'><strong><em>Βπτων</em></strong></span> <span class='ocrx_word' id='word_1_140' title='bbox 416 1251 491 1306; x_wconf 77' lang='grc' dir='ltr'><strong><em>τὴν</em></strong></span> <span class='ocrx_word' id='word_1_141' title='bbox 521 1255 596 1294; x_wconf 81' lang='grc' dir='ltr'><strong><em>τοῦ</em></strong></span> <span class='ocrx_word' id='word_1_142' title='bbox 627 1250 859 1303; x_wconf 85' lang='grc' dir='ltr'><strong><em>Βυζαντίου</em></strong></span> <span class='ocrx_word' id='word_1_143' title='bbox 888 1251 1057 1308; x_wconf 81' lang='grc' dir='ltr'><strong><em>βορείαν</em></strong></span> <span class='ocrx_word' id='word_1_144' title='bbox 1088 1249 1243 1307; x_wconf 79' lang='grc' dir='ltr'><strong><em>ἄκραν,</em></strong></span> <span class='ocrx_word' id='word_1_145' title='bbox 1291 1248 1398 1293; x_wconf 66' lang='grc' dir='ltr'><strong><em>ἔνθα</em></strong></span> <span class='ocrx_word' id='word_1_146' title='bbox 1428 1247 1575 1306; x_wconf 78' lang='grc' dir='ltr'><strong><em>πύργοι</em></strong></span> <span class='ocrx_word' id='word_1_147' title='bbox 1599 1265 1643 1290; x_wconf 88' lang='grc' dir='ltr'><strong><em>τε</em></strong></span> <span class='ocrx_word' id='word_1_148' title='bbox 1678 1245 1794 1289; x_wconf 69' lang='lat'><strong><em>‹515012</em></strong></span> 
     </span>
     <span class='ocr_line' id='line_1_17' title="bbox 274 1315 1756 1381; baseline -0.005 -15"><span class='ocrx_word' id='word_1_149' title='bbox 274 1319 613 1381; x_wconf 80' lang='grc' dir='ltr'><strong><em>ἄνῳκοδόμηνται</em></strong></span> <span class='ocrx_word' id='word_1_150' title='bbox 634 1321 767 1363; x_wconf 70' lang='grc' dir='ltr'><strong><em>λίθων</em></strong></span> <span class='ocrx_word' id='word_1_151' title='bbox 793 1323 947 1363; x_wconf 85' lang='grc' dir='ltr'><strong><em>λευκῶν</em></strong></span> <span class='ocrx_word' id='word_1_152' title='bbox 979 1321 1046 1363; x_wconf 82' lang='grc' dir='ltr'><strong><em>καὶ</em></strong></span> <span class='ocrx_word' id='word_1_153' title='bbox 1077 1318 1359 1375; x_wconf 77' lang='grc' dir='ltr'><strong><em>ἀπεξεσμὲνων</em></strong></span> <span class='ocrx_word' id='word_1_154' title='bbox 1390 1319 1432 1369; x_wconf 73' lang='grc' dir='ltr'><strong><em>ἐς</em></strong></span> <span class='ocrx_word' id='word_1_155' title='bbox 1454 1318 1502 1362; x_wconf 83' lang='grc' dir='ltr'><strong><em>τὸ</em></strong></span> <span class='ocrx_word' id='word_1_156' title='bbox 1525 1322 1600 1374; x_wconf 81' lang='grc' dir='ltr'><strong><em>τῆς</em></strong></span> <span class='ocrx_word' id='word_1_157' title='bbox 1621 1315 1756 1373; x_wconf 78' lang='grc' dir='ltr'><strong><em>ἅρμο-</em></strong></span> 
     </span>
     <span class='ocr_line' id='line_1_18' title="bbox 275 1385 1752 1447; baseline -0.003 -13"><span class='ocrx_word' id='word_1_158' title='bbox 275 1393 367 1442; x_wconf 86' lang='grc' dir='ltr'><strong><em>νιάς</em></strong></span> <span class='ocrx_word' id='word_1_159' title='bbox 398 1390 560 1447; x_wconf 71' lang='grc' dir='ltr'><strong><em>εὐφυὲς,</em></strong></span> <span class='ocrx_word' id='word_1_160' title='bbox 595 1390 663 1433; x_wconf 83' lang='grc' dir='ltr'><strong><em>καὶ</em></strong></span> <span class='ocrx_word' id='word_1_161' title='bbox 697 1387 787 1444; x_wconf 77' lang='grc' dir='ltr'><strong><em>ἅμα</em></strong></span> <span class='ocrx_word' id='word_1_162' title='bbox 806 1390 1053 1447; x_wconf 79' lang='grc' dir='ltr'><strong><em>Δημητρίου</em></strong></span> <span class='ocrx_word' id='word_1_163' title='bbox 1075 1393 1150 1432; x_wconf 80' lang='grc' dir='ltr'><strong><em>τοῦ</em></strong></span> <span class='ocrx_word' id='word_1_164' title='bbox 1188 1387 1401 1446; x_wconf 88' lang='grc' dir='ltr'><strong><em>μάρτυρος</em></strong></span> <span class='ocrx_word' id='word_1_165' title='bbox 1425 1390 1593 1446; x_wconf 71' lang='grc' dir='ltr'><strong><em>ἵδρυται</em></strong></span> <span class='ocrx_word' id='word_1_166' title='bbox 1630 1385 1752 1444; x_wconf 79' lang='grc' dir='ltr'><strong><em>ἱερόν.</em></strong></span> 
     </span>
     <span class='ocr_line' id='line_1_19' title="bbox 275 1456 1757 1516; baseline -0.004 -12"><span class='ocrx_word' id='word_1_167' title='bbox 275 1462 388 1512; x_wconf 60' lang='grc' dir='ltr'><strong><em>ἔδοξε</em></strong></span> <span class='ocrx_word' id='word_1_168' title='bbox 421 1459 467 1503; x_wconf 75' lang='grc' dir='ltr'><strong><em>δ’</em></strong></span> <span class='ocrx_word' id='word_1_169' title='bbox 501 1459 642 1509; x_wconf 78' lang='grc' dir='ltr'><strong><em>αὐτοῖς</em></strong></span> <span class='ocrx_word' id='word_1_170' title='bbox 670 1457 940 1516; x_wconf 73' lang='grc' dir='ltr'><strong><em>ἕπίμοχθοςῆ</em></strong></span> <span class='ocrx_word' id='word_1_171' title='bbox 965 1459 1106 1515; x_wconf 87' lang='grc' dir='ltr'><strong><em>καμπὴ</em></strong></span> <span class='ocrx_word' id='word_1_172' title='bbox 1143 1458 1212 1502; x_wconf 78' lang='grc' dir='ltr'><strong><em>διὰ</em></strong></span> <span class='ocrx_word' id='word_1_173' title='bbox 1239 1458 1316 1509; x_wconf 77' lang='grc' dir='ltr'><strong><em>τὰς</em></strong></span> <span class='ocrx_word' id='word_1_174' title='bbox 1348 1459 1429 1501; x_wconf 71' lang='grc' dir='ltr'><strong><em>ἐκεῖ</em></strong></span> <span class='ocrx_word' id='word_1_175' title='bbox 1455 1457 1671 1514; x_wconf 74' lang='grc' dir='ltr'><strong><em>γινομένας</em></strong></span> <span class='ocrx_word' id='word_1_176' title='bbox 1695 1456 1757 1499; x_wconf 81' lang='grc' dir='ltr'><strong><em>ἀεὶ</em></strong></span> 
     </span>
     <span class='ocr_line' id='line_1_20' title="bbox 275 1525 1757 1586; baseline -0.004 -12"><span class='ocrx_word' id='word_1_177' title='bbox 275 1530 534 1579; x_wconf 76' lang='grc' dir='ltr'><strong><em>θαλαττίους</em></strong></span> <span class='ocrx_word' id='word_1_178' title='bbox 566 1526 702 1578; x_wconf 66' lang='grc' dir='ltr'><strong><em>ἕλικάς</em></strong></span> <span class='ocrx_word' id='word_1_179' title='bbox 740 1546 784 1572; x_wconf 90' lang='grc' dir='ltr'><strong><em>τε</em></strong></span> <span class='ocrx_word' id='word_1_180' title='bbox 822 1531 890 1572; x_wconf 84' lang='grc' dir='ltr'><strong><em>καὶ</em></strong></span> <span class='ocrx_word' id='word_1_181' title='bbox 928 1526 1016 1572; x_wconf 81' lang='grc' dir='ltr'><strong><em>οἷόν</em></strong></span> <span class='ocrx_word' id='word_1_182' title='bbox 1051 1546 1166 1579; x_wconf 84' lang='grc' dir='ltr'><strong><em>τινας</em></strong></span> <span class='ocrx_word' id='word_1_183' title='bbox 1193 1529 1502 1586; x_wconf 76' lang='grc' dir='ltr'><strong><em>λαβυρίνθους,</em></strong></span> <span class='ocrx_word' id='word_1_184' title='bbox 1544 1526 1650 1570; x_wconf 77' lang='grc' dir='ltr'><strong><em>κατὰ</em></strong></span> <span class='ocrx_word' id='word_1_185' title='bbox 1680 1525 1757 1581; x_wconf 70' lang='grc' dir='ltr'><strong><em>τὴν</em></strong></span> 
     </span>
     <span class='ocr_line' id='line_1_21' title="bbox 275 1595 1794 1659; baseline -0.004 -16"><span class='ocrx_word' id='word_1_186' title='bbox 275 1599 381 1658; x_wconf 75' lang='grc' dir='ltr'><strong><em>παρ’</em></strong></span> <span class='ocrx_word' id='word_1_187' title='bbox 397 1598 591 1654; x_wconf 49' lang='grc' dir='ltr'><strong><em>(Ἑλλησιν</em></strong></span> <span class='ocrx_word' id='word_1_188' title='bbox 610 1597 816 1659; x_wconf 74' lang='grc' dir='ltr'><strong><em>ᾇδομὲνην</em></strong></span> <span class='ocrx_word' id='word_1_189' title='bbox 836 1596 1030 1643; x_wconf 78' lang='grc' dir='ltr'><strong><em>Σκύλλαν</em></strong></span> <span class='ocrx_word' id='word_1_190' title='bbox 1054 1600 1122 1642; x_wconf 80' lang='grc' dir='ltr'><strong><em>καὶ</em></strong></span> <span class='ocrx_word' id='word_1_191' title='bbox 1141 1596 1378 1657; x_wconf 75' lang='grc' dir='ltr'><strong><em>Χάρυβδιν,</em></strong></span> <span class='ocrx_word' id='word_1_192' title='bbox 1410 1596 1462 1654; x_wconf 74' lang='grc' dir='ltr'><strong><em>ἣν</em></strong></span> <span class='ocrx_word' id='word_1_193' title='bbox 1482 1597 1623 1641; x_wconf 78' lang='grc' dir='ltr'><strong><em>ἒκεΐνοι</em></strong></span> <span class='ocrx_word' id='word_1_194' title='bbox 1646 1595 1753 1639; x_wconf 79' lang='grc' dir='ltr'><strong><em>κατὰ</em></strong></span> <span class='ocrx_word' id='word_1_195' title='bbox 1766 1603 1794 1639; x_wconf 71' lang='grc'><strong><em>24</em></strong></span> 
     </span>
     <span class='ocr_line' id='line_1_22' title="bbox 273 1665 1757 1727; baseline -0.003 -14"><span class='ocrx_word' id='word_1_196' title='bbox 273 1669 347 1714; x_wconf 86' lang='grc' dir='ltr'><strong><em>τὸν</em></strong></span> <span class='ocrx_word' id='word_1_197' title='bbox 372 1668 568 1727; x_wconf 68' lang='grc' dir='ltr'><strong><em>πορθμὸν</em></strong></span> <span class='ocrx_word' id='word_1_198' title='bbox 583 1666 690 1712; x_wconf 75' lang='grc' dir='ltr'><strong><em>εἶναί</em></strong></span> <span class='ocrx_word' id='word_1_199' title='bbox 705 1685 859 1726; x_wconf 82' lang='grc' dir='ltr'><strong><em>φασιν,</em></strong></span> <span class='ocrx_word' id='word_1_200' title='bbox 899 1667 945 1719; x_wconf 80' lang='grc' dir='ltr'><strong><em>ὃς</em></strong></span> <span class='ocrx_word' id='word_1_201' title='bbox 961 1668 1117 1724; x_wconf 75' lang='grc' dir='ltr'><strong><em>μεταξὺ</em></strong></span> <span class='ocrx_word' id='word_1_202' title='bbox 1139 1672 1214 1712; x_wconf 81' lang='grc' dir='ltr'><strong><em>τοῦ</em></strong></span> <span class='ocrx_word' id='word_1_203' title='bbox 1235 1686 1278 1711; x_wconf 90' lang='grc' dir='ltr'><strong><em>τε</em></strong></span> <span class='ocrx_word' id='word_1_204' title='bbox 1290 1667 1492 1711; x_wconf 83' lang='grc' dir='ltr'><strong><em>Ἰταλικοῦ</em></strong></span> <span class='ocrx_word' id='word_1_205' title='bbox 1506 1665 1667 1723; x_wconf 88' lang='grc' dir='ltr'><strong><em>Ῥηγίου</em></strong></span> <span class='ocrx_word' id='word_1_206' title='bbox 1688 1667 1757 1708; x_wconf 85' lang='grc' dir='ltr'><strong><em>καὶ</em></strong></span> 
     </span>
    </p>

    <p class='ocr_par' dir='ltr' id='par_1_7' title="bbox 234 1727 1757 1865">
     <span class='ocr_line' id='line_1_23' title="bbox 234 1727 1757 1797; baseline -0.001 -17"><span class='ocrx_word' id='word_1_207' title='bbox 234 1745 267 1780; x_wconf 70' lang='lat' dir='ltr'><strong><em>&#39;C</em></strong></span> <span class='ocrx_word' id='word_1_208' title='bbox 278 1743 351 1795; x_wconf 78' lang='grc' dir='ltr'><strong><em>τῆς</em></strong></span> <span class='ocrx_word' id='word_1_209' title='bbox 370 1742 581 1795; x_wconf 77' lang='grc' dir='ltr'><strong><em>Σικελικῆς</em></strong></span> <span class='ocrx_word' id='word_1_210' title='bbox 605 1745 732 1781; x_wconf 81' lang='grc' dir='ltr'><strong><em>κεῖται</em></strong></span> <span class='ocrx_word' id='word_1_211' title='bbox 762 1736 978 1795; x_wconf 89' lang='grc' dir='ltr'><strong><em>Μεσήνης.</em></strong></span> <span class='ocrx_word' id='word_1_212' title='bbox 1016 1727 1167 1797; x_wconf 62' lang='grc' dir='ltr'><strong><em>ἔσφηλε</em></strong></span> <span class='ocrx_word' id='word_1_213' title='bbox 1198 1737 1244 1781; x_wconf 77' lang='grc' dir='ltr'><strong><em>δ’</em></strong></span> <span class='ocrx_word' id='word_1_214' title='bbox 1268 1737 1422 1788; x_wconf 74' lang='grc' dir='ltr'><strong><em>αὐτοὺς</em></strong></span> <span class='ocrx_word' id='word_1_215' title='bbox 1439 1737 1480 1787; x_wconf 71' lang='grc' dir='ltr'><strong><em>ἐς</em></strong></span> <span class='ocrx_word' id='word_1_216' title='bbox 1498 1737 1551 1780; x_wconf 78' lang='grc' dir='ltr'><strong><em>τὰ</em></strong></span> <span class='ocrx_word' id='word_1_217' title='bbox 1572 1734 1757 1792; x_wconf 84' lang='grc' dir='ltr'><strong><em>μάλιστα</em></strong></span> 
     </span>
     <span class='ocr_line' id='line_1_24' title="bbox 274 1803 1756 1865; baseline -0.003 -12"><span class='ocrx_word' id='word_1_218' title='bbox 274 1807 369 1853; x_wconf 89' lang='grc' dir='ltr'><strong><em>τότε</em></strong></span> <span class='ocrx_word' id='word_1_219' title='bbox 395 1809 464 1852; x_wconf 82' lang='grc' dir='ltr'><strong><em>καὶ</em></strong></span> <span class='ocrx_word' id='word_1_220' title='bbox 485 1808 531 1851; x_wconf 82' lang='grc' dir='ltr'><strong><em>τὸ</em></strong></span> <span class='ocrx_word' id='word_1_221' title='bbox 560 1807 619 1864; x_wconf 87' lang='grc' dir='ltr'><strong><em>μὴ</em></strong></span> <span class='ocrx_word' id='word_1_222' title='bbox 641 1805 844 1865; x_wconf 81' lang='grc' dir='ltr'><strong><em>ἀνάλογον</em></strong></span> <span class='ocrx_word' id='word_1_223' title='bbox 867 1807 968 1864; x_wconf 65' lang='grc' dir='ltr'><strong><em>ἔχειν</em></strong></span> <span class='ocrx_word' id='word_1_224' title='bbox 988 1808 1032 1852; x_wconf 75' lang='grc' dir='ltr'><strong><em>ἐν</em></strong></span> <span class='ocrx_word' id='word_1_225' title='bbox 1053 1815 1141 1860; x_wconf 78' lang='grc' dir='ltr'><strong><em>τοῖς</em></strong></span> <span class='ocrx_word' id='word_1_226' title='bbox 1169 1811 1254 1853; x_wconf 86' lang='grc' dir='ltr'><strong><em>τῶν</em></strong></span> <span class='ocrx_word' id='word_1_227' title='bbox 1275 1811 1378 1852; x_wconf 86' lang='grc' dir='ltr'><strong><em>νεῶν</em></strong></span> <span class='ocrx_word' id='word_1_228' title='bbox 1396 1804 1624 1863; x_wconf 81' lang='grc' dir='ltr'><strong><em>κοιλώμασι</em></strong></span> <span class='ocrx_word' id='word_1_229' title='bbox 1641 1803 1756 1850; x_wconf 88' lang='grc' dir='ltr'><strong><em>κάτω</em></strong></span> 
     </span>
    </p>
   </div>
   <div class='ocr_carea' id='block_1_4' title="bbox 371 1917 1082 1966">
    <p class='ocr_par' dir='ltr' id='par_1_8' title="bbox 371 1917 1082 1966">
     <span class='ocr_line' id='line_1_25' title="bbox 371 1917 1082 1966; baseline 0 -12"><span class='ocrx_word' id='word_1_230' title='bbox 371 1919 405 1954; x_wconf 88' lang='grc'><strong><em>8.</em></strong></span> <span class='ocrx_word' id='word_1_231' title='bbox 430 1917 587 1961; x_wconf 74' lang='grc' dir='ltr'><strong><em>ἑστῶτος</em></strong></span> <span class='ocrx_word' id='word_1_232' title='bbox 610 1930 674 1954; x_wconf 85' lang='lat' dir='ltr'><strong>em.</strong></span> <span class='ocrx_word' id='word_1_233' title='bbox 695 1918 799 1955; x_wconf 87' lang='lat' dir='ltr'><strong>Boiv.</strong></span> <span class='ocrx_word' id='word_1_234' title='bbox 823 1929 887 1966; x_wconf 86' lang='lat' dir='ltr'><strong>pro</strong></span> <span class='ocrx_word' id='word_1_235' title='bbox 911 1918 1082 1962; x_wconf 73' lang='grc' dir='ltr'><strong><em>ἑστῶτας.</em></strong></span> 
     </span>
    </p>
   </div>
   <div class='ocr_carea' id='block_1_5' title="bbox 276 2009 1761 2901">
    <p class='ocr_par' dir='ltr' id='par_1_9' title="bbox 276 2009 1759 2337">
     <span class='ocr_line' id='line_1_26' title="bbox 277 2009 1757 2057; baseline -0.002 -12"><span class='ocrx_word' id='word_1_236' title='bbox 277 2009 426 2045; x_wconf 71' lang='lat' dir='ltr'><strong>studium</strong></span> <span class='ocrx_word' id='word_1_237' title='bbox 454 2021 594 2056; x_wconf 86' lang='lat' dir='ltr'><strong>ponere.</strong></span> <span class='ocrx_word' id='word_1_238' title='bbox 650 2009 750 2056; x_wconf 87' lang='lat' dir='ltr'><strong>(IV.)</strong></span> <span class='ocrx_word' id='word_1_239' title='bbox 773 2011 897 2056; x_wconf 83' lang='lat' dir='ltr'><strong>Itaque</strong></span> <span class='ocrx_word' id='word_1_240' title='bbox 917 2010 977 2046; x_wconf 88' lang='lat' dir='ltr'><strong>ille</strong></span> <span class='ocrx_word' id='word_1_241' title='bbox 1004 2011 1163 2046; x_wconf 75' lang='lat' dir='ltr'><strong>triremes</strong></span> <span class='ocrx_word' id='word_1_242' title='bbox 1190 2022 1332 2057; x_wconf 85' lang='lat' dir='ltr'><strong>magnas</strong></span> <span class='ocrx_word' id='word_1_243' title='bbox 1354 2021 1500 2052; x_wconf 87' lang='lat' dir='ltr'><strong>novem,</strong></span> <span class='ocrx_word' id='word_1_244' title='bbox 1531 2012 1568 2045; x_wconf 82' lang='lat' dir='ltr'><strong><em>et</em></strong></span> <span class='ocrx_word' id='word_1_245' title='bbox 1600 2019 1757 2043; x_wconf 86' lang='lat' dir='ltr'><strong>moneres</strong></span> 
     </span>
     <span class='ocr_line' id='line_1_27' title="bbox 277 2054 1758 2104; baseline -0.001 -14"><span class='ocrx_word' id='word_1_246' title='bbox 277 2057 543 2103; x_wconf 81' lang='lat' dir='ltr'><strong>quamplurimas</strong></span> <span class='ocrx_word' id='word_1_247' title='bbox 555 2083 565 2100; x_wconf 94' lang='lat'>‚</span> <span class='ocrx_word' id='word_1_248' title='bbox 589 2063 769 2093; x_wconf 82' lang='lat' dir='ltr'><strong>nautarum</strong></span> <span class='ocrx_word' id='word_1_249' title='bbox 796 2062 1005 2092; x_wconf 81' lang='lat' dir='ltr'><strong>armatorum</strong></span> <span class='ocrx_word' id='word_1_250' title='bbox 1023 2058 1160 2093; x_wconf 88' lang='lat' dir='ltr'><strong>delectu</strong></span> <span class='ocrx_word' id='word_1_251' title='bbox 1177 2059 1346 2104; x_wconf 86' lang='lat' dir='ltr'><strong>complet3</strong></span> <span class='ocrx_word' id='word_1_252' title='bbox 1371 2057 1581 2092; x_wconf 81' lang='lat' dir='ltr'><strong>trierarchos</strong></span> <span class='ocrx_word' id='word_1_253' title='bbox 1601 2054 1758 2101; x_wconf 79' lang='lat' dir='ltr'><strong>praeficit</strong></span> 
     </span>
     <span class='ocr_line' id='line_1_28' title="bbox 276 2102 1758 2151; baseline -0.001 -14"><span class='ocrx_word' id='word_1_254' title='bbox 276 2104 614 2149; x_wconf 80' lang='lat' dir='ltr'><strong>praestantissimos3</strong></span> <span class='ocrx_word' id='word_1_255' title='bbox 638 2110 709 2139; x_wconf 86' lang='lat' dir='ltr'><strong><em>tum</em></strong></span> <span class='ocrx_word' id='word_1_256' title='bbox 727 2104 828 2150; x_wconf 85' lang='lat' dir='ltr'><strong>paulo</strong></span> <span class='ocrx_word' id='word_1_257' title='bbox 851 2105 943 2139; x_wconf 84' lang='lat' dir='ltr'><strong>ultra</strong></span> <span class='ocrx_word' id='word_1_258' title='bbox 963 2109 1098 2150; x_wconf 85' lang='lat' dir='ltr'><strong>portum</strong></span> <span class='ocrx_word' id='word_1_259' title='bbox 1118 2117 1343 2150; x_wconf 84' lang='lat' dir='ltr'><strong>progressus,</strong></span> <span class='ocrx_word' id='word_1_260' title='bbox 1367 2103 1609 2151; x_wconf 78' lang='lat' dir='ltr'><strong>Byzantiorum</strong></span> <span class='ocrx_word' id='word_1_261' title='bbox 1627 2102 1758 2137; x_wconf 88' lang='lat' dir='ltr'><strong>adven-</strong></span> 
     </span>
     <span class='ocr_line' id='line_1_29' title="bbox 277 2149 1756 2197; baseline -0.001 -14"><span class='ocrx_word' id='word_1_262' title='bbox 277 2154 350 2184; x_wconf 89' lang='lat' dir='ltr'><strong><em>tum</em></strong></span> <span class='ocrx_word' id='word_1_263' title='bbox 365 2149 536 2185; x_wconf 79' lang='lat' dir='ltr'><strong>instructa</strong></span> <span class='ocrx_word' id='word_1_264' title='bbox 546 2151 620 2185; x_wconf 89' lang='lat' dir='ltr'><strong>acie</strong></span> <span class='ocrx_word' id='word_1_265' title='bbox 636 2150 706 2185; x_wconf 90' lang='lat' dir='ltr'><strong>illic</strong></span> <span class='ocrx_word' id='word_1_266' title='bbox 717 2156 788 2186; x_wconf 88' lang='lat' dir='ltr'><strong>stat</strong></span> <span class='ocrx_word' id='word_1_267' title='bbox 803 2156 1007 2197; x_wconf 76' lang='lat' dir='ltr'><strong>exspectans</strong></span> <span class='ocrx_word' id='word_1_268' title='bbox 1019 2177 1029 2193; x_wconf 89' lang='lat'><strong>‚</strong></span> <span class='ocrx_word' id='word_1_269' title='bbox 1055 2151 1199 2186; x_wconf 87' lang='lat' dir='ltr'><strong>duorum</strong></span> <span class='ocrx_word' id='word_1_270' title='bbox 1210 2151 1269 2186; x_wconf 84' lang='lat' dir='ltr'><strong>ille</strong></span> <span class='ocrx_word' id='word_1_271' title='bbox 1286 2152 1432 2186; x_wconf 88' lang='lat' dir='ltr'><strong>alterum</strong></span> <span class='ocrx_word' id='word_1_272' title='bbox 1448 2152 1623 2185; x_wconf 82' lang='lat' dir='ltr'><strong>facturus:</strong></span> <span class='ocrx_word' id='word_1_273' title='bbox 1649 2149 1680 2183; x_wconf 91' lang='lat' dir='ltr'><strong><em>si</em></strong></span> <span class='ocrx_word' id='word_1_274' title='bbox 1696 2160 1756 2182; x_wconf 85' lang='lat' dir='ltr'><strong><em>eos</em></strong></span> 
     </span>
     <span class='ocr_line' id='line_1_30' title="bbox 277 2196 1759 2245; baseline -0.001 -15"><span class='ocrx_word' id='word_1_275' title='bbox 277 2196 416 2242; x_wconf 85' lang='lat' dir='ltr'><strong>quidem</strong></span> <span class='ocrx_word' id='word_1_276' title='bbox 432 2197 615 2232; x_wconf 83' lang='lat' dir='ltr'><strong>secundum</strong></span> <span class='ocrx_word' id='word_1_277' title='bbox 625 2198 770 2233; x_wconf 81' lang='lat' dir='ltr'><strong>bellicae</strong></span> <span class='ocrx_word' id='word_1_278' title='bbox 785 2197 870 2233; x_wconf 84' lang='lat' dir='ltr'><strong>artis</strong></span> <span class='ocrx_word' id='word_1_279' title='bbox 886 2204 1074 2244; x_wconf 82' lang='lat' dir='ltr'><strong>praecepta</strong></span> <span class='ocrx_word' id='word_1_280' title='bbox 1086 2199 1277 2245; x_wconf 85' lang='lat' dir='ltr'><strong>procedere</strong></span> <span class='ocrx_word' id='word_1_281' title='bbox 1293 2199 1460 2233; x_wconf 87' lang='lat' dir='ltr'><strong>adversus</strong></span> <span class='ocrx_word' id='word_1_282' title='bbox 1478 2210 1516 2232; x_wconf 88' lang='lat' dir='ltr'><strong><em>se</em></strong></span> <span class='ocrx_word' id='word_1_283' title='bbox 1525 2196 1654 2237; x_wconf 82' lang='lat' dir='ltr'><strong>videat,</strong></span> <span class='ocrx_word' id='word_1_284' title='bbox 1666 2207 1759 2242; x_wconf 88' lang='lat' dir='ltr'><strong>pup-</strong></span> 
     </span>
     <span class='ocr_line' id='line_1_31' title="bbox 277 2242 1758 2291; baseline 0 -14"><span class='ocrx_word' id='word_1_285' title='bbox 277 2242 348 2289; x_wconf 87' lang='lat' dir='ltr'><strong><em>pim</em></strong></span> <span class='ocrx_word' id='word_1_286' title='bbox 374 2248 628 2286; x_wconf 87' lang='lat' dir='ltr'><strong>retroacturus,</strong></span> <span class='ocrx_word' id='word_1_287' title='bbox 658 2244 859 2290; x_wconf 83' lang='lat' dir='ltr'><strong>relictisque</strong></span> <span class='ocrx_word' id='word_1_288' title='bbox 880 2245 1027 2280; x_wconf 85' lang='lat' dir='ltr'><strong>navibus</strong></span> <span class='ocrx_word' id='word_1_289' title='bbox 1049 2245 1086 2280; x_wconf 90' lang='lat' dir='ltr'><strong><em>in</em></strong></span> <span class='ocrx_word' id='word_1_290' title='bbox 1108 2245 1283 2281; x_wconf 84' lang='lat' dir='ltr'><strong>castellum</strong></span> <span class='ocrx_word' id='word_1_291' title='bbox 1311 2245 1503 2291; x_wconf 81' lang='lat' dir='ltr'><strong>proximum</strong></span> <span class='ocrx_word' id='word_1_292' title='bbox 1530 2242 1758 2284; x_wconf 81' lang='lat' dir='ltr'><strong>introiturus3</strong></span> 
     </span>
     <span class='ocr_line' id='line_1_32' title="bbox 276 2289 955 2337; baseline 0 -14"><span class='ocrx_word' id='word_1_293' title='bbox 276 2289 332 2324; x_wconf 82' lang='lat' dir='ltr'><strong><em>sin</em></strong></span> <span class='ocrx_word' id='word_1_294' title='bbox 351 2289 482 2332; x_wconf 88' lang='lat' dir='ltr'><strong>minus,</strong></span> <span class='ocrx_word' id='word_1_295' title='bbox 506 2290 551 2325; x_wconf 85' lang='lat' dir='ltr'><strong>ad</strong></span> <span class='ocrx_word' id='word_1_296' title='bbox 571 2302 720 2336; x_wconf 78' lang='lat' dir='ltr'><strong>pugnam</strong></span> <span class='ocrx_word' id='word_1_297' title='bbox 744 2291 955 2337; x_wconf 80' lang='lat' dir='ltr'><strong>proditurus.</strong></span> 
     </span>
    </p>

    <p class='ocr_par' dir='ltr' id='par_1_10' title="bbox 276 2335 1761 2901">
     <span class='ocr_line' id='line_1_33' title="bbox 369 2335 1758 2384; baseline -0.001 -12"><span class='ocrx_word' id='word_1_298' title='bbox 369 2339 404 2373; x_wconf 87' lang='lat'><strong><em>6.</em></strong></span> <span class='ocrx_word' id='word_1_299' title='bbox 426 2336 494 2372; x_wconf 88' lang='lat' dir='ltr'><strong><em>Die</em></strong></span> <span class='ocrx_word' id='word_1_300' title='bbox 519 2341 639 2383; x_wconf 80' lang='lat' dir='ltr'><strong>exorto</strong></span> <span class='ocrx_word' id='word_1_301' title='bbox 666 2338 848 2373; x_wconf 87' lang='lat' dir='ltr'><strong>nebulosus</strong></span> <span class='ocrx_word' id='word_1_302' title='bbox 883 2338 1021 2384; x_wconf 83' lang='lat' dir='ltr'><strong>quidam</strong></span> <span class='ocrx_word' id='word_1_303' title='bbox 1045 2342 1172 2374; x_wconf 87' lang='lat' dir='ltr'><strong>ventus</strong></span> <span class='ocrx_word' id='word_1_304' title='bbox 1200 2349 1222 2373; x_wconf 81' lang='lat' dir='ltr'><strong>a</strong></span> <span class='ocrx_word' id='word_1_305' title='bbox 1244 2337 1332 2373; x_wconf 81' lang='lat' dir='ltr'><strong>mari</strong></span> <span class='ocrx_word' id='word_1_306' title='bbox 1360 2336 1502 2383; x_wconf 82' lang='lat' dir='ltr'><strong>ingruit.</strong></span> <span class='ocrx_word' id='word_1_307' title='bbox 1550 2336 1608 2371; x_wconf 81' lang='lat' dir='ltr'><strong><em>Ea</em></strong></span> <span class='ocrx_word' id='word_1_308' title='bbox 1635 2347 1693 2371; x_wconf 87' lang='lat' dir='ltr'><strong><em>res</em></strong></span> <span class='ocrx_word' id='word_1_309' title='bbox 1717 2335 1758 2370; x_wconf 79' lang='lat' dir='ltr'><strong><em>ut</em></strong></span> 
     </span>
     <span class='ocr_line' id='line_1_34' title="bbox 277 2382 1759 2429; baseline -0.001 -12"><span class='ocrx_word' id='word_1_310' title='bbox 277 2382 460 2429; x_wconf 73' lang='lat' dir='ltr'><strong>Byzantiis</strong></span> <span class='ocrx_word' id='word_1_311' title='bbox 476 2383 636 2419; x_wconf 85' lang='lat' dir='ltr'><strong>fiduciam</strong></span> <span class='ocrx_word' id='word_1_312' title='bbox 654 2384 802 2427; x_wconf 80' lang='lat' dir='ltr'><strong>ademit,</strong></span> <span class='ocrx_word' id='word_1_313' title='bbox 824 2385 877 2420; x_wconf 80' lang='lat' dir='ltr'><strong><em>ita</em></strong></span> <span class='ocrx_word' id='word_1_314' title='bbox 899 2386 1103 2420; x_wconf 85' lang='lat' dir='ltr'><strong>Latinorum</strong></span> <span class='ocrx_word' id='word_1_315' title='bbox 1120 2386 1295 2420; x_wconf 82' lang='lat' dir='ltr'><strong>navarcho</strong></span> <span class='ocrx_word' id='word_1_316' title='bbox 1315 2384 1446 2420; x_wconf 82' lang='lat' dir='ltr'><strong>animos</strong></span> <span class='ocrx_word' id='word_1_317' title='bbox 1467 2383 1614 2418; x_wconf 79' lang='lat' dir='ltr'><strong>addidit.</strong></span> <span class='ocrx_word' id='word_1_318' title='bbox 1662 2383 1759 2416; x_wconf 89' lang='lat' dir='ltr'><strong>Con-</strong></span> 
     </span>
     <span class='ocr_line' id='line_1_35' title="bbox 278 2429 1757 2478; baseline -0.001 -14"><span class='ocrx_word' id='word_1_319' title='bbox 278 2434 449 2465; x_wconf 74' lang='lat' dir='ltr'><strong>venerunt</strong></span> <span class='ocrx_word' id='word_1_320' title='bbox 474 2435 589 2465; x_wconf 79' lang='lat' dir='ltr'><strong>tamen</strong></span> <span class='ocrx_word' id='word_1_321' title='bbox 615 2431 826 2466; x_wconf 85' lang='lat' dir='ltr'><strong>extrinsecus</strong></span> <span class='ocrx_word' id='word_1_322' title='bbox 867 2432 1046 2478; x_wconf 86' lang='lat' dir='ltr'><strong>pedestres</strong></span> <span class='ocrx_word' id='word_1_323' title='bbox 1077 2434 1303 2467; x_wconf 87' lang='lat' dir='ltr'><strong>Romanorum</strong></span> <span class='ocrx_word' id='word_1_324' title='bbox 1331 2432 1492 2465; x_wconf 83' lang='lat' dir='ltr'><strong>cohortes</strong></span> <span class='ocrx_word' id='word_1_325' title='bbox 1516 2442 1589 2465; x_wconf 90' lang='lat' dir='ltr'><strong>cum</strong></span> <span class='ocrx_word' id='word_1_326' title='bbox 1623 2429 1757 2475; x_wconf 85' lang='lat' dir='ltr'><strong>clypeis</strong></span> 
     </span>
     <span class='ocr_line' id='line_1_36' title="bbox 278 2476 1759 2525; baseline -0.001 -13"><span class='ocrx_word' id='word_1_327' title='bbox 278 2476 396 2512; x_wconf 77' lang='lat' dir='ltr'><strong>multis</strong></span> <span class='ocrx_word' id='word_1_328' title='bbox 414 2482 450 2512; x_wconf 86' lang='lat' dir='ltr'><strong><em>et</em></strong></span> <span class='ocrx_word' id='word_1_329' title='bbox 467 2476 621 2523; x_wconf 81' lang='lat' dir='ltr'><strong>magnis,</strong></span> <span class='ocrx_word' id='word_1_330' title='bbox 645 2478 728 2512; x_wconf 88' lang='lat' dir='ltr'><strong>item</strong></span> <span class='ocrx_word' id='word_1_331' title='bbox 747 2490 822 2512; x_wconf 90' lang='lat' dir='ltr'><strong>cum</strong></span> <span class='ocrx_word' id='word_1_332' title='bbox 837 2479 925 2513; x_wconf 85' lang='lat' dir='ltr'><strong>omni</strong></span> <span class='ocrx_word' id='word_1_333' title='bbox 942 2480 1096 2514; x_wconf 78' lang='lat' dir='ltr'><strong>fomitum</strong></span> <span class='ocrx_word' id='word_1_334' title='bbox 1112 2491 1253 2525; x_wconf 84' lang='lat' dir='ltr'><strong>genere,</strong></span> <span class='ocrx_word' id='word_1_335' title='bbox 1266 2481 1437 2524; x_wconf 87' lang='lat' dir='ltr'><strong>quotquot</strong></span> <span class='ocrx_word' id='word_1_336' title='bbox 1449 2477 1584 2512; x_wconf 86' lang='lat' dir='ltr'><strong>scilicet</strong></span> <span class='ocrx_word' id='word_1_337' title='bbox 1599 2480 1759 2522; x_wconf 79' lang='lat' dir='ltr'><strong>prompta</strong></span> 
     </span>
     <span class='ocr_line' id='line_1_37' title="bbox 277 2523 1759 2570; baseline -0.001 -13"><span class='ocrx_word' id='word_1_338' title='bbox 277 2523 371 2569; x_wconf 83' lang='lat' dir='ltr'><strong>ignis</strong></span> <span class='ocrx_word' id='word_1_339' title='bbox 390 2523 601 2559; x_wconf 84' lang='lat' dir='ltr'><strong>nutrimenta</strong></span> <span class='ocrx_word' id='word_1_340' title='bbox 619 2529 708 2559; x_wconf 82' lang='lat' dir='ltr'><strong>sunt.</strong></span> <span class='ocrx_word' id='word_1_341' title='bbox 755 2525 956 2570; x_wconf 82' lang='lat' dir='ltr'><strong>Apparebat</strong></span> <span class='ocrx_word' id='word_1_342' title='bbox 975 2530 1088 2561; x_wconf 84' lang='lat' dir='ltr'><strong>autem</strong></span> <span class='ocrx_word' id='word_1_343' title='bbox 1106 2531 1142 2561; x_wconf 90' lang='lat' dir='ltr'><strong><em>et</em></strong></span> <span class='ocrx_word' id='word_1_344' title='bbox 1157 2525 1277 2560; x_wconf 83' lang='lat' dir='ltr'><strong>classis</strong></span> <span class='ocrx_word' id='word_1_345' title='bbox 1289 2550 1299 2566; x_wconf 90' lang='lat'><strong>‚</strong></span> <span class='ocrx_word' id='word_1_346' title='bbox 1324 2536 1416 2569; x_wconf 79' lang='lat' dir='ltr'><strong>quae</strong></span> <span class='ocrx_word' id='word_1_347' title='bbox 1439 2524 1579 2559; x_wconf 85' lang='lat' dir='ltr'><strong>boreale</strong></span> <span class='ocrx_word' id='word_1_348' title='bbox 1600 2523 1667 2557; x_wconf 88' lang='lat' dir='ltr'><strong><em>iam</em></strong></span> <span class='ocrx_word' id='word_1_349' title='bbox 1689 2523 1759 2556; x_wconf 83' lang='lat' dir='ltr'><strong>cir-</strong></span> 
     </span>
     <span class='ocr_line' id='line_1_38' title="bbox 279 2569 1759 2617; baseline -0.001 -13"><span class='ocrx_word' id='word_1_350' title='bbox 279 2571 552 2606; x_wconf 84' lang='lat' dir='ltr'><strong>cumvehebatur</strong></span> <span class='ocrx_word' id='word_1_351' title='bbox 568 2570 732 2616; x_wconf 80' lang='lat' dir='ltr'><strong>Byzantii</strong></span> <span class='ocrx_word' id='word_1_352' title='bbox 750 2573 1038 2617; x_wconf 80' lang='lat' dir='ltr'><strong>promontorium3</strong></span> <span class='ocrx_word' id='word_1_353' title='bbox 1062 2573 1123 2607; x_wconf 88' lang='lat' dir='ltr'><strong><em>ubi</em></strong></span> <span class='ocrx_word' id='word_1_354' title='bbox 1139 2577 1253 2607; x_wconf 82' lang='lat' dir='ltr'><strong>turres</strong></span> <span class='ocrx_word' id='word_1_355' title='bbox 1272 2571 1362 2605; x_wconf 74' lang='lat' dir='ltr'><strong>dune</strong></span> <span class='ocrx_word' id='word_1_356' title='bbox 1378 2570 1582 2606; x_wconf 83' lang='lat' dir='ltr'><strong>aedificatae</strong></span> <span class='ocrx_word' id='word_1_357' title='bbox 1604 2573 1686 2604; x_wconf 88' lang='lat' dir='ltr'><strong>sunt</strong></span> <span class='ocrx_word' id='word_1_358' title='bbox 1705 2569 1759 2603; x_wconf 84' lang='lat' dir='ltr'><strong><em>la-</em></strong></span> 
     </span>
     <span class='ocr_line' id='line_1_39' title="bbox 279 2615 1759 2665; baseline -0.001 -14"><span class='ocrx_word' id='word_1_359' title='bbox 279 2615 362 2663; x_wconf 87' lang='lat' dir='ltr'><strong>pide</strong></span> <span class='ocrx_word' id='word_1_360' title='bbox 379 2617 472 2660; x_wconf 86' lang='lat' dir='ltr'><strong>albo‚</strong></span> <span class='ocrx_word' id='word_1_361' title='bbox 484 2617 528 2652; x_wconf 83' lang='lat' dir='ltr'><strong>ad</strong></span> <span class='ocrx_word' id='word_1_362' title='bbox 547 2617 743 2652; x_wconf 85' lang='lat' dir='ltr'><strong>concinnam</strong></span> <span class='ocrx_word' id='word_1_363' title='bbox 761 2617 893 2653; x_wconf 84' lang='lat' dir='ltr'><strong>solidae</strong></span> <span class='ocrx_word' id='word_1_364' title='bbox 910 2624 1106 2654; x_wconf 83' lang='lat' dir='ltr'><strong>structurae</strong></span> <span class='ocrx_word' id='word_1_365' title='bbox 1121 2618 1269 2665; x_wconf 77' lang='lat' dir='ltr'><strong>speciem</strong></span> <span class='ocrx_word' id='word_1_366' title='bbox 1287 2617 1457 2663; x_wconf 84' lang='lat' dir='ltr'><strong>expolito:</strong></span> <span class='ocrx_word' id='word_1_367' title='bbox 1484 2629 1551 2663; x_wconf 91' lang='lat' dir='ltr'><strong><em>quo</em></strong></span> <span class='ocrx_word' id='word_1_368' title='bbox 1567 2616 1671 2651; x_wconf 84' lang='lat' dir='ltr'><strong>etiam</strong></span> <span class='ocrx_word' id='word_1_369' title='bbox 1683 2615 1759 2650; x_wconf 89' lang='lat' dir='ltr'><strong>loco</strong></span> 
     </span>
     <span class='ocr_line' id='line_1_40' title="bbox 276 2662 1760 2710; baseline -0.001 -12"><span class='ocrx_word' id='word_1_370' title='bbox 276 2663 438 2710; x_wconf 83' lang='lat' dir='ltr'><strong>templum</strong></span> <span class='ocrx_word' id='word_1_371' title='bbox 455 2664 538 2699; x_wconf 85' lang='lat' dir='ltr'><strong>divo</strong></span> <span class='ocrx_word' id='word_1_372' title='bbox 558 2663 735 2699; x_wconf 83' lang='lat' dir='ltr'><strong>Demetrio</strong></span> <span class='ocrx_word' id='word_1_373' title='bbox 757 2664 906 2710; x_wconf 83' lang='lat' dir='ltr'><strong>positum</strong></span> <span class='ocrx_word' id='word_1_374' title='bbox 934 2667 1092 2702; x_wconf 84' lang='lat' dir='ltr'><strong>occurrit.</strong></span> <span class='ocrx_word' id='word_1_375' title='bbox 1131 2665 1234 2700; x_wconf 84' lang='lat' dir='ltr'><strong>Visus</strong></span> <span class='ocrx_word' id='word_1_376' title='bbox 1253 2676 1336 2699; x_wconf 89' lang='lat' dir='ltr'><strong>vero</strong></span> <span class='ocrx_word' id='word_1_377' title='bbox 1354 2663 1441 2710; x_wconf 87' lang='lat' dir='ltr'><strong>ipsis</strong></span> <span class='ocrx_word' id='word_1_378' title='bbox 1459 2664 1595 2709; x_wconf 88' lang='lat' dir='ltr'><strong>iniquus</strong></span> <span class='ocrx_word' id='word_1_379' title='bbox 1618 2662 1674 2697; x_wconf 88' lang='lat' dir='ltr'><strong><em>hic</em></strong></span> <span class='ocrx_word' id='word_1_380' title='bbox 1693 2663 1760 2697; x_wconf 82' lang='lat' dir='ltr'><strong>fle-</strong></span> 
     </span>
     <span class='ocr_line' id='line_1_41' title="bbox 280 2708 1760 2758; baseline 0 -15"><span class='ocrx_word' id='word_1_381' title='bbox 280 2720 345 2744; x_wconf 83' lang='lat' dir='ltr'><strong>xus</strong></span> <span class='ocrx_word' id='word_1_382' title='bbox 372 2711 417 2745; x_wconf 88' lang='lat' dir='ltr'><strong><em>ob</em></strong></span> <span class='ocrx_word' id='word_1_383' title='bbox 436 2723 514 2754; x_wconf 87' lang='lat' dir='ltr'><strong>eos,</strong></span> <span class='ocrx_word' id='word_1_384' title='bbox 531 2710 591 2757; x_wconf 89' lang='lat' dir='ltr'><strong><em>qui</em></strong></span> <span class='ocrx_word' id='word_1_385' title='bbox 610 2710 681 2745; x_wconf 91' lang='lat' dir='ltr'><strong>illic</strong></span> <span class='ocrx_word' id='word_1_386' title='bbox 700 2723 835 2758; x_wconf 81' lang='lat' dir='ltr'><strong>semper</strong></span> <span class='ocrx_word' id='word_1_387' title='bbox 855 2712 1029 2756; x_wconf 86' lang='lat' dir='ltr'><strong>existunt,</strong></span> <span class='ocrx_word' id='word_1_388' title='bbox 1048 2713 1153 2748; x_wconf 86' lang='lat' dir='ltr'><strong>maris</strong></span> <span class='ocrx_word' id='word_1_389' title='bbox 1171 2711 1323 2746; x_wconf 83' lang='lat' dir='ltr'><strong>vortices</strong></span> <span class='ocrx_word' id='word_1_390' title='bbox 1347 2716 1383 2746; x_wconf 87' lang='lat' dir='ltr'><strong><em>et</em></strong></span> <span class='ocrx_word' id='word_1_391' title='bbox 1400 2710 1566 2756; x_wconf 82' lang='lat' dir='ltr'><strong>quosdam</strong></span> <span class='ocrx_word' id='word_1_392' title='bbox 1585 2709 1684 2755; x_wconf 81' lang='lat' dir='ltr'><strong>quasi</strong></span> <span class='ocrx_word' id='word_1_393' title='bbox 1706 2708 1760 2744; x_wconf 77' lang='lat' dir='ltr'><strong><em>la-</em></strong></span> 
     </span>
     <span class='ocr_line' id='line_1_42' title="bbox 278 2755 1759 2804; baseline -0.001 -14"><span class='ocrx_word' id='word_1_394' title='bbox 278 2755 482 2801; x_wconf 78' lang='lat' dir='ltr'><strong>byrinthos3</strong></span> <span class='ocrx_word' id='word_1_395' title='bbox 507 2757 628 2804; x_wconf 81' lang='lat' dir='ltr'><strong>quales</strong></span> <span class='ocrx_word' id='word_1_396' title='bbox 648 2757 729 2792; x_wconf 84' lang='lat' dir='ltr'><strong>illae</strong></span> <span class='ocrx_word' id='word_1_397' title='bbox 750 2769 771 2793; x_wconf 88' lang='lat' dir='ltr'><strong>a</strong></span> <span class='ocrx_word' id='word_1_398' title='bbox 790 2758 939 2794; x_wconf 79' lang='lat' dir='ltr'><strong>Graecis</strong></span> <span class='ocrx_word' id='word_1_399' title='bbox 964 2760 1168 2795; x_wconf 82' lang='lat' dir='ltr'><strong>decantatae</strong></span> <span class='ocrx_word' id='word_1_400' title='bbox 1186 2758 1305 2804; x_wconf 80' lang='lat' dir='ltr'><strong>Scylla</strong></span> <span class='ocrx_word' id='word_1_401' title='bbox 1320 2762 1355 2792; x_wconf 91' lang='lat' dir='ltr'><strong><em>et</em></strong></span> <span class='ocrx_word' id='word_1_402' title='bbox 1374 2756 1586 2802; x_wconf 82' lang='lat' dir='ltr'><strong>Charybdis,</strong></span> <span class='ocrx_word' id='word_1_403' title='bbox 1612 2767 1698 2801; x_wconf 80' lang='lat' dir='ltr'><strong>quas</strong></span> <span class='ocrx_word' id='word_1_404' title='bbox 1722 2755 1759 2790; x_wconf 87' lang='lat' dir='ltr'><strong><em>in</em></strong></span> 
     </span>
     <span class='ocr_line' id='line_1_43' title="bbox 277 2801 1760 2851; baseline 0 -16"><span class='ocrx_word' id='word_1_405' title='bbox 277 2801 337 2836; x_wconf 85' lang='lat' dir='ltr'><strong>illo</strong></span> <span class='ocrx_word' id='word_1_406' title='bbox 358 2804 461 2846; x_wconf 83' lang='lat' dir='ltr'><strong>freto,</strong></span> <span class='ocrx_word' id='word_1_407' title='bbox 486 2804 579 2850; x_wconf 87' lang='lat' dir='ltr'><strong>quod</strong></span> <span class='ocrx_word' id='word_1_408' title='bbox 597 2810 651 2839; x_wconf 82' lang='lat' dir='ltr'><strong><em>est</em></strong></span> <span class='ocrx_word' id='word_1_409' title='bbox 666 2804 758 2839; x_wconf 83' lang='lat' dir='ltr'><strong>inter</strong></span> <span class='ocrx_word' id='word_1_410' title='bbox 776 2805 935 2840; x_wconf 82' lang='lat' dir='ltr'><strong>Italicum</strong></span> <span class='ocrx_word' id='word_1_411' title='bbox 953 2806 1123 2851; x_wconf 85' lang='lat' dir='ltr'><strong>Rhegium</strong></span> <span class='ocrx_word' id='word_1_412' title='bbox 1139 2810 1176 2841; x_wconf 89' lang='lat' dir='ltr'><strong><em>et</em></strong></span> <span class='ocrx_word' id='word_1_413' title='bbox 1187 2805 1337 2840; x_wconf 80' lang='lat' dir='ltr'><strong>Siculam</strong></span> <span class='ocrx_word' id='word_1_414' title='bbox 1351 2804 1556 2845; x_wconf 83' lang='lat' dir='ltr'><strong>Messanam,</strong></span> <span class='ocrx_word' id='word_1_415' title='bbox 1577 2802 1664 2837; x_wconf 83' lang='lat' dir='ltr'><strong>sitas</strong></span> <span class='ocrx_word' id='word_1_416' title='bbox 1683 2813 1760 2836; x_wconf 87' lang='lat' dir='ltr'><strong>esse</strong></span> 
     </span>
     <span class='ocr_line' id='line_1_44' title="bbox 278 2848 1761 2901; baseline -0.001 -17"><span class='ocrx_word' id='word_1_417' title='bbox 278 2848 408 2885; x_wconf 85' lang='lat' dir='ltr'><strong>dicunt.</strong></span> <span class='ocrx_word' id='word_1_418' title='bbox 458 2850 585 2888; x_wconf 79' lang='lat' dir='ltr'><strong>Obl&#39;uit</strong></span> <span class='ocrx_word' id='word_1_419' title='bbox 605 2855 720 2888; x_wconf 79' lang='lat' dir='ltr'><strong>autem</strong></span> <span class='ocrx_word' id='word_1_420' title='bbox 738 2851 808 2888; x_wconf 78' lang='lat' dir='ltr'><strong>iuis</strong></span> <span class='ocrx_word' id='word_1_421' title='bbox 824 2856 907 2889; x_wconf 86' lang='lat' dir='ltr'><strong>tunc</strong></span> <span class='ocrx_word' id='word_1_422' title='bbox 925 2853 1106 2900; x_wconf 86' lang='lat' dir='ltr'><strong>plurimum</strong></span> <span class='ocrx_word' id='word_1_423' title='bbox 1117 2878 1128 2898; x_wconf 90' lang='lat'><strong>,</strong></span> <span class='ocrx_word' id='word_1_424' title='bbox 1151 2851 1244 2901; x_wconf 81' lang='lat' dir='ltr'><strong>quod</strong></span> <span class='ocrx_word' id='word_1_425' title='bbox 1261 2851 1299 2888; x_wconf 83' lang='lat' dir='ltr'><strong><em>in</em></strong></span> <span class='ocrx_word' id='word_1_426' title='bbox 1314 2850 1444 2893; x_wconf 82' lang='lat' dir='ltr'><strong>carinis</strong></span> <span class='ocrx_word' id='word_1_427' title='bbox 1461 2850 1619 2887; x_wconf 82' lang='lat' dir='ltr'><strong>idoneam</strong></span> <span class='ocrx_word' id='word_1_428' title='bbox 1636 2849 1761 2885; x_wconf 81' lang='lat' dir='ltr'><strong>sabur-</strong></span> 
     </span>
    </p>
   </div>
  </div>
 </body>
</html>
