1794 3172
375 123 696 211 HISTORIAE
725 163 1103 209 BYZANTINAE
1128 162 1332 210 xrv.1o
1487 158 1588 205 733

90 269 143 331 ἦν
170 274 218 318 τὸ
249 271 449 332 παράπαν
479 273 614 324 οὐδεὶς
624 307 638 328 ,
687 273 795 332 πλὴν
827 272 940 328 ἑνὸς,
985 271 1032 325 ὃς
1077 272 1208 324 εὐθὺς
1238 275 1490 328 συμπλακεὶς
1524 277 1583 334 τῷ
1607 285 1645 319 A.
1664 281 1794 320 0134:

87 342 235 388 Ῥαοὺλ
263 343 380 388 ἕπαιέ
406 361 449 388 τε
479 346 547 387 καὶ
568 344 729 388 ἐπαίετο
743 358 754 368 ·
790 346 860 387 καὶ
881 339 933 401 ἦν
954 342 1144 399 ὠθισμὸς
1166 344 1209 386 ἐν
1230 342 1482 401 ἀμφοτέροις
1500 332 1793 413 μα-Ῑωῗίὶεἱῗῖα

92 414 215 471 κρός,
254 411 453 472 ὁπότερος
475 412 527 457 ἂν
559 413 695 457 ἀνέλοι
719 413 792 458 τὸν
818 414 958 472 ἕτερον
987 411 1201 471 πρότερος.
1239 412 1337 457 ἀλλ’
1371 413 1586 472 οὐδέτερος
1720 403 1729 413 ’

91 483 296 544 οὐδετέρῳ
324 485 513 537 κίνδυνον
532 484 702 540 ἐνεγκεῖν
723 481 923 540 ἐδυνήθη.
960 481 1122 527 τούτων
1147 482 1193 526 δ’
1226 481 1360 534 οὕτως
1392 481 1584 539 ἐχόντων,

55 553 230 610 δὲ’τερος
257 558 333 610 τῆς
356 557 440 597 τῶν
468 550 772 610 Παλαιολόγων
801 557 942 611 σειρᾶς
971 550 1135 611 ἀθρόον
1163 557 1223 613 τῷ
1236 551 1479 613 Ἀποκαύκῳ
1496 555 1586 597 ε’πι-

90 625 232 683 πηδᾷ,
270 623 325 667 τὰ
355 621 628 679 παραπλήσια
660 623 788 679 λέγων
821 625 889 667 καὶ
922 625 1034 680 δρῶν
1067 627 1127 683 τῷ
1157 623 1370 682 προτέρῳ,
1406 625 1473 666 καὶ
1496 622 1583 679 ἅμα

89 692 245 745 ἄλλος,
288 694 358 736 καὶ
389 693 455 736 ἐπὶ
496 691 662 743 τούτοις
692 693 854 750 ἕτερος·
900 694 968 736 καὶ
1005 691 1141 746 οὕτω,
1183 691 1392 736 συνελόντι
1434 692 1623 751 ᾳ»άναι,Ε

88 764 237 818 βιαίως
271 763 421 813 ἐκεῖνος
453 761 653 820 ἀπέρρηξε
674 762 750 818 τὴν
779 762 947 819 ψυχὴν,
984 760 1151 819 ἁπάσης
1179 762 1331 820 ἔρημος
1357 764 1576 819 βοηθείας,

90 830 113 875 ὃ
133 830 270 875 πάντα
297 830 497 889 χρήματα
520 831 636 890 παρὰ
662 829 799 876 πάντα
826 834 1025 877 δαπανῶν
1055 832 1128 876 τὸν
1158 834 1252 887 βίον
1278 830 1383 890 ὑπὲρ
1414 837 1490 876 τοῦ
1517 833 1578 890 μὴ

33 909 79 944 10
88 903 208 962 βιαίᾳ
233 900 481 959 χρήσασθαι
515 905 698 960 τελευτῇ.
757 901 850 962 (Z.)
877 901 1035 946 Ἔλαθε
1067 902 1146 959 γὰρ
1182 900 1239 953 ὥς
1267 901 1391 946 ἔοικεν
1411 901 1574 956 ἑαυτὸν,

86 976 194 1015 θεοῦ
224 972 300 1025 μὲν
330 971 522 1030 ἀφαιρῶν
559 971 636 1028 τὴν
668 969 891 1029 πρόνοιαν,
939 972 1226 1030 ἀνθρωπίναις
1254 973 1301 1015 δὲ
1327 977 1578 1030 προσαρτῶν

87 1042 285 1092 ἐπινοίαις
311 1059 355 1085 τε
384 1043 452 1085 καὶ
483 1038 778 1097 σπουδάσμασι
807 1046 884 1098 τῆς
917 1040 1134 1100 παρούσης
1159 1046 1235 1085 τοῦ
1254 1043 1350 1097 βίου
1371 1043 1578 1099 διαγωγῆς

86 1111 140 1155 τὰ
158 1111 343 1168 ἐνέχυρα.
364 1114 434 1166 καὶ
454 1111 524 1154 διὰ
543 1115 668 1155 τοῦτο
687 1111 786 1162 τοὺς
804 1111 957 1163 ἄλλους
975 1111 1213 1168 διαβάλλων
1233 1114 1302 1155 καὶ
1327 1111 1575 1169 καθειργνύς
1588 1119 1619 1153 Ε

87 1181 270 1231 καὶτοὺς
290 1182 451 1225 ἐκείνων
473 1179 780 1239 ἀφαιρούμενος
799 1182 921 1235 βίους
953 1183 1017 1224 ε’πὶ
1045 1187 1226 1239 σαθροῖς
1252 1183 1462 1237 θεμελίοις
1486 1183 1579 1225 ε’πε-

30 1255 76 1291 15
90 1252 199 1294 τίθει
217 1250 271 1294 τὰ
292 1241 506 1307 τῆςᾼῗδίας
529 1251 759 1309 ἀσφαλείας
785 1249 1062 1310 ὀχυρώματα·
1107 1250 1398 1319 παραπλήσιον
1429 1256 1574 1305 ποιῶν,

38 1314 43 1315 ⁷
86 1314 224 1379 ὥσπερ
252 1319 303 1364 ἂν
326 1323 363 1365 εἲ
380 1325 624 1379 πρηστῆρας
646 1322 690 1364 ἐκ
711 1318 903 1378 γειτόνων
933 1319 1130 1379 ἁρπάζων
1149 1322 1280 1378 μηδὲν
1308 1320 1423 1380 αὐτῷ
1445 1337 1578 1380 προσ-

83 1388 264 1447 ήκοντας
291 1390 527 1451 αὐτοχειρίᾳ
558 1391 635 1447 τὴν
668 1389 820 1435 ἑαυτοῦ
847 1396 1073 1450 προφανῶς
1097 1390 1286 1449 ὑφῆπτεν
1314 1392 1460 1436 οἰκίαν.
1511 1390 1576 1435 διὸ

84 1462 154 1504 καὶ
174 1458 446 1518 παραμύθιον
462 1462 538 1516 μὲν
566 1459 592 1517 ἦ
626 1462 778 1504 ἐκείνου
801 1461 938 1518 γε’γονε
961 1462 1127 1518 τελευτὴ
1162 1469 1250 1511 τοῖς
1277 1478 1321 1504 τε
1343 1460 1411 1504 διὰ
1434 1462 1576 1504 πενίαν

85 1530 162 1574 οὐκ
193 1529 355 1586 ἔχουσιν
385 1529 468 1590 ὅτῳ
487 1529 715 1586 χρήσονται
745 1529 954 1590 φαρμάκῳ
978 1531 1084 1588 πρὸς
1110 1531 1186 1581 τὰς
1207 1528 1403 1580 ἐπιούσας
1424 1528 1577 1584 ὁμοίως

28 1604 162 1643 Ξῡτοῦ
179 1598 335 1658 χρόνου
365 1599 493 1655 τύχας
521 1602 590 1643 καὶ
616 1605 750 1655 κῆρας
775 1602 842 1643 καὶ
874 1598 936 1651 οἷς
963 1599 1100 1658 ἔφεσις
1127 1605 1211 1644 τῶν
1231 1603 1368 1650 κακῶς
1389 1597 1468 1645 ὑπ’
1495 1597 1707 1643 aiv-15:161

83 1674 161 1713 τοῦ
186 1669 481 1726 πραττομένων
504 1670 709 1725 ἐκδίκησιν
731 1667 977 1713 θεάσασθαι
997 1664 1063 1725 ἦν,
1100 1671 1196 1728 πρὶν
1213 1666 1439 1726 ἀπογνώσει
1462 1673 1574 1727 σφᾶς

85 1737 319 1789 δεδωκότας
341 1739 382 1781 ἕν
405 1756 443 1781 τι
474 1731 724 1782 πεπονθέναι
756 1743 839 1782 τῶν
861 1738 1073 1794 ἀθεμίτων
1090 1753 1099 1763 ·
1137 1741 1205 1782 καὶ
1230 1737 1319 1793 ἅμα
1345 1736 1571 1795 παιδευτή,

85 1826 200 1866 ριον,
251 1810 294 1859 ἐς
323 1808 371 1852 τὸ
401 1813 573 1866 σῶφρον
603 1809 702 1859 τοὺς
731 1809 1021 1866 θρασυτέρους
1055 1809 1288 1862 ἀνθ-ἕλκον,
1322 1809 1391 1853 καὶ
1425 1806 1487 1859 οἷς
1517 1808 1571 1851 τὰ

62 1876 300 1935 ατόλμητα
335 1878 409 1930 ξὺν
431 1878 566 1922 οὐδενὶ
600 1878 678 1922 δέει
699 1882 915 1934 τολμᾶται.
952 1880 1021 1922 καὶ
1052 1883 1187 1923 ταῦτα
1206 1879 1283 1935 μὲν
1306 1881 1455 1923 τοῦτον
1477 1876 1569 1934 ἴσχε

81 2038 214 2071 tarent.
260 2035 332 2071 Sed
352 2038 430 2072 erat
452 2036 586 2072 omnino
604 2037 740 2081 nullus,
765 2049 834 2073 uno
853 2039 998 2085 excepto
1011 2062 1023 2079 ‚
1047 2036 1127 2083 qui,
1152 2037 1324 2073 consertis
1348 2037 1465 2072 statim
1489 2048 1568 2072 cum

81 2083 194 2118 Rafile
209 2084 384 2126 manibus,
407 2084 558 2119 feriebat
574 2085 675 2119 simul
695 2089 732 2119 et
749 2085 953 2120 feriebatur.
999 2084 1050 2119 Et
1068 2084 1105 2119 hi
1124 2084 1261 2130 quidem
1277 2096 1401 2131 magno
1418 2088 1569 2130 uterque

81 2129 160 2165 nisu
181 2131 382 2173 certabant,
415 2136 493 2166 uter
515 2132 660 2167 alterum
687 2132 902 2168 interficeret
926 2131 1032 2178 prior.
1077 2131 1149 2166 Sed
1167 2137 1290 2167 neuter
1308 2131 1410 2166 alteri
1429 2130 1569 2177 pericu-

80 2175 150 2211 lum
173 2176 302 2212 inferre
331 2182 479 2223 poterat.
525 2178 625 2213 Haec
651 2191 726 2214 cum
750 2179 803 2213 ita
822 2191 860 2213 se
876 2180 1058 2221 haberent,
1080 2178 1126 2212 de
1143 2178 1426 2224 Palaeologorum
1443 2184 1566 2212 catena

79 2223 169 2258 alter
187 2223 304 2258 statim
318 2224 353 2258 in
375 2227 590 2270 Apocaucum
609 2225 723 2267 irruit,
746 2227 867 2262 eadem
885 2226 992 2262 ferme
1011 2237 1053 2260 ac
1073 2226 1201 2271 primus
1223 2224 1369 2260 dicendo
1387 2224 1567 2259 faciendo—

80 2281 169 2315 que,
195 2275 232 2305 et
252 2271 431 2305 confestim
448 2271 557 2313 alius,
581 2277 686 2317 atque
705 2273 808 2307 etiam
830 2272 932 2307 alius.
975 2272 1053 2314 Ita,
1078 2277 1117 2306 ut
1134 2271 1254 2318 paucis
1274 2271 1467 2312 absolvam,
1491 2270 1567 2305 vio-=

78 2315 175 2351 lenta
191 2316 250 2351 ille
267 2322 376 2353 morte
394 2319 501 2352 vitam
519 2319 669 2364 abrupit,
691 2320 781 2354 omni
799 2319 927 2354 auxilio
947 2318 1147 2360 destitutus,
1162 2318 1220 2364 qui
1239 2319 1329 2354 omni
1345 2324 1484 2363 sumptu
1503 2327 1568 2363 per

78 2374 212 2398 omnem
231 2364 337 2398 vitam
357 2370 559 2406 curaverat,
584 2378 628 2400 ne
645 2366 832 2401 violentum
851 2366 979 2400 exitum
1000 2365 1197 2401 sortiretur.
1242 2365 1363 2410 (VII.)
1389 2365 1469 2398 Non
1491 2363 1566 2397 ani·

79 2410 315 2445 madverterat
339 2412 495 2454 scilicet,
520 2412 671 2446 divinam
692 2424 714 2447 a
733 2425 771 2447 se
787 2412 863 2447 tolli
889 2412 1164 2458 providentiam3
1194 2411 1232 2447 in
1257 2412 1426 2447 hominum
1451 2416 1566 2444 autem

80 2456 232 2490 consiliis
250 2469 293 2491 ac
312 2458 495 2504 diligentia
510 2459 592 2503 poni
607 2460 703 2493 vitae
721 2458 819 2493 huius
836 2459 984 2494 tuendae
1000 2459 1223 2493 certissimam
1238 2459 1414 2493 rationem.
1434 2457 1566 2497 Quam-

79 2503 197 2538 obrem
221 2515 297 2538 cum
316 2505 402 2539 alios
429 2506 689 2548 criminaretur,
714 2509 751 2540 et
767 2505 915 2540 vinculis
940 2508 1139 2547 coerceret,
1162 2510 1200 2540 et
1217 2504 1366 2541 fortunis
1385 2503 1566 2549 spoliaret,

78 2549 203 2583 salutis
228 2562 314 2584 suae
338 2551 515 2596 praesidia
535 2551 671 2587 vitiosis
693 2552 924 2587 fundamentis
945 2552 1165 2598 imponebat3
1191 2551 1334 2598 perinde
1354 2550 1414 2584 ille
1441 2561 1564 2595 agens,

79 2606 122 2629 ac
141 2595 171 2628 si
194 2595 276 2641 igne
302 2609 368 2632 non
387 2610 472 2639 suo,
497 2600 559 2633 sed
580 2610 624 2633 ex
641 2598 765 2633 vicinis
784 2605 906 2645 rapto,
929 2610 1023 2634 suam
1042 2599 1118 2644 ipse
1142 2599 1275 2633 domum
1297 2596 1438 2643 propria
1461 2606 1563 2630 manu

77 2643 316 2678 succenderet.
362 2645 486 2691 Itaque
502 2645 594 2679 illius
610 2657 700 2680 mors
717 2645 875 2680 solatium
889 2645 1027 2691 quidem
1044 2645 1088 2679 iis
1105 2645 1186 2686 fuit,
1210 2644 1333 2690 quibus
1349 2644 1392 2677 ob
1412 2642 1564 2688 inopiam

77 2687 164 2722 nihil
187 2695 386 2734 supererat,
409 2703 478 2737 quo
498 2697 660 2738 tanquam
681 2692 832 2726 remedio
852 2698 1033 2726 uterentur
1055 2692 1222 2727 adversus
1242 2696 1433 2736 temporum
1452 2689 1566 2723 fortu-

76 2745 155 2769 nam
175 2740 212 2769 et
229 2736 455 2780 calamitates,
479 2749 589 2784 aeque
606 2743 647 2773 ut
667 2743 770 2773 antea
790 2739 994 2780 subeuntes3
1017 2737 1099 2774 item
1116 2739 1173 2780 iis,
1199 2737 1260 2783 qui
1280 2735 1456 2771 vindicata
1472 2735 1565 2769 illius

77 2781 263 2816 malefacta
277 2783 397 2819 videre
413 2785 610 2831 cupiebant,
618 2789 802 2831 antequam
811 2785 1055 2831 desperatione
1068 2790 1211 2820 auctore
1227 2784 1325 2818 nefas
1339 2782 1408 2829 ipsi
1424 2780 1565 2827 aliquod

76 2827 314 2874 susciperent:
337 2830 578 2866 documentum
594 2843 678 2866 vero
696 2832 844 2875 exstitit,
864 2843 932 2879 quo
947 2832 1162 2873 audaciores,
1185 2836 1223 2865 et
1237 2831 1265 2864 ii
1282 2830 1341 2875 qui
1359 2829 1452 2864 nullo
1472 2832 1565 2863 metu

77 2873 236 2910 deterriti
251 2887 295 2912 ea
310 2879 459 2922 tentant,
478 2890 569 2926 quae
585 2877 758 2915 intentata
776 2891 854 2916 esse
869 2883 1021 2926 oportet,
1046 2879 1091 2915 ad
1111 2878 1281 2914 saniorem
1298 2882 1442 2913 mentem
1461 2886 1566 2910 revo-
