1794 3172
263 133 366 193 890
529 190 531 195 y
674 136 993 185 NICEPHORI
1019 135 1346 183 GREGORAE

45 269 81 302 Α,
99 267 143 301 Μ.
162 263 254 302 6859
265 255 335 299 λαι
363 254 532 310 σοφῶν·
568 247 665 292 ἀλλ’
691 241 804 291 οῦτοι
829 252 976 306 σαφῶς
1002 249 1132 301 einim·
1162 246 1209 291 οἳ
1230 247 1308 298 τὰς
1336 246 1582 302 εὐδαίμονας
1610 263 1739 304 γεωρ-

94 311 201 350 ¹”d04
221 325 379 394 Εγοῦσι
401 318 571 375 τύχας.”
646 316 735 377 (Γ.)
767 317 882 372 Ἐμοὶ
910 319 987 373 μὲν
1011 313 1084 361 οὖν
1116 321 1250 361 ταῦτα
1288 314 1441 360 εἰπόντι
1473 314 1581 373 ὗγιὲς
1620 316 1740 359 οὐδὲν

109 406 154 443 v,
174 403 244 443 453
268 394 310 443 ἐξ
331 391 482 434 ἐκείνου
501 387 718 432 πυθέσθαι
737 387 947 443 γεγένηταί
964 403 1002 430 τι
1026 385 1256 444 ξύνδρομον
1280 394 1367 437 τοῖς
1389 385 1594 445 ῥηθεῖσιν,
1634 384 1740 427 ἀλλὰ

265 457 410 505 σκολιά
443 476 536 502 τινα
574 455 765 515 ῥήματα,
804 456 989 507 διανοίας
1018 455 1211 513 καθάπερ
1243 455 1530 513 ἀρνησαμένης
1554 454 1740 510 θεσμοὺς

265 531 335 574 καὶ
362 525 516 584 νόμους
543 523 804 581 δικαιοσύνης
826 527 893 568 καὶ
920 525 1133 582 ἀληθείας.
1171 527 1255 569 ἐπεὶ
1274 521 1349 570 οὗν
1369 527 1424 576 εἷς
1443 529 1526 581 πῦρ
1550 541 1594 567 τε
1619 523 1770 574 ἔδοξαὸ

265 599 413 650 ξαίνειν
447 597 516 640 καὶ
555 592 707 654 δικτύῳ
745 593 937 652 θηρεύειν
969 595 1170 651 ἀνέμους,
1207 593 1382 651 τάχιστα
1412 595 1568 638 ἐκεῖθεν
1608 591 1744 649 ἀπήλ-

226 673 418 725 Ελαγμαι
429 698 444 720 ,
481 666 610 721 μηδὲν
630 665 752 707 πλέον
772 662 948 718 ἀνύσας,
986 663 1012 721 ἢ
1033 665 1131 716 τοὺς
1151 666 1302 708 ἐκείνου
1324 663 1492 720 θυμοὺς
1509 660 1744 720 παροξύνας

266 736 374 781 κατὰ
392 739 467 779 τοῦ
484 734 537 778 τὰ
557 732 793 791 ὑγιαίνοντα
815 732 949 794 τούτῳ
971 731 1174 793 φάρμακα
1197 732 1479 792 προσάγοντος
1499 735 1614 788 ἐμοῦ.
1652 730 1744 775 ’ἰδοὺ

266 805 346 864 γὰρ
369 804 564 861 ὥδίνησεν
582 803 768 857 ἀδικίαν,
805 804 1005 858 συνέλαβε
1035 802 1186 857 πόνον,
1220 806 1288 847 καὶ
1318 803 1424 847 ἔτεκε
1453 800 1653 858 διδύμους
1677 801 1745 844 καὶ

267 878 444 934 τριπλᾶς
466 874 543 924 τὰς
561 872 656 917 κατ’
683 874 783 929 ἐμοῦ
803 874 988 929 μελέτας.
1026 872 1113 918 εἶτα
1133 873 1300 927 δεδιώς,
1331 872 1390 930 μὴ
1411 872 1486 916 οὐκ
1509 871 1612 927 ἔχων
1633 870 1745 921 ὅπως
1759 877 1794 912 1c

268 946 338 990 καὶ
367 942 468 988 ὅθεν
501 940 729 1000 ἀρξάμενος
757 941 998 999 ἀμύνεσθαί
1019 962 1071 1000 με
1098 944 1169 987 τὸν
1202 943 1331 987 αὐτοῦ
1369 941 1611 1000 Προμηθέα
1646 938 1746 997 δόξῃ

266 1014 342 1059 τὸν
371 1011 521 1057 ἑαυτοῦ
549 1010 794 1070 θεραπεύειν
823 1013 965 1069 θυμὸν
996 1013 1118 1074 (οὔτε
1147 1013 1225 1071 γὰρ
1251 1013 1420 1070 χωρίοις
1445 1013 1513 1054 καὶ
1536 1010 1748 1067 ἀμπελῶσι

114 1088 158 1125 P.
176 1087 246 1127 560
270 1085 339 1128 καὶ
369 1081 491 1133 ὕλαις
521 1082 750 1126 πολυειδέσι
782 1087 1087 1140 προσηλῶσθαι
1122 1081 1381 1139 βεβούλημαι
1408 1079 1600 1133 πώποτε,
1639 1077 1744 1122 οὔθ’

272 1152 375 1204 ὅσας
391 1169 435 1196 τε
459 1153 526 1196 καὶ
547 1152 639 1202 οἳάς
660 1155 843 1204 βασιλεῖς
857 1158 1083 1210 χορηγοῦσι
1106 1151 1228 1208 τιμάς
1250 1170 1292 1195 τε
1317 1153 1385 1195 καὶ
1408 1148 1534 1202 δόξας
1551 1154 1626 1206 τῆς
1646 1150 1748 1205 ἐμῆς

271 1222 510 1280 ἐλευθερίας
527 1219 791 1273 ἀλλάξασθαι
811 1220 1042 1279 ἠνεσχόμην
1052 1256 1065 1276 ,
1105 1223 1153 1266 οὗ
1173 1223 1256 1279 μὴν
1280 1221 1375 1265 οὐδὲ
1401 1218 1583 1264 πλούτου
1612 1216 1664 1275 δή
1684 1236 1747 1262 τι-
1760 1225 1794 1261 15

271 1309 344 1343 νος
363 1291 439 1348 τὴν
459 1290 607 1350 ἀρετὴν
626 1290 894 1347 ἀμείψασθαι
922 1296 1005 1335 τῶν
1034 1290 1190 1349 λόγων·
1227 1295 1361 1335 ταῦτα
1388 1287 1467 1348 γάρ
1494 1291 1569 1333 εἶσι
1599 1288 1657 1331 δι’
1692 1281 1749 1332 ὧν

275 1359 504 1418 ἀμύνονται
531 1365 717 1412 βασιλεῖς
745 1364 829 1404 τῶν
859 1359 1053 1417 ὖπηκόων
1085 1359 1148 1413 οἷς
1183 1360 1403 1416 ἕχθονται,
1443 1362 1679 1415 ζημιοῦντες
1705 1358 1749 1400 ἐκ

275 1434 352 1475 τοῦ
373 1428 565 1491 ῥᾴστου),
588 1431 629 1481 ἐς
651 1429 727 1486 τὴν
748 1430 861 1490 αὐτῷ
883 1431 1164 1487 μελετωμένην
1184 1430 1327 1474 λοιπὸν
1346 1427 1548 1487 ἀνήρτησε
1577 1427 1628 1471 τὰ
1648 1425 1751 1483 ἦμέ-

235 1508 379 1558 Βτερα
413 1497 589 1543 σύνοδον
618 1497 854 1558 λῃστρικήν.
938 1499 1034 1560 (A.)
1081 1503 1169 1545 Καὶ
1207 1497 1419 1557 ἐπειδήπερ
1450 1501 1507 1549 εἷς
1540 1498 1696 1541 τελείαν
1727 1493 1749 1538 ὃ

277 1568 382 1627 ἀνὴρ
416 1566 609 1627 ἐξερράγη
638 1569 740 1620 τέως
768 1570 939 1623 κακίαν,
975 1571 1043 1613 καὶ
1067 1568 1227 1626 μάταια
1262 1569 1314 1613 τὰ
1339 1573 1423 1612 τῶν
1450 1567 1625 1624 ἀγαθῶν
1652 1564 1750 1622 ἡμῖν
1761 1572 1794 1607 2(

276 1639 454 1683 ἐλπίδων
472 1637 553 1695 ἤδη
575 1636 728 1692 ἐδόκει,
767 1636 965 1699 ἀπράκτῳ
995 1658 1067 1693 μοι
1098 1639 1239 1684 λοιπὸν
1259 1639 1300 1690 ἐς
1327 1637 1380 1682 τὰ
1401 1638 1504 1682 οἴκοι
1522 1633 1751 1694 περιειστή-

279 1725 338 1753 κει
359 1709 594 1766 γίγνεσθαι,
631 1712 717 1758 τῶν
741 1706 873 1765 λόγων
898 1707 1159 1765 ἀπεγνωκότι,
1195 1708 1424 1766 γενομένοις
1446 1707 1489 1750 δ’
1522 1706 1588 1749 ἐπ’
1621 1706 1752 1760 ἐμαυ-

279 1781 356 1821 τοῦ
386 1783 551 1832 συχνοῖς
580 1778 647 1820 καὶ
666 1775 988 1833 ἀλλεπαλλήλοις
1020 1778 1357 1836 περιαντλεΐσθαί
1382 1794 1433 1833 με
1460 1773 1615 1831 κύμασι
1641 1779 1752 1831 λογι-

278 1873 404 1909 similes
421 1873 575 1917 stimulis,
592 1873 715 1920 quibus
735 1874 842 1909 boves
864 1877 1045 1920 urgentur.
1092 1875 1203 1919 (Nam
1221 1879 1257 1911 et
1270 1875 1321 1910 illi
1338 1876 1497 1921 pungunt
1516 1871 1653 1918 quidem
1662 1871 1691 1916 ε)
1716 1874 1753 1905 at

278 1931 320 1955 re
335 1921 414 1967 ipsa
428 1921 553 1956 beatae
570 1921 667 1956 vitae
685 1921 825 1955 fundum
844 1920 1037 1956 excolunt.⁷'
1085 1922 1186 1967 (ΙΙΙ.)
1210 1923 1306 1956 Haec
1325 1933 1401 1956 cum
1419 1920 1602 1960 dixissem,
1627 1918 1753 1952 nullum

279 1978 325 2001 ex
345 1978 386 2001 eo
405 1978 608 2012 responsum
628 1967 748 2013 accepi
773 1967 850 2002 viro
872 1968 1030 2013 sapiente
1046 1967 1205 2013 dignum,
1230 1973 1292 2003 aut
1310 1968 1353 2003 iis
1381 1979 1470 2014 quae
1489 1965 1650 2000 dixissem
1672 1976 1755 1999 con-

281 2016 499 2048 sentaneum:
523 2014 585 2048 sed
604 2014 781 2059 ambiguas
802 2013 965 2059 quasdam
982 2026 1105 2056 voces,
1131 2015 1205 2049 eius
1226 2016 1347 2050 mentis
1372 2015 1523 2055 indices,
1546 2023 1634 2058 quae
1661 2012 1755 2045 veri-

282 2062 357 2094 tate
384 2059 565 2105 repudiata
583 2060 638 2094 ius
661 2061 787 2106 fasque
806 2071 902 2094 omne
927 2060 1171 2106 quodammodo
1201 2062 1408 2097 abdicasset.
1457 2059 1625 2102 Quoniam
1646 2058 1755 2103 igitur

281 2105 367 2141 mihi
393 2106 486 2140 visus
517 2118 590 2140 sum
615 2106 750 2141 inanem
778 2118 916 2152 operam
944 2118 1100 2149 sumere,
1132 2109 1309 2143 celerrime
1331 2108 1412 2143 inde
1437 2106 1525 2149 abii,
1549 2105 1635 2139 nihil
1661 2104 1755 2139 aliud

281 2156 535 2197 consequutus,
558 2153 624 2187 nisi
643 2153 736 2199 quod
760 2153 833 2188 eius
862 2153 1004 2188 animum
1031 2155 1237 2189 exacerbavi
1255 2156 1290 2189 in
1307 2167 1360 2190 me
1376 2155 1509 2201 ipsum,
1530 2151 1589 2198 qui
1605 2151 1756 2186 remedia

283 2198 317 2233 ei
334 2198 500 2233 salutaria
518 2199 725 2234 obtulissem.
772 2200 866 2235 Ecce
889 2199 976 2234 enim
995 2201 1158 2246 parturiit
1179 2201 1390 2244 iniustitiam,
1414 2199 1572 2245 concepit
1590 2198 1755 2240 laborem,

251 2260 257 2266 ·
283 2248 322 2280 et
345 2244 488 2280 consilia
511 2244 548 2278 in
575 2257 680 2281 meam
707 2245 894 2291 perniciem
921 2246 989 2281 alia
1013 2253 1116 2293 atque
1142 2247 1211 2283 alia
1243 2248 1391 2295 peperit.
1445 2246 1582 2282 Deinde
1610 2245 1755 2286 veritus,

285 2301 331 2326 ne
356 2291 432 2326 irae
450 2302 535 2326 suae
557 2291 635 2326 ideo
662 2296 855 2338 temperare
874 2292 1070 2336 videretur,
1094 2295 1177 2339 quia
1194 2306 1260 2329 non
1280 2297 1435 2336 haberet,
1460 2293 1552 2327 unde
1573 2294 1609 2326 et
1631 2291 1755 2337 quibus

285 2337 397 2372 modis
424 2348 520 2372 suum
543 2349 596 2372 me
619 2338 879 2380 Prometheum,
902 2339 938 2373 id
964 2344 1018 2374 est
1039 2341 1222 2375 tutelarem
1247 2343 1416 2383 Genium,
1439 2339 1562 2375 ulcisci
1584 2338 1757 2384 inciperet

285 2384 438 2430 (quippe
455 2395 521 2429 ego
538 2395 707 2430 nunquam
725 2385 851 2420 adduci
869 2386 976 2431 potui,
995 2391 1034 2421 ut
1051 2391 1111 2422 aut
1129 2387 1242 2433 agris,
1266 2394 1325 2423 aut
1344 2387 1470 2429 vineis,
1496 2388 1556 2420 aut
1573 2384 1680 2419 variis
1698 2395 1757 2418 re-

285 2441 362 2466 rum
382 2431 586 2476 generibus,
605 2430 752 2469 animum
773 2432 932 2470 haberem
952 2433 1112 2476 affixum3
1135 2445 1251 2479 neque
1276 2446 1425 2480 unquam
1446 2431 1675 2478 dignitatibus
1695 2433 1758 2465 aut

287 2476 899 2569 issiindisslfossYssssi'o‘ffissssl'ssffif
915 2479 1653 2562 ΞῖἓὲῗιῖἣθῗὲἴέιῖἲΜὲξξῃὲῖἓῑῗῗῧὲἱῑῒέἶῬ
1660 2488 1758 2568 ,ἓξὲξ

381 2548 393 2565 ,
1615 2549 1625 2559 .

287 2569 356 2604 hae
373 2580 431 2604 res
450 2573 540 2612 sunt,
563 2569 687 2615 quibus
703 2563 871 2617 ademptis
889 2571 1050 2619 princeps
1067 2573 1212 2619 quisque
1230 2540 1390 2609 genusne
1406 2571 1580 2608 ulciscitur
1591 2582 1662 2612 eos,
1673 2580 1757 2615 quos

288 2615 364 2651 odit
381 2616 534 2651 homines
551 2616 754 2662 privatos),
774 2617 938 2663 deinceps
955 2619 999 2653 ad
1018 2620 1199 2655 arbitrium
1216 2620 1310 2655 illius
1324 2620 1475 2667 Synodi,
1499 2629 1601 2665 quam
1618 2617 1760 2652 similem

288 2661 468 2698 latrocinio
492 2662 743 2705 meditabatur,
766 2667 884 2698 nostra
903 2665 1015 2699 omnia
1040 2667 1174 2701 referre
1202 2668 1335 2703 statuit.
1390 2666 1491 2712 (IV.)
1525 2665 1613 2699 Cum
1637 2664 1758 2709 itaque

289 2708 337 2742 ad
360 2720 522 2763 summum
545 2709 656 2745 scelus
678 2709 769 2744 illius
795 2709 861 2744 viri
889 2710 1088 2757 improbitas
1115 2718 1331 2760 erumperet,
1364 2719 1400 2749 et
1426 2711 1518 2759 quod
1547 2711 1658 2746 bonae
1683 2708 1760 2756 spei

289 2755 390 2809 nobis
405 2756 532 2798 fuerat,
553 2755 591 2791 id
608 2756 676 2791 iam
695 2767 791 2791 omne
807 2756 912 2791 inane
930 2769 1007 2793 esse
1025 2758 1220 2803 videretur,
1244 2762 1400 2796 restabat
1417 2765 1456 2794 ut
1474 2756 1566 2793 domi
1581 2757 1760 2802 deinceps,

289 2800 427 2836 ab1ecto
444 2802 644 2847 disputandi
661 2803 796 2845 studio,
821 2803 952 2838 otiosus
972 2815 1152 2841 manerem.
1200 2807 1289 2843 Tum
1307 2813 1420 2843 autem
1444 2816 1498 2840 me
1517 2804 1632 2839 crebri
1653 2808 1691 2838 et
1707 2801 1760 2836 al-

289 2846 383 2883 terni
396 2847 642 2893 cogitationum
659 2849 784 2886 fluctus
800 2850 946 2887 obruere
963 2856 1170 2899 coeperunt,
1193 2855 1312 2903 quales
1331 2853 1454 2891 animis
1471 2851 1546 2888 zelo
1570 2849 1761 2887 inflamma-
