1794 3172
293 143 394 191 822
695 134 1010 191 N1CEPHO'R1
1035 136 1383 189 'GREGORAE'

76 266 171 301 AM.
190 265 282 302 6856
295 262 369 315 τῆς
390 244 539 308 δειλίας
568 252 702 314 σκότῳ
724 251 1000 311 κρυπτόμενον
1019 250 1156 297 πόθον
1191 258 1275 297 τῶν
1307 253 1483 312 ἀγαθῶν
1513 249 1660 311 ’ἥκιστα
1687 253 1762 298 δύ-

136 313 204 347 Ind'
219 315 238 350 1
293 332 451 373 νασθαι
484 328 657 370 συνιδεῖν
678 324 753 379 τὴν
777 327 851 379 τῆς
878 327 982 366 θεοῦ
999 323 1232 380 παρρησίας
1259 322 1472 380 ἀλήθειαν.
1511 319 1544 383 ᾧ
1561 325 1640 382 γὰρ
1659 342 1763 382 προ-

294 395 440 456 φάσεις
471 399 599 451 δῆθεν
632 392 824 450 εὖλόγους
851 390 952 449 ὗπὲρ
976 393 1135 442 δειλίας
1155 390 1346 436 πλάττειν
1364 393 1424 449 εἴη
1448 395 1659 447 ἐθέλοντι,
1691 394 1763 436 τὸν

295 467 517 520 ἀκοίμητον
539 463 711 521 οῗομένῳ
737 459 958 505 λανθάνειν
986 460 1210 519 ὀφθαλμὸν
1232 466 1305 505 τοῦ
1328 467 1455 516 θεοῦ,
1489 463 1638 519 λέληθε
1657 480 1782 522 προ-ι

295 539 436 593 φανῶς
465 534 589 583 αὐτὸς
621 522 768 575 ἑαυτὸν
809 530 990 580 ἅπολλὺς
1026 532 1093 573 καὶ
1132 531 1238 574 καθ’
1271 530 1419 575 ἑαυτοῦ
1441 530 1794 589 στρατευόμενος5

295 604 495 661 ἄντικρυς.
542 605 743 646 τοσοῦτον
778 601 856 656 γὰρ
889 599 1094 658 διαφέρειν
1116 601 1156 650 ἔς
1177 601 1252 656 τὴν
1269 605 1344 644 τοῦ
1365 603 1596 658 κρείττονος
1613 609 1764 659 μοῖραν

256 674 434 728 Βοῖομαι
461 672 536 728 τὴν
568 670 801 729 παρ’ῥησίαν
839 670 1026 713 ἐνταῦθα
1055 673 1131 726 τῆς
1160 675 1337 726 σιωπῆς,
1380 669 1465 730 ὅσῳ
1498 675 1582 714 τῶν
1618 672 1661 713 ἐκ
1692 675 1766 727 γῆς

294 741 510 802 φυομένων
531 738 666 784 ὁπόσα
688 739 791 797 πρὸς
813 739 859 782 τὸ
882 738 1066 796 αἰθέριον
1088 741 1316 794 μετεωρίζει
1340 745 1429 797 φῶς
1454 740 1552 791 τοὺς
1584 739 1767 798 καρποὺς

293 816 378 855 τῶν
408 812 451 854 ἓν
478 817 564 862 τοῖς
598 808 764 859 κόλποις
788 813 863 863 τῆς
889 809 1048 870 μητρὸς
1073 812 1147 865 γῆς
1167 810 1482 864 ταμιευομένων.
1521 810 1661 853 ἐκεῖνοι
1689 810 1766 864 μὲν

292 881 373 939 γὰρ
406 882 474 923 καὶ
496 879 576 937 πρὸ
606 877 777 936 γεύσεως
806 877 1011 936 ὄσφρησίν
1038 895 1081 921 τε
1113 879 1180 920 καὶ
1214 878 1438 936 ὀφθαλμὸν
1465 877 1628 922 ἑστιῶσι
1655 882 1794 934 λαμ-1

293 954 433 1008 πρῶς,
467 948 785 1006 καὶχαρίζονταί
800 965 842 1005 γε
865 946 977 1005 ἁφῇ,
1003 949 1070 990 καὶ
1093 947 1277 1004 τέρψεως
1298 948 1442 1003 σχεδὸν
1469 945 1632 1003 ἁπάσης
1654 945 1766 991 ἁπά-

295 1036 389 1070 σαις
423 1017 643 1074 αἴσθήσεσι
675 1019 853 1074 γίνονται
884 1016 1069 1074 ἄγαλμα”
1106 1015 1338 1060 τούτων’δὲ
1357 1017 1430 1060 οὐκ
1449 1015 1702 1075 εὐπρόσοδον
1727 1017 1767 1059 οἳ

293 1093 474 1132 πλεῖστοι
495 1095 586 1138 ταῖς
605 1084 848 1142 αι’σθήσεσιν
861 1120 874 1140 ,
905 1086 1001 1130 οὐδ’
1023 1084 1170 1143 ἱλαράν
1187 1104 1231 1129 τε
1250 1088 1317 1129 καὶ
1338 1086 1494 1130 ἄλυπον
1512 1090 1767 1144 παραχρῆμα

239 1156 547 1215 >(Σπροσοῖγουσι
567 1164 652 1207 τοῖς
669 1154 865 1214 χρῄζουσι
884 1156 961 1212 τὴν
980 1154 1138 1199 ἑαυτῶν
1159 1155 1296 1214 φορὰν
1308 1189 1321 1210 ,
1357 1156 1451 1198 ἀλλ’
1475 1155 1573 1211 ὅλην
1596 1155 1693 1210 ὅλης
1712 1153 1769 1206 ὥς

167 1233 211 1270 V.
220 1233 288 1272 419
299 1227 350 1271 τὰ
370 1227 501 1270 πολλὰ
520 1224 768 1284 δριμύτητός
786 1243 830 1269 τε
849 1227 915 1269 καὶ
935 1226 1142 1276 δυσωδίας
1159 1224 1324 1284 σφόδρα
1350 1223 1595 1279 ἀπάξουσαν.
1633 1224 1794 1275 ἄλλως1

294 1314 338 1340 τε
370 1298 438 1340 καὶ
464 1293 526 1347 οἷς
548 1296 607 1352 μὴ
640 1294 740 1339 εἶναι
773 1295 1008 1354 παῤῥησιάν
1037 1293 1142 1350 ὁμοῦ
1171 1302 1259 1346 τοῖς
1284 1302 1441 1353 καιροῖς
1472 1295 1630 1348 ἕπεται,
1667 1292 1766 1337 τού-

293 1383 382 1416 τοις
402 1363 535 1421 δήπου
558 1366 624 1408 καὶ
644 1363 975 1423 εὗπροφάσιστόν
995 1383 1085 1408 τινα
1099 1363 1244 1422 χώραν
1264 1365 1486 1422 ἀπολογίας
1504 1367 1560 1415 εἷς
1579 1361 1768 1420 α’πόδρα-

294 1451 359 1478 σιν
380 1436 616 1488 λείπεσθαι,
658 1440 827 1490 βραχεῖς
843 1451 959 1484 τινας
980 1431 1144 1485 πάντως
1162 1433 1187 1490 ἢ
1207 1434 1387 1490 μηδένας
1408 1433 1508 1478 εἶναι
1531 1433 1630 1484 τοὺς
1649 1433 1768 1476 ἅντε-

295 1508 471 1562 ροῦντας
494 1502 618 1559 οἶμαι.
635 1557 636 1560 ¹
655 1502 758 1559 μήτε
777 1504 855 1562 γὰρ
874 1503 1121 1566 παρρησίαν,
1143 1498 1194 1559 ἧς
1213 1504 1403 1560 θεμέλιος
1422 1503 1610 1553 ἄσειστος
1628 1520 1768 1561 προει-

250 1577 450 1631 Βληφυῖα
479 1575 630 1631 γίνεται
664 1575 803 1631 φιλία,
839 1577 923 1617 τῶν
954 1572 1245 1631 προσηκόντων
1272 1572 1414 1632 πόῤῥω
1439 1578 1620 1630 καιρῶν,
1662 1571 1794 1628 μήτεΞ

290 1642 460 1700 καιροὺς
496 1641 730 1701 παρῥησίας
769 1640 964 1699 τοιαύτης
1002 1641 1097 1686 ἄνευ
1135 1643 1287 1694 ἐντελές
1321 1661 1360 1686 τι
1399 1640 1609 1686 δύνασθαι
1649 1644 1765 1701 δρᾷν.

292 1710 392 1755 εἶναι
421 1712 499 1770 γὰρ
531 1714 598 1755 καὶ
632 1711 866 1770 παῤῥησίαν
889 1713 1028 1770 φιλίας
1041 1714 1169 1770 χωρὶς
1185 1711 1373 1770 ἀμαυρόν
1389 1726 1399 1736 ·
1437 1714 1503 1755 καὶ
1529 1707 1581 1754 αὖ
1607 1711 1764 1768 καιρὸν,

293 1781 454 1840 ἀμφοῖν
475 1782 639 1826 ἐκείνοιν
665 1780 922 1837 λειπόμενον,
953 1784 1154 1839 περαίνειν
1178 1782 1237 1839 μὴ
1259 1781 1468 1826 δύνασθαι
1488 1785 1571 1825 τῶν
1593 1779 1768 1824 δεόντων

292 1935 427 1971 nescire
443 1948 527 1979 nos,
549 1948 616 1972 non
638 1949 742 1982 posse
762 1950 908 1973 amorem
925 1937 1025 1980 boni,
1042 1938 1081 1982 ¹si
1097 1938 1291 1974 timiditatis
1305 1938 1342 1973 in
1357 1937 1509 1973 tenebris
1535 1937 1767 1980 delitesceret,
1785 1980 1792 1987 .

293 1983 448 2017 sincerae
473 1983 557 2017 fidei
576 1985 757 2019 veritatem
785 1986 1001 2029 cognoscere.
1050 1986 1220 2020 Nimirum
1241 1985 1299 2031 qui
1325 1985 1524 2031 pervigilem
1544 1985 1624 2020 Dei*
1636 1985 1768 2019 oculum

294 2040 436 2074 sperans
463 2029 537 2063 salli
565 2042 667 2075 posse
691 2030 883 2076 speciosum
907 2031 993 2066 velit
1016 2031 1191 2066 timiditati
1218 2044 1300 2066 suae
1326 2037 1539 2078 praetextum
1569 2031 1768 2074 obtendere,

294 2075 326 2109 is
346 2075 413 2109 sibi
430 2075 498 2120 ipsi
519 2076 715 2121 imprudens
741 2077 955 2111 manifestum
979 2078 1119 2112 exitium
1142 2078 1300 2113 moliatur
1313 2104 1323 2121 ,
1348 2085 1384 2114 et
1401 2079 1436 2113 in
1463 2091 1500 2113 se
1519 2078 1631 2123 ipsum
1656 2077 1768 2123 palam

266 2162 269 2165 ,
295 2132 391 2155 arma
407 2126 597 2156 convertat.
629 2124 770 2169 Quippe
789 2123 824 2159 in
853 2123 1017 2157 eiusmodi
1035 2125 1172 2159 casibus
1189 2130 1286 2159 tanto
1306 2125 1580 2160 excellentiorem
1600 2136 1676 2159 esse
1694 2123 1768 2158 exi-

294 2167 396 2202 stimo
421 2178 540 2202 vocem
558 2168 714 2211 silentio,
740 2174 868 2215 quanto
890 2181 932 2204 ex
956 2170 1000 2204 iis
1024 2172 1147 2214 rebus,
1173 2183 1261 2216 quae
1286 2183 1306 2206 a
1327 2176 1421 2206 terra
1443 2172 1650 2217 gignuntur,
1674 2170 1767 2211 illae,

295 2224 386 2259 quae
403 2212 533 2248 fructus
552 2226 630 2248 suos
642 2215 687 2250 ad
706 2215 793 2250 caeli
809 2215 918 2250 lumen
938 2217 1108 2259 attollunt,
1132 2219 1402 2263 praestantiores
1421 2224 1499 2253 sunt
1514 2218 1571 2260 iis,
1589 2229 1678 2264 quae
1696 2221 1768 2250 ter-

293 2270 356 2294 rae
371 2260 490 2294 matris
509 2260 542 2294 in
562 2260 636 2296 sinu
652 2262 893 2297 reconduntur.
917 2263 1000 2298 Illae
1015 2264 1150 2299 scilicet
1168 2264 1343 2299 odoratum
1363 2266 1627 2311 adspectumque
1647 2263 1768 2308 splen-

295 2305 379 2340 dide
396 2310 546 2352 pascunt
561 2307 663 2342 etiam
681 2312 760 2342 ante
781 2312 970 2354 gustatum,
995 2315 1031 2345 et
1049 2311 1158 2345 tactui
1175 2311 1403 2355 blandiuntur,
1427 2316 1463 2347 et
1479 2311 1567 2346 omni
1584 2311 1690 2345 ferme
1707 2321 1768 2342 vo-

295 2350 429 2397 luptate
449 2363 564 2387 omnes
586 2365 706 2388 sensus
735 2355 919 2390 oblectant.
967 2356 1096 2391 Harum
1115 2369 1197 2392 vero
1221 2358 1405 2403 pleraeque
1425 2370 1488 2393 nec
1507 2357 1641 2391 facilem
1660 2355 1768 2396 aditu,

289 2408 355 2432 nec
373 2399 579 2442 iucundum,
605 2411 669 2434 nec
688 2401 924 2435 amaritudinis
945 2408 1142 2448 expertem,
1165 2404 1315 2441 fructum
1339 2415 1436 2439 suum
1460 2404 1574 2438 statim
1599 2402 1770 2447 cupienti-

289 2443 356 2478 bus
374 2444 558 2486 exhibent;
583 2446 642 2480 sed
662 2451 769 2482 totum
790 2451 828 2482 ut
849 2448 1024 2493 plurimum
1048 2461 1159 2484 acrem
1185 2454 1221 2484 et
1245 2451 1509 2495 graveolentem.
1556 2452 1606 2484 Ac
1626 2449 1670 2483 iis
1690 2449 1768 2494 qui-

289 2490 389 2532 dem,
412 2502 498 2546 quoe
521 2491 583 2526 illa
608 2493 745 2528 dicendi
771 2493 929 2528 libertate
956 2495 1008 2530 uti
1031 2496 1177 2542 tempori
1197 2496 1266 2541 ipsi
1288 2496 1396 2531 minus
1418 2501 1679 2532 consentaneum
1702 2499 1769 2535 est,

261 2572 265 2577 ,
288 2537 500 2582 probabilem
527 2539 780 2574 excusationem
805 2540 974 2585 relinqui,
1007 2542 1050 2576 ad
1078 2554 1179 2589 quam
1203 2543 1424 2588 confugiant,
1447 2541 1644 2588 paucissimi
1669 2546 1768 2575 erunt

259 2613 263 2616 .
287 2582 429 2628 opinor,
452 2586 512 2619 aut
527 2585 643 2630 potius
662 2586 766 2627 nulli,
789 2587 850 2632 qui
873 2587 1077 2624 infitientur.
1123 2589 1200 2624 Nec
1219 2589 1308 2624 enirn
1326 2589 1464 2624 dicendi
1486 2589 1648 2629 libertas,
1672 2587 1768 2621 cuius

287 2632 345 2664 est
365 2629 617 2667 fundamentum
644 2631 878 2668 inconcussum
898 2645 939 2668 ea
965 2646 1055 2680 quae
1084 2635 1271 2670 antecessit
1294 2636 1464 2677 amicitia,
1489 2636 1616 2680 absque
1642 2638 1771 2679 oppor-

260 2706 266 2712 ,ι
286 2678 370 2710 tuno
389 2680 566 2722 tempore,
599 2689 664 2713 nec
684 2682 818 2724 tempus
845 2685 1072 2725 opportunum
1096 2682 1226 2727 absque
1251 2682 1312 2716 illa
1339 2682 1479 2717 dicendi
1503 2682 1664 2719 libertate
1690 2685 1769 2726 pot-

287 2726 344 2756 est
370 2722 555 2776 quidquam
580 2724 730 2770 perfecti
756 2725 916 2768 efficere3
950 2727 978 2761 si
1006 2727 1142 2773 quidem
1164 2728 1242 2774 ipsa.
1267 2728 1405 2764 dicendi
1430 2729 1592 2768 libertas,
1621 2726 1651 2760 si
1678 2725 1769 2760 absit

272 2767 462 2815 amentia,
485 2769 563 2805 leve
579 2771 740 2817 quiddam
761 2777 797 2807 et
819 2772 918 2807 futile
940 2777 1015 2816 est;
1036 2774 1202 2820 temporis
1221 2778 1334 2809 autem
1353 2773 1615 2821 opportunitas,
1639 2771 1770 2818 duplici

286 2812 347 2850 illo
372 2815 501 2852 auxilio
522 2815 711 2862 destituta,
733 2817 820 2854 nihil
844 2818 1028 2867 quidquam
1049 2831 1183 2864 eorum,
1205 2831 1296 2867 quae
1316 2833 1402 2868 opus
1428 2825 1530 2864 sunt,
1552 2822 1669 2867 potest
1687 2829 1770 2865 per-
