1794 3172
237 135 269 190 ,1
286 136 384 185 166
803 140 1283 187 ANNOTATIONES.

366 250 460 302 Peg.
491 250 568 299 82,
597 246 637 291 4.
702 246 759 289 Τοέ
779 250 861 290 τῶν
885 243 1078 302 Τούρκων
1100 246 1304 301 βασίλεια]
1337 246 1531 299 Iconium,
1556 248 1783 288 Turcorum

250 305 410 346 Sultani
436 305 568 344 sedem
595 306 840 358 primariam.
896 305 1002 345 Vide
1030 312 1195 345 stemma
1226 306 1486 346 Sultanorum
1514 306 1786 346 Iconiensium

251 370 346 419 post
366 362 550 402 Familias
574 363 815 403 Dalmaticas
831 377 873 403 n.
895 363 985 404 XV.
1041 376 1214 403 nonme.

365 434 471 484 Pag.
500 433 575 483 82,
606 431 645 476 5.
704 429 877 487 Μελῆκ]
919 431 1001 481 Qui
1034 439 1151 472 antea
1189 431 1240 471 ad
1274 430 1508 471 Micha'eIem
1528 431 1789 485 profugerat,

256 495 298 530 et
315 488 364 530 ab
386 503 434 528 eo
452 487 718 541 detinebatur,
736 504 788 530 ne
808 490 843 529 si
860 490 1048 531 evaderet
1064 505 1130 531 res
1151 503 1276 531 novas
1298 490 1522 531 moliretur.
1552 488 1790 542 Pachymer.

256 546 331 590 lib.
349 546 398 586 II.
418 560 509 600 cap.
530 547 678 588 XXIV.
734 561 907 589 vuemo.
1589 556 1595 579 θ

369 614 470 669 Pag·
499 619 575 666 83,
605 620 645 659 2.
694 610 791 671 Ἠγε
812 616 882 658 καὶ
903 614 1045 670 ἔφερεν
1067 615 1240 657 ἐλπίδων
1257 611 1390 668 ὥσπερ
1408 610 1656 667 παράσιτον]
1688 617 1794 655 Sen-

259 673 387 715 tentia
407 680 486 725 est,
517 680 565 713 ut
585 675 756 728 parasiti
776 674 921 714 mensis
951 674 1124 714 divitum
1155 674 1334 724 alantur,
1364 673 1422 712 ita
1453 672 1568 712 illum
1595 688 1665 726 spe
1689 673 1794 713 bona

258 732 453 772 lactatum
472 745 568 772 esse.
624 745 817 774 wormes.

378 803 474 853 Pag.
503 803 576 850 83,
608 804 648 843 3.
705 797 794 843 Δυο
823 800 917 854 ἑξῆς
945 796 1090 854 ἠ’νύετο
1121 798 1212 853 ἐτη]
1263 798 1452 851 Acropol.
1478 813 1567 869 cap.
1591 799 1794 840 LXXXV.

263 856 499 911 Pachymer.
518 858 588 896 lib.
610 858 663 899 ΙΙ.
690 873 777 912 cap.
805 859 953 899 XXVI.
982 871 1160 898 DUCANG.
1219 853 1308 898 Δύο
1341 856 1435 908 ἑξῆς
1460 853 1607 909 η’νύετο
1629 856 1668 910 *)
1700 856 1794 910 ἔτη]

263 916 452 957 Verterat
469 915 657 966 wolfius,
688 916 779 956 Duo
798 916 973 971 perpetui
995 915 1092 954 anni
1118 915 1310 954 exierant.
1367 914 1451 964 Ego
1476 915 1601 954 malui
1624 920 1794 964 vertere,

267 971 474 1014 Secundus
493 988 620 1013 annus
640 974 791 1016 exibat.
850 974 911 1012 Ab
943 972 1199 1025 aequinoctio
1222 971 1446 1010 autumnali
1473 973 1567 1011 anni
1591 973 1794 1011 MCCLIX.

269 1036 357 1085 quo'
368 1030 458 1070 finis
482 1030 588 1080 bello
609 1031 820 1083 impositus
841 1038 913 1082 est,
948 1030 999 1070 ad
1023 1030 1241 1069 solstitium
1260 1029 1454 1068 aestivum
1477 1030 1571 1069 anni
1590 1030 1794 1071 MCCLXI.

270 1101 352 1141 quo
369 1088 468 1127 belli
496 1089 679 1128 renovati
711 1088 874 1128 initium
905 1088 1117 1138 statuitur,
1149 1101 1227 1126 non
1257 1087 1573 1127 intercesserunt
1600 1087 1694 1126 anni
1720 1087 1794 1126 duc

271 1146 431 1197 integri.
492 1145 667 1185 Verbum
705 1142 853 1198 ἥνυετο
891 1146 997 1198 apud
1032 1146 1251 1197 Gregoram
1283 1144 1479 1196 significat
1516 1144 1681 1195 exibat,
1721 1159 1794 1184 non

273 1204 442 1243 exierat.
483 1203 550 1241 Sic
571 1203 676 1242 libro
699 1205 751 1243 X.
777 1217 863 1256 cap.
882 1204 912 1243 I.
932 1202 1117 1254 τέταρτον
1142 1200 1214 1256 μὲν
1237 1199 1287 1254 δη
1314 1201 1385 1243 καὶ
1406 1201 1703 1255 ἑβδομηκοστὸν
1723 1202 1794 1256 (Ιο-

275 1260 414 1313 quitur
439 1260 489 1300 de
513 1266 641 1301 aetate
659 1260 879 1300 Andronici
899 1258 1129 1314 senioris)''
1107 1276 1193 1308 ετος
1220 1275 1298 1300 απο
1322 1259 1515 1314 γενέσεως
1540 1256 1650 1316 αὐτῷ
1669 1264 1794 1301 τελευ-

280 1333 402 1359 τωντι
427 1313 596 1371 ἠνυετο,
634 1327 798 1373 quartus
824 1317 979 1373 quidem
1007 1327 1043 1357 et
1073 1317 1378 1371 septuagesimus
1404 1332 1531 1356 annus
1562 1318 1596 1356 ei
1625 1319 1794 1356 moriem

275 1374 427 1416 exibat.
485 1374 663 1425 Exibat,
690 1389 771 1414 non
803 1376 969 1415 exim-‚at
1029 1375 1128 1414 Nam
1158 1379 1316 1412 constat
1343 1374 1617 1417 Andronicum
1646 1389 1725 1413 non
1745 1382 1794 1414 to

275 1438 340 1471 tos
363 1431 540 1471 LXXIV.
567 1446 690 1470 annos
716 1432 876 1472 vixisse.
917 1432 1018 1472 Vide
1047 1437 1235 1472 annotata
1254 1431 1360 1471 infra
1387 1432 1440 1471 ad
1461 1431 1678 1472 Oraculuni
1693 1433 1748 1472 Ta
1751 1432 1794 1471 al·

276 1489 430 1530 lianum
445 1490 518 1530 lib.
537 1490 604 1530 IV.
628 1503 714 1543 cap.
734 1490 781 1530 V.
805 1495 899 1529 sect.
918 1494 957 1534 9.
1012 1503 1167 1532 Boivm.

394 1562 491 1612 Pag.
523 1561 600 1608 83,
631 1561 700 1601 20.
746 1554 969 1613 Ἀγοραίοις
988 1554 1184 1612 ἀνδράσι]
1216 1558 1298 1610 Qui
1326 1573 1369 1599 se
1398 1558 1722 1613 Θεληματαρίους
1741 1572 1791 1612 ap

278 1616 507 1671 pellabant,
552 1615 661 1668 quod
691 1630 766 1655 nec
795 1616 959 1655 Francis
985 1631 1060 1656 nec
1090 1616 1253 1656 Graecis
1286 1617 1448 1656 omnino
1487 1622 1697 1672 parerent,
1737 1630 1794 1655 Set

281 1680 400 1727 gente
442 1674 587 1713 Graeci
618 1688 665 1713 ac
694 1674 1045 1728 Constantinopoli
1066 1674 1171 1723 nati,
1202 1675 1290 1714 ruri
1319 1675 1505 1726 degentes
1536 1687 1606 1712 sua
1633 1674 1791 1712 coleren

284 1731 475 1786 praedia,
503 1731 566 1770 uti
586 1731 722 1771 innuit
747 1731 852 1770 idem
877 1731 1098 1783 Gregoras:
1130 1732 1189 1771 sic
1206 1732 1309 1771 enim
1332 1733 1586 1785 appellantur
1606 1746 1627 1769 a
1649 1730 1794 1784 Pachy-

282 1803 392 1830 mere
407 1789 479 1831 lib.
494 1789 542 1829 ΙΙ.
564 1802 654 1843 cap.
671 1789 778 1829 XIV.
797 1789 945 1828 XXVI.
967 1789 1091 1830 XVH.
1122 1789 1355 1859 Anonymus
1379 1790 1452 1834 Ms,
1473 1789 1524 1828 de
1542 1788 1658 1829 bellis
1677 1789 1794 1827 Fran-

286 1860 428 1887 colum
449 1846 494 1886 in
511 1846 666 1887 Morea:
698 1845 792 1895 ἕνας
810 1843 906 1895 λαὸς
925 1842 1150 1899 οἷκέφαλος,
1183 1843 1256 1900 όλη
1278 1842 1570 1901 θεληματάρος.
1606 1859 1784 1888 numne.

398 1915 604 1971 Pag.84,
634 1919 701 1959 12.
746 1912 865 1968 ”Ama
883 1911 1059 1968 χιλιάδος
1078 1914 1187 1968 μιᾶς]
1220 1916 1478 1967 Octingentos
1499 1915 1697 1957 duntaxat
1717 1915 1794 1954 fuis

289 1986 332 2014 se
355 1973 460 2013 infra
482 1973 551 2015 ait.
599 1973 799 2013 Phranzes
823 1972 892 2011 lib.
925 1972 958 2011 Ι.
994 1986 1084 2025 cap.
1106 1973 1172 2017 IV.
1191 1973 1353 2025 equites
1383 1972 1544 2013 circiter
1566 1973 1793 2025 octingento

289 2044 380 2070 cum
408 2031 526 2082 globo
559 2031 741 2084 peditum
778 2029 963 2069 habuisse
1002 2030 1328 2083 Strategopulum
1365 2030 1522 2071 scribit.
1579 2030 1685 2070 Vide
1713 2030 1794 2070 Hisi

289 2087 646 2141 Franco-Byzant.
664 2088 735 2129 lib.
753 2087 802 2128 V.
829 2100 914 2140 cap.
935 2087 1084 2128 XXIV.
1141 2101 1319 2132 numne.

408 2158 506 2210 Pag.
537 2157 612 2206 85,
647 2159 713 2200 19.
758 2154 840 2195 Καὶ
862 2153 886 2197 o‘
902 2158 1061 2209 Καῖσαρ
1069 2159 1082 2204 ]
1112 2155 1302 2212 Acropol.
1331 2171 1420 2210 cap.
1437 2156 1637 2196 LXXXV.
1666 2154 1794 2207 Pachy

291 2226 388 2254 mer.
418 2214 488 2255 lib.
518 2214 568 2257 ΙΙ.
598 2227 685 2266 cap.
713 2212 877 2252 XXVII.
901 2213 1022 2271 ..Hist
1050 2214 1247 2253 F1aneo-
1223 2213 1431 2266 -By.zant
1456 2214 1525 2255 lib.
1552 2214 1598 2254 V.
1627 2227 1666 2252 n.
1687 2213 1794 2252 XXV

292 2270 440 2312 XXVI.
478 2271 644 2311 XXVII.
698 2282 871 2310 occaso.
942 2271 1116 2310 Graecos
1154 2285 1412 2324 recuperasse
1445 2270 1789 2322 Constantinopoli

293 2342 398 2368 anno
421 2327 563 2367 Mundi
586 2328 653 2369 VI.
680 2317 962 2369 MDCCLXIX.
991 2329 1057 2368 die
1088 2328 1182 2368 Iulii
1206 2329 1334 2371 XXV,
1366 2327 1513 2367 diserte
1543 2328 1598 2367 ait
1625 2328 1794 2379 Georgiu

292 2384 540 2438 Acropolita.
573 2385 629 2424 De
648 2383 714 2424 die
742 2390 781 2423 et
801 2398 932 2424 mense
953 2385 1058 2426 inter
1081 2399 1217 2426 omnes
1247 2391 1426 2431 constat3
1457 2399 1541 2424 non
1564 2385 1660 2423 item
1683 2385 1732 2423 de
1756 2399 1794 2423 ar

295 2456 362 2485 no.
406 2444 508 2480 Sunt
528 2440 633 2481 enim
663 2441 734 2493 qui
763 2441 960 2482 affirment
992 2449 1270 2496 recuperatam
1310 2443 1436 2485 fuisse
1465 2457 1571 2481 anno
1590 2441 1729 2481 Mundi
1755 2442 1794 2480 V.

295 2499 614 2540 MDCCLXVIII.
644 2497 793 2537 Christi
815 2499 1005 2542 MCCLX.
1036 2507 1156 2554 atque
1176 2514 1259 2538 eam
1278 2500 1447 2539 sortasse
1467 2500 1590 2539 fuisse
1607 2498 1794 2551 Nicephm

298 2558 497 2609 Gregorae
520 2555 772 2610 opinionem,
801 2555 904 2596 infra
938 2558 1180 2599 ostendetur.
1223 2558 1358 2599 Codex
1384 2557 1530 2609 Regius
1557 2555 1704 2600 2525‘2.
1727 2569 1792 2595 scr

299 2621 395 2667 ptus
418 2613 539 2667 paulo
568 2618 660 2666 post
693 2613 847 2654 obitum
877 2614 1099 2655 Andronici
1128 2614 1330 2665 iunioris,
1362 2628 1442 2667 quo
1473 2620 1654 2666 tempore
1690 2613 1794 2652 ssoru

303 2672 522 2722 Gregoras,
553 2670 928 2722 Constantinopolin
946 2688 968 2711 a
989 2671 1152 2714 Graecis
1170 2679 1446 2725 recuperatam
1465 2671 1580 2724 ponit
1599 2684 1702 2710 auno
1716 2670 1794 2708 Mun

301 2727 345 2768 di
369 2728 436 2771 VI.
465 2727 783 2768 MDCCLXVIII.
841 2728 888 2769 In
910 2728 1080 2770 eundem
1100 2743 1246 2770 annum
1269 2729 1525 2772 consentiunt
1543 2728 1680 2767 Codex
1699 2727 1794 2772 2652.

344 2839 382 2885 *)
404 2837 559 2886 ἠνύετο,
583 2852 650 2877 uon
673 2837 831 2888 ἤνυστο,
853 2845 916 2877 aut
936 2840 1140 2890 παρεῤῥύη.
1172 2852 1309 2881 imvm.
