<?xml version="1.0" encoding="UTF-8"?>
<!DOCTYPE html PUBLIC "-//W3C//DTD XHTML 1.0 Transitional//EN"
    "http://www.w3.org/TR/xhtml1/DTD/xhtml1-transitional.dtd">
<html xmlns="http://www.w3.org/1999/xhtml" xml:lang="en" lang="en">
 <head>
  <title>
</title>
<meta http-equiv="Content-Type" content="text/html;charset=utf-8" />
  <meta name='ocr-system' content='tesseract 3.04.00' />
  <meta name='ocr-capabilities' content='ocr_page ocr_carea ocr_par ocr_line ocrx_word'/>
</head>
<body>
  <div class='ocr_page' id='page_1' title='image "./corpusscriptorum39niebuoft_0202.png"; bbox 0 0 1794 3172; ppageno 0'>
   <div class='ocr_carea' id='block_1_1' title="bbox 242 108 1338 158">
    <p class='ocr_par' dir='ltr' id='par_1_1' title="bbox 242 108 1338 158">
     <span class='ocr_line' id='line_1_1' title="bbox 242 108 1338 158; baseline 0.002 -2"><span class='ocrx_word' id='word_1_1' title='bbox 242 108 346 157; x_wconf 87' lang='grc'><strong>760</strong></span> <span class='ocrx_word' id='word_1_2' title='bbox 666 111 983 158; x_wconf 85' lang='lat' dir='ltr'>NICEPHORI</span> <span class='ocrx_word' id='word_1_3' title='bbox 1011 112 1338 158; x_wconf 86' lang='lat' dir='ltr'><strong>GREGORAE</strong></span> 
     </span>
    </p>
   </div>
   <div class='ocr_carea' id='block_1_2' title="bbox 16 221 1794 1823">
    <p class='ocr_par' dir='ltr' id='par_1_2' title="bbox 16 221 1794 1823">
     <span class='ocr_line' id='line_1_2' title="bbox 22 221 1738 284; baseline 0.002 -17"><span class='ocrx_word' id='word_1_4' title='bbox 22 234 61 267; x_wconf 81' lang='lat' dir='ltr'><strong>A.</strong></span> <span class='ocrx_word' id='word_1_5' title='bbox 80 232 124 266; x_wconf 89' lang='grc' dir='ltr'><strong>Μ.</strong></span> <span class='ocrx_word' id='word_1_6' title='bbox 144 222 598 284; x_wconf 73' lang='grc' dir='ltr'><em>6854ἷίντικρυςἌννης</em></span> <span class='ocrx_word' id='word_1_7' title='bbox 618 227 692 279; x_wconf 72' lang='grc' dir='ltr'><strong>τῆς</strong></span> <span class='ocrx_word' id='word_1_8' title='bbox 709 224 926 278; x_wconf 77' lang='grc' dir='ltr'><em>βασιλίδος</em></span> <span class='ocrx_word' id='word_1_9' title='bbox 962 224 1030 267; x_wconf 82' lang='grc' dir='ltr'><strong>καὶ</strong></span> <span class='ocrx_word' id='word_1_10' title='bbox 1051 227 1127 267; x_wconf 79' lang='grc' dir='ltr'><strong>τοῦ</strong></span> <span class='ocrx_word' id='word_1_11' title='bbox 1159 221 1314 280; x_wconf 78' lang='grc' dir='ltr'><strong><em>ταύτης</em></strong></span> <span class='ocrx_word' id='word_1_12' title='bbox 1344 225 1439 270; x_wconf 80' lang='grc' dir='ltr'><em>υἶοῦ</em></span> <span class='ocrx_word' id='word_1_13' title='bbox 1478 224 1555 283; x_wconf 76' lang='grc' dir='ltr'><strong>τὴν</strong></span> <span class='ocrx_word' id='word_1_14' title='bbox 1586 224 1738 284; x_wconf 71' lang='grc' dir='ltr'><em>ἡγεμο-</em></span> 
     </span>
     <span class='ocr_line' id='line_1_3' title="bbox 16 275 1737 352; baseline 0.001 -12"><span class='ocrx_word' id='word_1_15' title='bbox 16 320 19 323; x_wconf 87' lang='grc'><em>·</em></span> <span class='ocrx_word' id='word_1_16' title='bbox 67 281 137 314; x_wconf 66' lang='lat' dir='ltr'><strong>lnd&#39;</strong></span> <span class='ocrx_word' id='word_1_17' title='bbox 152 275 205 315; x_wconf 28' lang='lat'><strong>14¹</strong></span> <span class='ocrx_word' id='word_1_18' title='bbox 244 295 359 352; x_wconf 60' lang='grc' dir='ltr'><em>νικῆν</em></span> <span class='ocrx_word' id='word_1_19' title='bbox 377 295 578 347; x_wconf 81' lang='grc' dir='ltr'><em>ἐξουσίαν.</em></span> <span class='ocrx_word' id='word_1_20' title='bbox 618 293 680 336; x_wconf 83' lang='grc' dir='ltr'><strong>διὸ</strong></span> <span class='ocrx_word' id='word_1_21' title='bbox 706 293 773 335; x_wconf 85' lang='grc' dir='ltr'><strong>καὶ</strong></span> <span class='ocrx_word' id='word_1_22' title='bbox 795 291 1062 351; x_wconf 75' lang='grc' dir='ltr'><em>πεπράχαμεν</em></span> <span class='ocrx_word' id='word_1_23' title='bbox 1086 292 1215 351; x_wconf 71' lang='grc' dir='ltr'><em>ἄμφω</em></span> <span class='ocrx_word' id='word_1_24' title='bbox 1237 293 1360 338; x_wconf 75' lang='grc' dir='ltr'><em>πλέον</em></span> <span class='ocrx_word' id='word_1_25' title='bbox 1379 294 1514 349; x_wconf 71' lang='grc' dir='ltr'><em>οὐδὲν,</em></span> <span class='ocrx_word' id='word_1_26' title='bbox 1546 295 1572 352; x_wconf 81' lang='grc' dir='ltr'>ἢ</span> <span class='ocrx_word' id='word_1_27' title='bbox 1598 302 1737 341; x_wconf 82' lang='grc' dir='ltr'><em>πᾶσαν</em></span> 
     </span>
     <span class='ocr_line' id='line_1_4' title="bbox 245 361 1735 423; baseline 0 -13"><span class='ocrx_word' id='word_1_28' title='bbox 245 367 437 423; x_wconf 81' lang='grc' dir='ltr'><em>ἐκτρῖψαι</em></span> <span class='ocrx_word' id='word_1_29' title='bbox 456 362 668 419; x_wconf 85' lang='grc' dir='ltr'><em>Ῥωμαίων</em></span> <span class='ocrx_word' id='word_1_30' title='bbox 700 361 832 420; x_wconf 76' lang='grc' dir='ltr'><em>ἄρδην</em></span> <span class='ocrx_word' id='word_1_31' title='bbox 852 362 994 418; x_wconf 72' lang='grc' dir='ltr'><em>ἰσχὺν,</em></span> <span class='ocrx_word' id='word_1_32' title='bbox 1028 364 1096 405; x_wconf 82' lang='grc' dir='ltr'><strong>καὶ</strong></span> <span class='ocrx_word' id='word_1_33' title='bbox 1123 363 1242 420; x_wconf 74' lang='grc' dir='ltr'><em>μέχρι</em></span> <span class='ocrx_word' id='word_1_34' title='bbox 1273 367 1478 419; x_wconf 81' lang='grc' dir='ltr'><em>θεμελίων</em></span> <span class='ocrx_word' id='word_1_35' title='bbox 1499 365 1638 409; x_wconf 82' lang='grc' dir='ltr'><em>αὐτῶν</em></span> <span class='ocrx_word' id='word_1_36' title='bbox 1658 386 1735 410; x_wconf 88' lang='grc' dir='ltr'><strong>κα-</strong></span> 
     </span>
     <span class='ocr_line' id='line_1_5' title="bbox 204 431 1734 491; baseline 0 -11"><span class='ocrx_word' id='word_1_37' title='bbox 204 439 382 482; x_wconf 76' lang='grc' dir='ltr'><em>Βθελεῒν</em></span> <span class='ocrx_word' id='word_1_38' title='bbox 392 467 406 488; x_wconf 96' lang='grc'><em>,</em></span> <span class='ocrx_word' id='word_1_39' title='bbox 442 433 484 476; x_wconf 79' lang='grc' dir='ltr'><strong>εἷ’</strong></span> <span class='ocrx_word' id='word_1_40' title='bbox 497 434 539 476; x_wconf 90' lang='grc' dir='ltr'><strong>τί</strong></span> <span class='ocrx_word' id='word_1_41' title='bbox 559 450 639 476; x_wconf 87' lang='grc' dir='ltr'><strong>που</strong></span> <span class='ocrx_word' id='word_1_42' title='bbox 664 436 861 489; x_wconf 86' lang='grc' dir='ltr'><em>χρηστῶν</em></span> <span class='ocrx_word' id='word_1_43' title='bbox 890 433 1068 475; x_wconf 78' lang='grc' dir='ltr'><em>ἐλπίδων</em></span> <span class='ocrx_word' id='word_1_44' title='bbox 1089 440 1176 483; x_wconf 81' lang='grc' dir='ltr'><em>τοῖς</em></span> <span class='ocrx_word' id='word_1_45' title='bbox 1195 431 1408 491; x_wconf 74' lang='grc' dir='ltr'><em>πράγμασι</em></span> <span class='ocrx_word' id='word_1_46' title='bbox 1430 435 1633 478; x_wconf 78' lang='grc' dir='ltr'><em>λέλειπται</em></span> <span class='ocrx_word' id='word_1_47' title='bbox 1655 436 1734 489; x_wconf 70' lang='grc' dir='ltr'><em>ζεό-</em></span> 
     </span>
     <span class='ocr_line' id='line_1_6' title="bbox 242 502 1767 563; baseline -0.001 -14"><span class='ocrx_word' id='word_1_48' title='bbox 242 522 387 563; x_wconf 85' lang='grc' dir='ltr'><em>πυρον.</em></span> <span class='ocrx_word' id='word_1_49' title='bbox 417 510 505 553; x_wconf 79' lang='grc' dir='ltr'><em>τοῖς</em></span> <span class='ocrx_word' id='word_1_50' title='bbox 522 502 602 559; x_wconf 82' lang='grc' dir='ltr'><em>γὰρ</em></span> <span class='ocrx_word' id='word_1_51' title='bbox 622 502 907 559; x_wconf 71' lang='grc' dir='ltr'><em>ἀνθρωπίναις</em></span> <span class='ocrx_word' id='word_1_52' title='bbox 927 502 1135 560; x_wconf 83' lang='grc' dir='ltr'><em>ἀναρτῶσι</em></span> <span class='ocrx_word' id='word_1_53' title='bbox 1155 503 1203 546; x_wconf 85' lang='grc' dir='ltr'><strong>τὸ</strong></span> <span class='ocrx_word' id='word_1_54' title='bbox 1223 507 1306 546; x_wconf 80' lang='grc' dir='ltr'><strong>πᾶν</strong></span> <span class='ocrx_word' id='word_1_55' title='bbox 1326 505 1521 555; x_wconf 83' lang='grc' dir='ltr'><em>ἐπινοίαις</em></span> <span class='ocrx_word' id='word_1_56' title='bbox 1540 506 1582 556; x_wconf 74' lang='grc' dir='ltr'><strong>ἐξ</strong></span> <span class='ocrx_word' id='word_1_57' title='bbox 1600 505 1731 560; x_wconf 76' lang='grc' dir='ltr'><em>ἀβου-</em></span> <span class='ocrx_word' id='word_1_58' title='bbox 1744 518 1767 554; x_wconf 85' lang='grc'><strong>5</strong></span> 
     </span>
     <span class='ocr_line' id='line_1_7' title="bbox 243 570 1735 632; baseline 0 -14"><span class='ocrx_word' id='word_1_59' title='bbox 243 577 335 625; x_wconf 87' lang='grc' dir='ltr'><em>λίας</em></span> <span class='ocrx_word' id='word_1_60' title='bbox 377 573 417 623; x_wconf 81' lang='grc' dir='ltr'><em>ἐς</em></span> <span class='ocrx_word' id='word_1_61' title='bbox 458 570 656 623; x_wconf 83' lang='grc' dir='ltr'><em>τοιαύτας</em></span> <span class='ocrx_word' id='word_1_62' title='bbox 688 572 984 628; x_wconf 73' lang='grc' dir='ltr'><em>κατενηνέχθαι</em></span> <span class='ocrx_word' id='word_1_63' title='bbox 1021 576 1154 629; x_wconf 76' lang='grc' dir='ltr'><em>κῆρας</em></span> <span class='ocrx_word' id='word_1_64' title='bbox 1198 573 1319 616; x_wconf 76' lang='grc' dir='ltr'><em>οὐδὲν</em></span> <span class='ocrx_word' id='word_1_65' title='bbox 1361 574 1527 625; x_wconf 83' lang='grc' dir='ltr'><em>ἀπεικὸς</em></span> <span class='ocrx_word' id='word_1_66' title='bbox 1562 574 1625 618; x_wconf 83' lang='grc' dir='ltr'><strong>ὅτι</strong></span> <span class='ocrx_word' id='word_1_67' title='bbox 1674 576 1735 632; x_wconf 87' lang='grc' dir='ltr'><strong>μὴ</strong></span> 
     </span>
     <span class='ocr_line' id='line_1_8' title="bbox 244 639 1735 703; baseline 0 -15"><span class='ocrx_word' id='word_1_68' title='bbox 244 645 312 688; x_wconf 84' lang='grc' dir='ltr'><strong>καὶ</strong></span> <span class='ocrx_word' id='word_1_69' title='bbox 336 646 394 701; x_wconf 73' lang='grc' dir='ltr'><strong>τῷ</strong></span> <span class='ocrx_word' id='word_1_70' title='bbox 416 643 518 701; x_wconf 78' lang='grc' dir='ltr'><em>θείῳ</em></span> <span class='ocrx_word' id='word_1_71' title='bbox 536 639 652 697; x_wconf 88' lang='grc' dir='ltr'><em>μάλα</em></span> <span class='ocrx_word' id='word_1_72' title='bbox 672 646 881 699; x_wconf 77' lang='grc' dir='ltr'><em>προσῆκον</em></span> <span class='ocrx_word' id='word_1_73' title='bbox 902 645 1058 701; x_wconf 75' lang='grc' dir='ltr'><em>σκοπῷ,</em></span> <span class='ocrx_word' id='word_1_74' title='bbox 1088 646 1260 698; x_wconf 91' lang='grc' dir='ltr'><em>χαλινον</em></span> <span class='ocrx_word' id='word_1_75' title='bbox 1280 644 1356 698; x_wconf 73' lang='grc' dir='ltr'><em>μὲν</em></span> <span class='ocrx_word' id='word_1_76' title='bbox 1376 644 1596 702; x_wconf 72' lang='grc' dir='ltr'><em>ἐπιτιθέντι</em></span> <span class='ocrx_word' id='word_1_77' title='bbox 1618 650 1735 703; x_wconf 72' lang='grc' dir='ltr'><em>σαφῆ</em></span> 
     </span>
     <span class='ocr_line' id='line_1_9' title="bbox 242 711 1735 773; baseline 0.001 -16"><span class='ocrx_word' id='word_1_78' title='bbox 242 718 295 772; x_wconf 81' lang='grc' dir='ltr'><strong>τῇ</strong></span> <span class='ocrx_word' id='word_1_79' title='bbox 323 716 405 756; x_wconf 82' lang='grc' dir='ltr'><strong>τῶν</strong></span> <span class='ocrx_word' id='word_1_80' title='bbox 426 712 702 770; x_wconf 69' lang='grc' dir='ltr'><em>ἀνθρωπίνων</em></span> <span class='ocrx_word' id='word_1_81' title='bbox 721 715 927 768; x_wconf 79' lang='grc' dir='ltr'><em>λογισμῶν</em></span> <span class='ocrx_word' id='word_1_82' title='bbox 947 711 1158 773; x_wconf 72' lang='grc' dir='ltr'><em>αὐθαδείᾳ</em></span> <span class='ocrx_word' id='word_1_83' title='bbox 1172 746 1184 766; x_wconf 91' lang='grc'><em>,</em></span> <span class='ocrx_word' id='word_1_84' title='bbox 1224 715 1495 757; x_wconf 75' lang='grc' dir='ltr'><em>διδασκαλίαν</em></span> <span class='ocrx_word' id='word_1_85' title='bbox 1516 715 1557 757; x_wconf 73' lang='grc' dir='ltr'><em>δ’</em></span> <span class='ocrx_word' id='word_1_86' title='bbox 1584 715 1735 773; x_wconf 82' lang='grc' dir='ltr'><em>ἐναργῆ</em></span> 
     </span>
     <span class='ocr_line' id='line_1_10' title="bbox 244 779 1735 842; baseline 0.001 -15"><span class='ocrx_word' id='word_1_87' title='bbox 244 783 313 827; x_wconf 80' lang='grc' dir='ltr'><strong>διὰ</strong></span> <span class='ocrx_word' id='word_1_88' title='bbox 334 785 409 838; x_wconf 81' lang='grc' dir='ltr'><strong>τῆς</strong></span> <span class='ocrx_word' id='word_1_89' title='bbox 427 786 510 826; x_wconf 81' lang='grc' dir='ltr'><strong>τῶν</strong></span> <span class='ocrx_word' id='word_1_90' title='bbox 533 779 787 839; x_wconf 71' lang='grc' dir='ltr'><em>πραγμάτων</em></span> <span class='ocrx_word' id='word_1_91' title='bbox 807 782 950 839; x_wconf 87' lang='grc' dir='ltr'><em>πείρας</em></span> <span class='ocrx_word' id='word_1_92' title='bbox 968 787 1203 840; x_wconf 77' lang='grc' dir='ltr'><em>περιφανῶς</em></span> <span class='ocrx_word' id='word_1_93' title='bbox 1226 790 1312 834; x_wconf 80' lang='grc' dir='ltr'><em>τοῖς</em></span> <span class='ocrx_word' id='word_1_94' title='bbox 1335 784 1480 842; x_wconf 77' lang='grc' dir='ltr'><em>ἐφεξῆς</em></span> <span class='ocrx_word' id='word_1_95' title='bbox 1502 786 1623 827; x_wconf 80' lang='grc' dir='ltr'><em>αῗιῦσι</em></span> <span class='ocrx_word' id='word_1_96' title='bbox 1652 803 1735 828; x_wconf 89' lang='grc' dir='ltr'><strong>πα-</strong></span> 
     </span>
     <span class='ocr_line' id='line_1_11' title="bbox 201 849 1794 912; baseline 0 -16"><span class='ocrx_word' id='word_1_97' title='bbox 201 852 500 912; x_wconf 74' lang='grc' dir='ltr'><em>Εραπέμποντι</em></span> <span class='ocrx_word' id='word_1_98' title='bbox 515 865 525 877; x_wconf 85' lang='grc'><em>·</em></span> <span class='ocrx_word' id='word_1_99' title='bbox 564 849 620 902; x_wconf 80' lang='grc' dir='ltr'><em>ὥς</em></span> <span class='ocrx_word' id='word_1_100' title='bbox 637 849 735 907; x_wconf 73' lang='grc' dir='ltr'><em>ἡμῖν</em></span> <span class='ocrx_word' id='word_1_101' title='bbox 755 851 808 895; x_wconf 80' lang='grc' dir='ltr'><strong>τὰ</strong></span> <span class='ocrx_word' id='word_1_102' title='bbox 825 855 901 907; x_wconf 80' lang='grc' dir='ltr'><strong>τῆς</strong></span> <span class='ocrx_word' id='word_1_103' title='bbox 920 853 1145 907; x_wconf 86' lang='grc' dir='ltr'><em>παροιμίας</em></span> <span class='ocrx_word' id='word_1_104' title='bbox 1165 851 1356 911; x_wconf 76' lang='grc' dir='ltr'><em>ἄντικρυς</em></span> <span class='ocrx_word' id='word_1_105' title='bbox 1374 856 1614 910; x_wconf 79' lang='grc' dir='ltr'><em>συμβαίνειν</em></span> <span class='ocrx_word' id='word_1_106' title='bbox 1634 856 1733 898; x_wconf 84' lang='grc' dir='ltr'><em>ἐκεί-</em></span> <span class='ocrx_word' id='word_1_107' title='bbox 1750 868 1794 903; x_wconf 77' lang='lat'><strong>10</strong></span> 
     </span>
     <span class='ocr_line' id='line_1_12' title="bbox 244 919 1737 981; baseline 0.002 -16"><span class='ocrx_word' id='word_1_108' title='bbox 244 940 345 979; x_wconf 77' lang='grc' dir='ltr'><em>νης,</em></span> <span class='ocrx_word' id='word_1_109' title='bbox 374 920 401 979; x_wconf 74' lang='grc' dir='ltr'>ἦ</span> <span class='ocrx_word' id='word_1_110' title='bbox 430 919 614 978; x_wconf 80' lang='grc' dir='ltr'><em>κάμηλος</em></span> <span class='ocrx_word' id='word_1_111' title='bbox 641 919 873 981; x_wconf 75' lang='grc' dir='ltr'><em>(λεγούσης)</em></span> <span class='ocrx_word' id='word_1_112' title='bbox 904 920 1222 977; x_wconf 87' lang='grc' dir='ltr'><em>ἐπιθυμιάσασα</em></span> <span class='ocrx_word' id='word_1_113' title='bbox 1245 921 1427 981; x_wconf 81' lang='grc' dir='ltr'><em>κεράτων</em></span> <span class='ocrx_word' id='word_1_114' title='bbox 1461 926 1529 967; x_wconf 85' lang='grc' dir='ltr'><strong>καὶ</strong></span> <span class='ocrx_word' id='word_1_115' title='bbox 1562 924 1614 967; x_wconf 78' lang='grc' dir='ltr'><em>τοὶ</em></span> <span class='ocrx_word' id='word_1_116' title='bbox 1649 920 1737 968; x_wconf 77' lang='grc' dir='ltr'><strong>ὦτα</strong></span> 
     </span>
     <span class='ocr_line' id='line_1_13' title="bbox 245 989 1738 1051; baseline 0 -14"><span class='ocrx_word' id='word_1_117' title='bbox 245 990 579 1051; x_wconf 79' lang='grc' dir='ltr'><em>προσαπώλεσεν.</em></span> <span class='ocrx_word' id='word_1_118' title='bbox 620 989 969 1047; x_wconf 83' lang='grc' dir='ltr'><em>ἐπιθυμιάσαντες</em></span> <span class='ocrx_word' id='word_1_119' title='bbox 995 992 1075 1050; x_wconf 79' lang='grc' dir='ltr'><em>γὰρ</em></span> <span class='ocrx_word' id='word_1_120' title='bbox 1105 994 1173 1035; x_wconf 83' lang='grc' dir='ltr'><strong>καὶ</strong></span> <span class='ocrx_word' id='word_1_121' title='bbox 1204 993 1324 1037; x_wconf 83' lang='grc' dir='ltr'><em>αὐτοὶ</em></span> <span class='ocrx_word' id='word_1_122' title='bbox 1358 992 1481 1051; x_wconf 80' lang='grc' dir='ltr'><em>δόξης</em></span> <span class='ocrx_word' id='word_1_123' title='bbox 1508 995 1576 1037; x_wconf 81' lang='grc' dir='ltr'><strong>καὶ</strong></span> <span class='ocrx_word' id='word_1_124' title='bbox 1609 993 1738 1051; x_wconf 80' lang='grc' dir='ltr'><em>τύχης</em></span> 
     </span>
     <span class='ocr_line' id='line_1_14' title="bbox 246 1059 1737 1119; baseline 0.001 -13"><span class='ocrx_word' id='word_1_125' title='bbox 246 1063 455 1119; x_wconf 83' lang='grc' dir='ltr'><em>μείζονος,</em></span> <span class='ocrx_word' id='word_1_126' title='bbox 493 1063 560 1105; x_wconf 86' lang='grc' dir='ltr'><strong>καὶ</strong></span> <span class='ocrx_word' id='word_1_127' title='bbox 596 1060 738 1119; x_wconf 83' lang='grc' dir='ltr'><em>καιρὸν</em></span> <span class='ocrx_word' id='word_1_128' title='bbox 767 1061 869 1117; x_wconf 63' lang='grc' dir='ltr'><em>ἔχειν</em></span> <span class='ocrx_word' id='word_1_129' title='bbox 901 1059 1084 1118; x_wconf 72' lang='grc' dir='ltr'><em>ἑκάτεροι</em></span> <span class='ocrx_word' id='word_1_130' title='bbox 1113 1061 1307 1114; x_wconf 75' lang='grc' dir='ltr'><em>δόξαντες</em></span> <span class='ocrx_word' id='word_1_131' title='bbox 1333 1064 1506 1107; x_wconf 80' lang='grc' dir='ltr'><em>ἐκτεῖναι</em></span> <span class='ocrx_word' id='word_1_132' title='bbox 1534 1064 1632 1115; x_wconf 77' lang='grc' dir='ltr'><em>τούς</em></span> <span class='ocrx_word' id='word_1_133' title='bbox 1653 1069 1737 1108; x_wconf 80' lang='grc' dir='ltr'><strong>τῶν</strong></span> 
     </span>
     <span class='ocr_line' id='line_1_15' title="bbox 242 1130 1737 1191; baseline 0.001 -15"><span class='ocrx_word' id='word_1_134' title='bbox 242 1131 456 1188; x_wconf 85' lang='grc' dir='ltr'><em>Ῥωμαίων</em></span> <span class='ocrx_word' id='word_1_135' title='bbox 480 1130 628 1190; x_wconf 80' lang='grc' dir='ltr'><em>ὅρους,</em></span> <span class='ocrx_word' id='word_1_136' title='bbox 659 1132 726 1174; x_wconf 83' lang='grc' dir='ltr'><strong>καὶ</strong></span> <span class='ocrx_word' id='word_1_137' title='bbox 744 1136 827 1175; x_wconf 84' lang='grc' dir='ltr'><strong>τῶν</strong></span> <span class='ocrx_word' id='word_1_138' title='bbox 851 1130 982 1176; x_wconf 72' lang='grc' dir='ltr'><em>ὄντων</em></span> <span class='ocrx_word' id='word_1_139' title='bbox 1001 1132 1242 1189; x_wconf 73' lang='grc' dir='ltr'><em>ἐξέστημεν·</em></span> <span class='ocrx_word' id='word_1_140' title='bbox 1280 1132 1359 1176; x_wconf 78' lang='grc' dir='ltr'><em>κάκ</em></span> <span class='ocrx_word' id='word_1_141' title='bbox 1384 1135 1595 1177; x_wconf 87' lang='grc' dir='ltr'><em>πλουσίων</em></span> <span class='ocrx_word' id='word_1_142' title='bbox 1613 1135 1737 1191; x_wconf 73' lang='grc' dir='ltr'><em>πένη-</em></span> 
     </span>
     <span class='ocr_line' id='line_1_16' title="bbox 245 1199 1790 1261; baseline 0.002 -15"><span class='ocrx_word' id='word_1_143' title='bbox 245 1219 336 1256; x_wconf 88' lang='grc' dir='ltr'><em>τες,</em></span> <span class='ocrx_word' id='word_1_144' title='bbox 370 1202 446 1253; x_wconf 79' lang='grc' dir='ltr'><strong>κάξ</strong></span> <span class='ocrx_word' id='word_1_145' title='bbox 481 1200 654 1253; x_wconf 75' lang='grc' dir='ltr'><em>ἐνδόξων</em></span> <span class='ocrx_word' id='word_1_146' title='bbox 684 1199 827 1253; x_wconf 75' lang='grc' dir='ltr'><em>ἄδοξοι</em></span> <span class='ocrx_word' id='word_1_147' title='bbox 853 1200 1121 1259; x_wconf 78' lang='grc' dir='ltr'><em>γεγενήμεθα.</em></span> <span class='ocrx_word' id='word_1_148' title='bbox 1161 1201 1189 1245; x_wconf 81' lang='grc' dir='ltr'><em>ἃ</em></span> <span class='ocrx_word' id='word_1_149' title='bbox 1223 1204 1363 1246; x_wconf 88' lang='grc' dir='ltr'><em>τοίνυν</em></span> <span class='ocrx_word' id='word_1_150' title='bbox 1395 1204 1517 1261; x_wconf 77' lang='grc' dir='ltr'><em>ἐχρῆν</em></span> <span class='ocrx_word' id='word_1_151' title='bbox 1543 1202 1642 1260; x_wconf 67' lang='grc' dir='ltr'><em>ἡμῖν</em></span> <span class='ocrx_word' id='word_1_152' title='bbox 1662 1207 1730 1248; x_wconf 83' lang='grc' dir='ltr'><strong>καὶ</strong></span> <span class='ocrx_word' id='word_1_153' title='bbox 1747 1214 1790 1250; x_wconf 84' lang='grc'><strong>15</strong></span> 
     </span>
     <span class='ocr_line' id='line_1_17' title="bbox 207 1269 1738 1332; baseline 0.002 -18"><span class='ocrx_word' id='word_1_154' title='bbox 207 1274 505 1316; x_wconf 72' lang='grc' dir='ltr'><em>Ὲδιανοεῖσθαι</em></span> <span class='ocrx_word' id='word_1_155' title='bbox 534 1274 602 1315; x_wconf 83' lang='grc' dir='ltr'><strong>καὶ</strong></span> <span class='ocrx_word' id='word_1_156' title='bbox 632 1273 737 1332; x_wconf 75' lang='grc' dir='ltr'><em>δρᾷν</em></span> <span class='ocrx_word' id='word_1_157' title='bbox 761 1269 864 1330; x_wconf 76' lang='grc' dir='ltr'><em>ὑπὲρ</em></span> <span class='ocrx_word' id='word_1_158' title='bbox 894 1276 970 1316; x_wconf 79' lang='grc' dir='ltr'><strong>τοῦ</strong></span> <span class='ocrx_word' id='word_1_159' title='bbox 1001 1277 1116 1331; x_wconf 84' lang='grc' dir='ltr'><em>κοινῇ</em></span> <span class='ocrx_word' id='word_1_160' title='bbox 1150 1273 1458 1332; x_wconf 76' lang='grc' dir='ltr'><em>συμφέροντος,</em></span> <span class='ocrx_word' id='word_1_161' title='bbox 1492 1275 1588 1332; x_wconf 78' lang='grc' dir='ltr'><em>πρὶν</em></span> <span class='ocrx_word' id='word_1_162' title='bbox 1609 1273 1634 1330; x_wconf 76' lang='grc' dir='ltr'>ἢ</span> <span class='ocrx_word' id='word_1_163' title='bbox 1654 1292 1738 1317; x_wconf 93' lang='grc' dir='ltr'><strong>πα-</strong></span> 
     </span>
     <span class='ocr_line' id='line_1_18' title="bbox 243 1340 1735 1404; baseline 0.001 -19"><span class='ocrx_word' id='word_1_164' title='bbox 243 1347 352 1396; x_wconf 77' lang='grc' dir='ltr'><em>θεῖν,</em></span> <span class='ocrx_word' id='word_1_165' title='bbox 380 1342 461 1398; x_wconf 78' lang='grc' dir='ltr'><strong>ὀψὲ</strong></span> <span class='ocrx_word' id='word_1_166' title='bbox 479 1345 600 1399; x_wconf 78' lang='grc' dir='ltr'><em>γοῦν,</em></span> <span class='ocrx_word' id='word_1_167' title='bbox 628 1340 734 1396; x_wconf 76' lang='grc' dir='ltr'><em>μετὰ</em></span> <span class='ocrx_word' id='word_1_168' title='bbox 752 1341 799 1386; x_wconf 81' lang='grc' dir='ltr'><strong>τὸ</strong></span> <span class='ocrx_word' id='word_1_169' title='bbox 823 1346 989 1396; x_wconf 83' lang='grc' dir='ltr'><em>παθεῖν,</em></span> <span class='ocrx_word' id='word_1_170' title='bbox 1023 1341 1137 1393; x_wconf 78' lang='grc' dir='ltr'><em>ἄξιον</em></span> <span class='ocrx_word' id='word_1_171' title='bbox 1157 1345 1223 1386; x_wconf 81' lang='grc' dir='ltr'><strong>καὶ</strong></span> <span class='ocrx_word' id='word_1_172' title='bbox 1247 1345 1506 1387; x_wconf 75' lang='grc' dir='ltr'><em>διανοεῖσθαι</em></span> <span class='ocrx_word' id='word_1_173' title='bbox 1527 1346 1594 1387; x_wconf 81' lang='grc' dir='ltr'><strong>καὶ</strong></span> <span class='ocrx_word' id='word_1_174' title='bbox 1616 1346 1735 1404; x_wconf 76' lang='grc' dir='ltr'><em>δρᾷν·</em></span> 
     </span>
     <span class='ocr_line' id='line_1_19' title="bbox 241 1407 1736 1471; baseline 0.002 -17"><span class='ocrx_word' id='word_1_175' title='bbox 241 1413 313 1456; x_wconf 65' lang='grc' dir='ltr'><em>ἰ’να</em></span> <span class='ocrx_word' id='word_1_176' title='bbox 331 1412 390 1468; x_wconf 85' lang='grc' dir='ltr'><strong>μὴ</strong></span> <span class='ocrx_word' id='word_1_177' title='bbox 413 1414 480 1455; x_wconf 86' lang='grc' dir='ltr'><strong>καὶ</strong></span> <span class='ocrx_word' id='word_1_178' title='bbox 498 1416 582 1455; x_wconf 86' lang='grc' dir='ltr'><strong>τῶν</strong></span> <span class='ocrx_word' id='word_1_179' title='bbox 610 1409 756 1455; x_wconf 71' lang='grc' dir='ltr'><em>ἁλιέων</em></span> <span class='ocrx_word' id='word_1_180' title='bbox 789 1412 951 1456; x_wconf 87' lang='grc' dir='ltr'><em>ἐκείνων</em></span> <span class='ocrx_word' id='word_1_181' title='bbox 974 1407 1082 1468; x_wconf 78' lang='grc' dir='ltr'><em>ὦμεν</em></span> <span class='ocrx_word' id='word_1_182' title='bbox 1110 1414 1299 1471; x_wconf 86' lang='grc' dir='ltr'><em>χείρους,</em></span> <span class='ocrx_word' id='word_1_183' title='bbox 1335 1410 1398 1464; x_wconf 76' lang='grc' dir='ltr'><em>οἷς</em></span> <span class='ocrx_word' id='word_1_184' title='bbox 1426 1413 1532 1469; x_wconf 78' lang='grc' dir='ltr'><em>μετὰ</em></span> <span class='ocrx_word' id='word_1_185' title='bbox 1557 1413 1604 1457; x_wconf 83' lang='grc' dir='ltr'><strong>τὸ</strong></span> <span class='ocrx_word' id='word_1_186' title='bbox 1629 1419 1736 1470; x_wconf 87' lang='grc' dir='ltr'><em>πλη-</em></span> 
     </span>
     <span class='ocr_line' id='line_1_20' title="bbox 245 1480 1738 1541; baseline 0.002 -17"><span class='ocrx_word' id='word_1_187' title='bbox 245 1486 367 1539; x_wconf 80' lang='grc' dir='ltr'><em>γῆναι</em></span> <span class='ocrx_word' id='word_1_188' title='bbox 413 1481 490 1538; x_wconf 82' lang='grc' dir='ltr'><strong>τὴν</strong></span> <span class='ocrx_word' id='word_1_189' title='bbox 531 1486 614 1525; x_wconf 82' lang='grc' dir='ltr'><strong>τῶν</strong></span> <span class='ocrx_word' id='word_1_190' title='bbox 652 1480 926 1539; x_wconf 73' lang='grc' dir='ltr'><em>καθηκόντων</em></span> <span class='ocrx_word' id='word_1_191' title='bbox 970 1484 1270 1541; x_wconf 86' lang='grc' dir='ltr'><em>προσγίνεσθαι</em></span> <span class='ocrx_word' id='word_1_192' title='bbox 1304 1483 1456 1527; x_wconf 70' lang='grc' dir='ltr'><em>ἔπεισιν</em></span> <span class='ocrx_word' id='word_1_193' title='bbox 1491 1484 1738 1539; x_wconf 75' lang='grc' dir='ltr'><em>αἰσθ·ησιν.”</em></span> 
     </span>
     <span class='ocr_line' id='line_1_21' title="bbox 244 1550 1794 1611; baseline 0.001 -17"><span class='ocrx_word' id='word_1_194' title='bbox 244 1551 338 1611; x_wconf 90' lang='grc' dir='ltr'>(Γ.)</span> <span class='ocrx_word' id='word_1_195' title='bbox 377 1556 526 1595; x_wconf 82' lang='grc' dir='ltr'><em>Ταῦτα</em></span> <span class='ocrx_word' id='word_1_196' title='bbox 549 1554 786 1608; x_wconf 82' lang='grc' dir='ltr'><em>διανοηθεὶς</em></span> <span class='ocrx_word' id='word_1_197' title='bbox 815 1553 884 1596; x_wconf 86' lang='grc' dir='ltr'><strong>καὶ</strong></span> <span class='ocrx_word' id='word_1_198' title='bbox 912 1550 1196 1610; x_wconf 79' lang='grc' dir='ltr'><em>φθεγξάμενος</em></span> <span class='ocrx_word' id='word_1_199' title='bbox 1235 1551 1257 1597; x_wconf 84' lang='grc' dir='ltr'><em>ὃ</em></span> <span class='ocrx_word' id='word_1_200' title='bbox 1297 1551 1556 1611; x_wconf 80' lang='grc' dir='ltr'><em>πατριάρχης</em></span> <span class='ocrx_word' id='word_1_201' title='bbox 1598 1552 1734 1610; x_wconf 84' lang='grc' dir='ltr'><em>λόγοις</em></span> <span class='ocrx_word' id='word_1_202' title='bbox 1747 1562 1794 1596; x_wconf 78' lang='grc'><strong>20</strong></span> 
     </span>
     <span class='ocr_line' id='line_1_22' title="bbox 215 1619 1736 1681; baseline -0.001 -13"><span class='ocrx_word' id='word_1_203' title='bbox 215 1621 546 1680; x_wconf 62' lang='grc' dir='ltr'><em>,πιθανωτέροις</em></span> <span class='ocrx_word' id='word_1_204' title='bbox 571 1619 692 1681; x_wconf 81' lang='grc' dir='ltr'><em>ὖπῄει</em></span> <span class='ocrx_word' id='word_1_205' title='bbox 710 1624 779 1666; x_wconf 86' lang='grc' dir='ltr'><strong>καὶ</strong></span> <span class='ocrx_word' id='word_1_206' title='bbox 810 1623 999 1681; x_wconf 82' lang='grc' dir='ltr'><em>ἐπεχείρει</em></span> <span class='ocrx_word' id='word_1_207' title='bbox 1017 1624 1172 1666; x_wconf 89' lang='grc' dir='ltr'><em>πείθειν</em></span> <span class='ocrx_word' id='word_1_208' title='bbox 1193 1623 1431 1667; x_wconf 74' lang='grc' dir='ltr'><em>συνθέσθαι</em></span> <span class='ocrx_word' id='word_1_209' title='bbox 1452 1626 1518 1666; x_wconf 83' lang='grc' dir='ltr'><strong>καὶ</strong></span> <span class='ocrx_word' id='word_1_210' title='bbox 1549 1623 1625 1679; x_wconf 78' lang='grc' dir='ltr'><strong>τὴν</strong></span> <span class='ocrx_word' id='word_1_211' title='bbox 1652 1629 1736 1678; x_wconf 77' lang='grc' dir='ltr'><strong>βα-</strong></span> 
     </span>
     <span class='ocr_line' id='line_1_23' title="bbox 116 1690 1740 1754; baseline 0.001 -18"><span class='ocrx_word' id='word_1_212' title='bbox 116 1699 160 1735; x_wconf 85' lang='grc' dir='ltr'><strong>Ρ.</strong></span> <span class='ocrx_word' id='word_1_213' title='bbox 171 1697 239 1736; x_wconf 83' lang='grc'><strong>477</strong></span> <span class='ocrx_word' id='word_1_214' title='bbox 249 1694 386 1735; x_wconf 91' lang='grc' dir='ltr'><em>σιλίδα</em></span> <span class='ocrx_word' id='word_1_215' title='bbox 396 1691 559 1737; x_wconf 75' lang='grc' dir='ltr'><em>Ἄνναν.</em></span> <span class='ocrx_word' id='word_1_216' title='bbox 598 1690 698 1735; x_wconf 76' lang='grc' dir='ltr'><em>εἶναι</em></span> <span class='ocrx_word' id='word_1_217' title='bbox 716 1693 794 1751; x_wconf 76' lang='grc' dir='ltr'><em>γὰρ</em></span> <span class='ocrx_word' id='word_1_218' title='bbox 818 1692 970 1751; x_wconf 65' lang='grc' dir='ltr'><em>ἔφασκε</em></span> <span class='ocrx_word' id='word_1_219' title='bbox 989 1693 1175 1748; x_wconf 76' lang='grc' dir='ltr'><em>βέλτιον,</em></span> <span class='ocrx_word' id='word_1_220' title='bbox 1213 1691 1384 1744; x_wconf 70' lang='grc' dir='ltr'><em>ἑκόντας</em></span> <span class='ocrx_word' id='word_1_221' title='bbox 1404 1695 1740 1754; x_wconf 76' lang='grc' dir='ltr'><em>Καντακουζηνῷ</em></span> 
     </span>
     <span class='ocr_line' id='line_1_24' title="bbox 248 1761 1739 1823; baseline 0 -16"><span class='ocrx_word' id='word_1_222' title='bbox 248 1762 570 1819; x_wconf 77' lang='grc' dir='ltr'><em>σπεισαμένους,</em></span> <span class='ocrx_word' id='word_1_223' title='bbox 602 1761 679 1820; x_wconf 82' lang='grc' dir='ltr'><strong>τὴν</strong></span> <span class='ocrx_word' id='word_1_224' title='bbox 712 1764 882 1823; x_wconf 88' lang='grc' dir='ltr'><em>κρείττω</em></span> <span class='ocrx_word' id='word_1_225' title='bbox 909 1770 1064 1823; x_wconf 85' lang='grc' dir='ltr'><em>μοῖραν</em></span> <span class='ocrx_word' id='word_1_226' title='bbox 1092 1767 1395 1823; x_wconf 73' lang='grc' dir='ltr'><em>καρποῦσθαι,</em></span> <span class='ocrx_word' id='word_1_227' title='bbox 1433 1765 1528 1823; x_wconf 87' lang='grc' dir='ltr'><em>πρὶν</em></span> <span class='ocrx_word' id='word_1_228' title='bbox 1561 1763 1739 1823; x_wconf 76' lang='grc' dir='ltr'><em>ἀφαιρε-</em></span> 
     </span>
    </p>
   </div>
   <div class='ocr_carea' id='block_1_3' title="bbox 247 1919 1744 2906">
    <p class='ocr_par' dir='ltr' id='par_1_3' title="bbox 247 1919 1744 2906">
     <span class='ocr_line' id='line_1_25' title="bbox 249 1919 1739 1970; baseline 0.001 -15"><span class='ocrx_word' id='word_1_229' title='bbox 249 1919 466 1964; x_wconf 76' lang='lat' dir='ltr'><strong>abdicasset,</strong></span> <span class='ocrx_word' id='word_1_230' title='bbox 490 1923 595 1968; x_wconf 79' lang='lat' dir='ltr'><strong>atque</strong></span> <span class='ocrx_word' id='word_1_231' title='bbox 618 1921 703 1958; x_wconf 84' lang='lat' dir='ltr'><strong>adeo</strong></span> <span class='ocrx_word' id='word_1_232' title='bbox 724 1921 768 1958; x_wconf 87' lang='lat' dir='ltr'><strong>ab</strong></span> <span class='ocrx_word' id='word_1_233' title='bbox 785 1921 1006 1970; x_wconf 77' lang='lat' dir='ltr'><strong>imperatrice</strong></span> <span class='ocrx_word' id='word_1_234' title='bbox 1026 1922 1125 1959; x_wconf 83' lang='lat' dir='ltr'><strong>Anna</strong></span> <span class='ocrx_word' id='word_1_235' title='bbox 1148 1925 1184 1959; x_wconf 88' lang='lat' dir='ltr'><strong>et</strong></span> <span class='ocrx_word' id='word_1_236' title='bbox 1208 1922 1251 1959; x_wconf 89' lang='lat' dir='ltr'><strong>ab</strong></span> <span class='ocrx_word' id='word_1_237' title='bbox 1276 1922 1350 1959; x_wconf 84' lang='lat' dir='ltr'><strong>eius</strong></span> <span class='ocrx_word' id='word_1_238' title='bbox 1367 1922 1439 1959; x_wconf 87' lang='lat' dir='ltr'><strong>filio</strong></span> <span class='ocrx_word' id='word_1_239' title='bbox 1462 1933 1652 1970; x_wconf 67' lang='lat' dir='ltr'><strong>sussremam</strong></span> <span class='ocrx_word' id='word_1_240' title='bbox 1674 1933 1739 1969; x_wconf 83' lang='lat' dir='ltr'><strong>po-</strong></span> 
     </span>
     <span class='ocr_line' id='line_1_26' title="bbox 249 1968 1740 2017; baseline 0.001 -16"><span class='ocrx_word' id='word_1_241' title='bbox 249 1972 412 2002; x_wconf 82' lang='lat' dir='ltr'>testatem</span> <span class='ocrx_word' id='word_1_242' title='bbox 433 1968 541 2012; x_wconf 90' lang='lat' dir='ltr'><strong>palam</strong></span> <span class='ocrx_word' id='word_1_243' title='bbox 564 1970 728 2005; x_wconf 80' lang='lat' dir='ltr'><strong>auferret.</strong></span> <span class='ocrx_word' id='word_1_244' title='bbox 777 1970 1008 2011; x_wconf 84' lang='lat' dir='ltr'><strong>Quamobrem</strong></span> <span class='ocrx_word' id='word_1_245' title='bbox 1026 1978 1171 2017; x_wconf 89' lang='lat' dir='ltr'><strong>uterque</strong></span> <span class='ocrx_word' id='word_1_246' title='bbox 1190 1971 1273 2005; x_wconf 88' lang='lat' dir='ltr'><strong>nihil</strong></span> <span class='ocrx_word' id='word_1_247' title='bbox 1292 1971 1384 2005; x_wconf 88' lang='lat' dir='ltr'><strong>aliud</strong></span> <span class='ocrx_word' id='word_1_248' title='bbox 1404 1970 1566 2015; x_wconf 81' lang='lat' dir='ltr'>fecimus,</span> <span class='ocrx_word' id='word_1_249' title='bbox 1592 1969 1660 2004; x_wconf 87' lang='lat' dir='ltr'><strong>nisi</strong></span> <span class='ocrx_word' id='word_1_250' title='bbox 1682 1975 1740 2004; x_wconf 87' lang='lat' dir='ltr'><strong>to-</strong></span> 
     </span>
     <span class='ocr_line' id='line_1_27' title="bbox 250 2014 1740 2063; baseline 0.002 -16"><span class='ocrx_word' id='word_1_251' title='bbox 250 2019 305 2048; x_wconf 87' lang='lat' dir='ltr'><strong>tas</strong></span> <span class='ocrx_word' id='word_1_252' title='bbox 322 2014 462 2060; x_wconf 86' lang='lat' dir='ltr'><strong>penitus</strong></span> <span class='ocrx_word' id='word_1_253' title='bbox 480 2015 703 2052; x_wconf 85' lang='lat' dir='ltr'><strong>Romanorum</strong></span> <span class='ocrx_word' id='word_1_254' title='bbox 721 2017 816 2052; x_wconf 88' lang='lat' dir='ltr'><strong>vires</strong></span> <span class='ocrx_word' id='word_1_255' title='bbox 834 2017 1046 2060; x_wconf 83' lang='lat' dir='ltr'><strong>attrivimus,</strong></span> <span class='ocrx_word' id='word_1_256' title='bbox 1070 2024 1107 2052; x_wconf 90' lang='lat' dir='ltr'><strong>et</strong></span> <span class='ocrx_word' id='word_1_257' title='bbox 1124 2018 1154 2052; x_wconf 90' lang='lat' dir='ltr'><strong>si</strong></span> <span class='ocrx_word' id='word_1_258' title='bbox 1175 2029 1243 2063; x_wconf 89' lang='lat' dir='ltr'><strong>qua</strong></span> <span class='ocrx_word' id='word_1_259' title='bbox 1259 2018 1351 2052; x_wconf 81' lang='lat' dir='ltr'><strong>forte</strong></span> <span class='ocrx_word' id='word_1_260' title='bbox 1367 2018 1480 2052; x_wconf 85' lang='lat' dir='ltr'><strong>bonae</strong></span> <span class='ocrx_word' id='word_1_261' title='bbox 1504 2016 1581 2063; x_wconf 88' lang='lat' dir='ltr'><strong>spei</strong></span> <span class='ocrx_word' id='word_1_262' title='bbox 1603 2015 1740 2051; x_wconf 84' lang='lat' dir='ltr'><strong>scintil-</strong></span> 
     </span>
     <span class='ocr_line' id='line_1_28' title="bbox 249 2060 1741 2110; baseline 0.002 -15"><span class='ocrx_word' id='word_1_263' title='bbox 249 2060 323 2095; x_wconf 90' lang='lat' dir='ltr'><strong>lula</strong></span> <span class='ocrx_word' id='word_1_264' title='bbox 338 2060 374 2093; x_wconf 93' lang='lat' dir='ltr'><strong>in</strong></span> <span class='ocrx_word' id='word_1_265' title='bbox 392 2062 495 2095; x_wconf 83' lang='lat' dir='ltr'><strong>rebus</strong></span> <span class='ocrx_word' id='word_1_266' title='bbox 516 2063 650 2108; x_wconf 81' lang='lat' dir='ltr'><strong>reliqua</strong></span> <span class='ocrx_word' id='word_1_267' title='bbox 668 2070 778 2106; x_wconf 84' lang='lat' dir='ltr'><strong>esset,</strong></span> <span class='ocrx_word' id='word_1_268' title='bbox 804 2076 877 2099; x_wconf 88' lang='lat' dir='ltr'><strong>eam</strong></span> <span class='ocrx_word' id='word_1_269' title='bbox 894 2065 1051 2099; x_wconf 83' lang='lat' dir='ltr'><strong>funditus</strong></span> <span class='ocrx_word' id='word_1_270' title='bbox 1068 2064 1275 2099; x_wconf 81' lang='lat' dir='ltr'><strong>sustulimus.</strong></span> <span class='ocrx_word' id='word_1_271' title='bbox 1323 2064 1396 2099; x_wconf 84' lang='lat' dir='ltr'><strong>Eos</strong></span> <span class='ocrx_word' id='word_1_272' title='bbox 1412 2065 1522 2106; x_wconf 88' lang='lat' dir='ltr'><strong>enim,</strong></span> <span class='ocrx_word' id='word_1_273' title='bbox 1547 2063 1605 2110; x_wconf 81' lang='lat' dir='ltr'><strong>qui</strong></span> <span class='ocrx_word' id='word_1_274' title='bbox 1626 2063 1741 2098; x_wconf 84' lang='lat' dir='ltr'><strong>omnia</strong></span> 
     </span>
     <span class='ocr_line' id='line_1_29' title="bbox 251 2106 1739 2157; baseline 0.003 -18"><span class='ocrx_word' id='word_1_275' title='bbox 251 2106 299 2141; x_wconf 85' lang='lat' dir='ltr'><strong>ad</strong></span> <span class='ocrx_word' id='word_1_276' title='bbox 321 2107 502 2142; x_wconf 87' lang='lat' dir='ltr'><strong>humanam</strong></span> <span class='ocrx_word' id='word_1_277' title='bbox 527 2108 725 2146; x_wconf 85' lang='lat' dir='ltr'><strong>industriam</strong></span> <span class='ocrx_word' id='word_1_278' title='bbox 747 2111 984 2157; x_wconf 82' lang='lat' dir='ltr'><strong>imprudentes</strong></span> <span class='ocrx_word' id='word_1_279' title='bbox 1001 2112 1177 2154; x_wconf 77' lang='lat' dir='ltr'><strong>referunt,</strong></span> <span class='ocrx_word' id='word_1_280' title='bbox 1202 2123 1242 2146; x_wconf 89' lang='lat' dir='ltr'><strong>eo</strong></span> <span class='ocrx_word' id='word_1_281' title='bbox 1263 2110 1468 2146; x_wconf 76' lang='lat' dir='ltr'><strong>calamitatis</strong></span> <span class='ocrx_word' id='word_1_282' title='bbox 1490 2109 1632 2146; x_wconf 86' lang='lat' dir='ltr'><strong>devolvi</strong></span> <span class='ocrx_word' id='word_1_283' title='bbox 1652 2109 1739 2144; x_wconf 86' lang='lat' dir='ltr'><strong>nihil</strong></span> 
     </span>
     <span class='ocr_line' id='line_1_30' title="bbox 249 2153 1742 2204; baseline 0.002 -17"><span class='ocrx_word' id='word_1_284' title='bbox 249 2153 393 2195; x_wconf 85' lang='lat' dir='ltr'><strong>mirum;</strong></span> <span class='ocrx_word' id='word_1_285' title='bbox 417 2153 515 2189; x_wconf 88' lang='lat' dir='ltr'><strong>immo</strong></span> <span class='ocrx_word' id='word_1_286' title='bbox 537 2157 680 2191; x_wconf 82' lang='lat' dir='ltr'><strong>maxime</strong></span> <span class='ocrx_word' id='word_1_287' title='bbox 703 2158 863 2204; x_wconf 85' lang='lat' dir='ltr'><strong>congruit</strong></span> <span class='ocrx_word' id='word_1_288' title='bbox 881 2170 955 2193; x_wconf 91' lang='lat' dir='ltr'><strong>cum</strong></span> <span class='ocrx_word' id='word_1_289' title='bbox 977 2158 1097 2193; x_wconf 87' lang='lat' dir='ltr'><strong>divina</strong></span> <span class='ocrx_word' id='word_1_290' title='bbox 1118 2158 1357 2203; x_wconf 75' lang='lat' dir='ltr'><strong>providentia3</strong></span> <span class='ocrx_word' id='word_1_291' title='bbox 1383 2158 1479 2193; x_wconf 89' lang='lat' dir='ltr'><strong>cuius</strong></span> <span class='ocrx_word' id='word_1_292' title='bbox 1503 2161 1557 2192; x_wconf 85' lang='lat' dir='ltr'><strong>est</strong></span> <span class='ocrx_word' id='word_1_293' title='bbox 1581 2157 1638 2191; x_wconf 89' lang='lat' dir='ltr'><strong>hic</strong></span> <span class='ocrx_word' id='word_1_294' title='bbox 1662 2168 1742 2191; x_wconf 91' lang='lat' dir='ltr'><strong>sco-</strong></span> 
     </span>
     <span class='ocr_line' id='line_1_31' title="bbox 250 2201 1742 2250; baseline 0.002 -16"><span class='ocrx_word' id='word_1_295' title='bbox 250 2210 329 2247; x_wconf 74' lang='lat' dir='ltr'><strong>puS,</strong></span> <span class='ocrx_word' id='word_1_296' title='bbox 352 2205 391 2234; x_wconf 90' lang='lat' dir='ltr'><strong>ut</strong></span> <span class='ocrx_word' id='word_1_297' title='bbox 410 2201 545 2235; x_wconf 87' lang='lat' dir='ltr'><strong>humani</strong></span> <span class='ocrx_word' id='word_1_298' title='bbox 565 2203 667 2237; x_wconf 86' lang='lat' dir='ltr'><strong>animi</strong></span> <span class='ocrx_word' id='word_1_299' title='bbox 686 2205 908 2249; x_wconf 84' lang='lat' dir='ltr'><strong>arrogantiae</strong></span> <span class='ocrx_word' id='word_1_300' title='bbox 926 2206 1082 2240; x_wconf 82' lang='lat' dir='ltr'><strong>fraenum</strong></span> <span class='ocrx_word' id='word_1_301' title='bbox 1100 2209 1231 2240; x_wconf 87' lang='lat' dir='ltr'><strong>certum</strong></span> <span class='ocrx_word' id='word_1_302' title='bbox 1252 2204 1396 2246; x_wconf 71' lang='lat' dir='ltr'><strong>inficiat,</strong></span> <span class='ocrx_word' id='word_1_303' title='bbox 1420 2209 1455 2239; x_wconf 90' lang='lat' dir='ltr'><strong>et</strong></span> <span class='ocrx_word' id='word_1_304' title='bbox 1475 2215 1536 2250; x_wconf 89' lang='lat' dir='ltr'><strong>per</strong></span> <span class='ocrx_word' id='word_1_305' title='bbox 1555 2203 1665 2249; x_wconf 87' lang='lat' dir='ltr'><strong>ipsam</strong></span> <span class='ocrx_word' id='word_1_306' title='bbox 1684 2215 1742 2237; x_wconf 87' lang='lat' dir='ltr'><strong>re-</strong></span> 
     </span>
     <span class='ocr_line' id='line_1_32' title="bbox 250 2247 1741 2298; baseline 0.003 -18"><span class='ocrx_word' id='word_1_307' title='bbox 250 2258 325 2281; x_wconf 89' lang='lat' dir='ltr'><strong>rum</strong></span> <span class='ocrx_word' id='word_1_308' title='bbox 343 2247 591 2293; x_wconf 85' lang='lat' dir='ltr'><strong>experientiam</strong></span> <span class='ocrx_word' id='word_1_309' title='bbox 610 2250 752 2285; x_wconf 89' lang='lat' dir='ltr'><strong>evidens</strong></span> <span class='ocrx_word' id='word_1_310' title='bbox 772 2252 815 2286; x_wconf 87' lang='lat' dir='ltr'><strong>ad</strong></span> <span class='ocrx_word' id='word_1_311' title='bbox 837 2257 995 2298; x_wconf 86' lang='lat' dir='ltr'><strong>posteros</strong></span> <span class='ocrx_word' id='word_1_312' title='bbox 1013 2252 1252 2286; x_wconf 89' lang='lat' dir='ltr'><strong>documentum</strong></span> <span class='ocrx_word' id='word_1_313' title='bbox 1269 2256 1389 2297; x_wconf 87' lang='lat' dir='ltr'><strong>aperte</strong></span> <span class='ocrx_word' id='word_1_314' title='bbox 1406 2251 1629 2286; x_wconf 86' lang='lat' dir='ltr'><strong>transmittat.</strong></span> <span class='ocrx_word' id='word_1_315' title='bbox 1662 2250 1741 2285; x_wconf 81' lang='lat' dir='ltr'><strong>No-</strong></span> 
     </span>
     <span class='ocr_line' id='line_1_33' title="bbox 250 2292 1741 2346; baseline 0.002 -19"><span class='ocrx_word' id='word_1_316' title='bbox 250 2293 308 2328; x_wconf 87' lang='lat' dir='ltr'><strong>bis</strong></span> <span class='ocrx_word' id='word_1_317' title='bbox 328 2292 451 2340; x_wconf 87' lang='lat' dir='ltr'><strong>itaque</strong></span> <span class='ocrx_word' id='word_1_318' title='bbox 470 2294 507 2328; x_wconf 88' lang='lat' dir='ltr'><strong>id</strong></span> <span class='ocrx_word' id='word_1_319' title='bbox 524 2295 623 2340; x_wconf 91' lang='lat' dir='ltr'><strong>plane</strong></span> <span class='ocrx_word' id='word_1_320' title='bbox 641 2308 705 2331; x_wconf 91' lang='lat' dir='ltr'><strong>usu</strong></span> <span class='ocrx_word' id='word_1_321' title='bbox 721 2298 837 2340; x_wconf 85' lang='lat' dir='ltr'><strong>venit,</strong></span> <span class='ocrx_word' id='word_1_322' title='bbox 861 2299 954 2345; x_wconf 90' lang='lat' dir='ltr'><strong>quod</strong></span> <span class='ocrx_word' id='word_1_323' title='bbox 971 2299 1111 2345; x_wconf 81' lang='lat' dir='ltr'><strong>vulgari</strong></span> <span class='ocrx_word' id='word_1_324' title='bbox 1132 2298 1316 2346; x_wconf 88' lang='lat' dir='ltr'><strong>proverbio</strong></span> <span class='ocrx_word' id='word_1_325' title='bbox 1335 2298 1405 2333; x_wconf 88' lang='lat' dir='ltr'><strong>dici</strong></span> <span class='ocrx_word' id='word_1_326' title='bbox 1428 2298 1537 2333; x_wconf 86' lang='lat' dir='ltr'><strong>solet:</strong></span> <span class='ocrx_word' id='word_1_327' title='bbox 1562 2297 1741 2332; x_wconf 88' lang='lat' dir='ltr'><strong>Camelum</strong></span> 
     </span>
     <span class='ocr_line' id='line_1_34' title="bbox 251 2343 1742 2390; baseline 0.002 -16"><span class='ocrx_word' id='word_1_328' title='bbox 251 2351 379 2375; x_wconf 85' lang='lat' dir='ltr'><strong>cornua</strong></span> <span class='ocrx_word' id='word_1_329' title='bbox 401 2345 619 2386; x_wconf 82' lang='lat' dir='ltr'><strong>appetentem</strong></span> <span class='ocrx_word' id='word_1_330' title='bbox 643 2343 745 2378; x_wconf 88' lang='lat' dir='ltr'><strong>etiam</strong></span> <span class='ocrx_word' id='word_1_331' title='bbox 768 2346 907 2380; x_wconf 87' lang='lat' dir='ltr'><strong>auribus</strong></span> <span class='ocrx_word' id='word_1_332' title='bbox 936 2347 1091 2381; x_wconf 86' lang='lat' dir='ltr'><strong>orbatam</strong></span> <span class='ocrx_word' id='word_1_333' title='bbox 1115 2358 1205 2381; x_wconf 81' lang='lat' dir='ltr'><strong>esse.</strong></span> <span class='ocrx_word' id='word_1_334' title='bbox 1252 2345 1344 2381; x_wconf 87' lang='lat' dir='ltr'><strong>Nam</strong></span> <span class='ocrx_word' id='word_1_335' title='bbox 1363 2350 1399 2380; x_wconf 88' lang='lat' dir='ltr'><strong>et</strong></span> <span class='ocrx_word' id='word_1_336' title='bbox 1413 2344 1484 2390; x_wconf 83' lang='lat' dir='ltr'><strong>ipsi</strong></span> <span class='ocrx_word' id='word_1_337' title='bbox 1501 2355 1576 2378; x_wconf 91' lang='lat' dir='ltr'><strong>cum</strong></span> <span class='ocrx_word' id='word_1_338' title='bbox 1596 2343 1742 2389; x_wconf 85' lang='lat' dir='ltr'><strong>amplio-</strong></span> 
     </span>
     <span class='ocr_line' id='line_1_35' title="bbox 248 2386 1742 2437; baseline 0.001 -16"><span class='ocrx_word' id='word_1_339' title='bbox 248 2395 323 2421; x_wconf 81' lang='lat' dir='ltr'><strong>rem</strong></span> <span class='ocrx_word' id='word_1_340' title='bbox 342 2386 547 2433; x_wconf 86' lang='lat' dir='ltr'><strong>dignitatem</strong></span> <span class='ocrx_word' id='word_1_341' title='bbox 574 2389 814 2436; x_wconf 83' lang='lat' dir='ltr'><strong>fortunamque</strong></span> <span class='ocrx_word' id='word_1_342' title='bbox 838 2396 1098 2437; x_wconf 76' lang='lat' dir='ltr'><strong>appeteremus,</strong></span> <span class='ocrx_word' id='word_1_343' title='bbox 1122 2395 1167 2427; x_wconf 77' lang='lat' dir='ltr'><strong>et&#39;</strong></span> <span class='ocrx_word' id='word_1_344' title='bbox 1175 2391 1388 2427; x_wconf 88' lang='lat' dir='ltr'><strong>occasionem</strong></span> <span class='ocrx_word' id='word_1_345' title='bbox 1410 2391 1548 2436; x_wconf 90' lang='lat' dir='ltr'><strong>utrique</strong></span> <span class='ocrx_word' id='word_1_346' title='bbox 1567 2391 1742 2424; x_wconf 86' lang='lat' dir='ltr'><strong>Romanos</strong></span> 
     </span>
     <span class='ocr_line' id='line_1_36' title="bbox 248 2432 1742 2485; baseline 0.002 -18"><span class='ocrx_word' id='word_1_347' title='bbox 248 2432 375 2474; x_wconf 77' lang='lat' dir='ltr'><strong>limites</strong></span> <span class='ocrx_word' id='word_1_348' title='bbox 395 2435 618 2480; x_wconf 89' lang='lat' dir='ltr'><strong>promovendi</strong></span> <span class='ocrx_word' id='word_1_349' title='bbox 638 2436 787 2471; x_wconf 87' lang='lat' dir='ltr'><strong>oblatam</strong></span> <span class='ocrx_word' id='word_1_350' title='bbox 808 2439 906 2472; x_wconf 87' lang='lat' dir='ltr'><strong>nobis</strong></span> <span class='ocrx_word' id='word_1_351' title='bbox 927 2444 1143 2485; x_wconf 86' lang='lat' dir='ltr'><strong>putaremus,</strong></span> <span class='ocrx_word' id='word_1_352' title='bbox 1167 2439 1270 2474; x_wconf 87' lang='lat' dir='ltr'><strong>etiam</strong></span> <span class='ocrx_word' id='word_1_353' title='bbox 1287 2438 1342 2480; x_wconf 87' lang='lat' dir='ltr'><strong>iis,</strong></span> <span class='ocrx_word' id='word_1_354' title='bbox 1367 2437 1430 2485; x_wconf 90' lang='lat' dir='ltr'><strong>qui</strong></span> <span class='ocrx_word' id='word_1_355' title='bbox 1452 2442 1524 2472; x_wconf 88' lang='lat' dir='ltr'><strong>tum</strong></span> <span class='ocrx_word' id='word_1_356' title='bbox 1543 2443 1653 2478; x_wconf 87' lang='lat' dir='ltr'><strong>erant,</strong></span> <span class='ocrx_word' id='word_1_357' title='bbox 1678 2437 1742 2470; x_wconf 87' lang='lat' dir='ltr'><strong>de-</strong></span> 
     </span>
     <span class='ocr_line' id='line_1_37' title="bbox 248 2479 1742 2532; baseline 0.002 -18"><span class='ocrx_word' id='word_1_358' title='bbox 248 2479 334 2515; x_wconf 81' lang='lat' dir='ltr'><strong>iecti</strong></span> <span class='ocrx_word' id='word_1_359' title='bbox 359 2493 495 2523; x_wconf 85' lang='lat' dir='ltr'><strong>sumus;</strong></span> <span class='ocrx_word' id='word_1_360' title='bbox 526 2481 700 2527; x_wconf 89' lang='lat' dir='ltr'><strong>iidemque</strong></span> <span class='ocrx_word' id='word_1_361' title='bbox 725 2495 769 2517; x_wconf 85' lang='lat' dir='ltr'><strong>ex</strong></span> <span class='ocrx_word' id='word_1_362' title='bbox 795 2485 964 2530; x_wconf 89' lang='lat' dir='ltr'><strong>opulentis</strong></span> <span class='ocrx_word' id='word_1_363' title='bbox 987 2486 1128 2532; x_wconf 85' lang='lat' dir='ltr'><strong>inopes,</strong></span> <span class='ocrx_word' id='word_1_364' title='bbox 1154 2497 1198 2520; x_wconf 88' lang='lat' dir='ltr'><strong>ex</strong></span> <span class='ocrx_word' id='word_1_365' title='bbox 1214 2485 1408 2520; x_wconf 83' lang='lat' dir='ltr'><strong>illustribus</strong></span> <span class='ocrx_word' id='word_1_366' title='bbox 1427 2484 1514 2519; x_wconf 84' lang='lat' dir='ltr'><strong>viles</strong></span> <span class='ocrx_word' id='word_1_367' title='bbox 1543 2488 1579 2518; x_wconf 88' lang='lat' dir='ltr'><strong>et</strong></span> <span class='ocrx_word' id='word_1_368' title='bbox 1600 2482 1742 2528; x_wconf 83' lang='lat' dir='ltr'><strong>inglorii</strong></span> 
     </span>
     <span class='ocr_line' id='line_1_38' title="bbox 249 2527 1742 2579; baseline 0.001 -18"><span class='ocrx_word' id='word_1_369' title='bbox 249 2527 432 2562; x_wconf 84' lang='lat' dir='ltr'><strong>evasimus.</strong></span> <span class='ocrx_word' id='word_1_370' title='bbox 480 2527 582 2570; x_wconf 81' lang='lat' dir='ltr'><strong>Quae</strong></span> <span class='ocrx_word' id='word_1_371' title='bbox 601 2528 710 2574; x_wconf 83' lang='lat' dir='ltr'><strong>igitur</strong></span> <span class='ocrx_word' id='word_1_372' title='bbox 728 2532 913 2575; x_wconf 83' lang='lat' dir='ltr'><strong>oportebat</strong></span> <span class='ocrx_word' id='word_1_373' title='bbox 931 2544 992 2567; x_wconf 89' lang='lat' dir='ltr'><strong>nos</strong></span> <span class='ocrx_word' id='word_1_374' title='bbox 1013 2537 1049 2568; x_wconf 89' lang='lat' dir='ltr'><strong>et</strong></span> <span class='ocrx_word' id='word_1_375' title='bbox 1067 2532 1252 2579; x_wconf 83' lang='lat' dir='ltr'><strong>providere</strong></span> <span class='ocrx_word' id='word_1_376' title='bbox 1269 2538 1306 2567; x_wconf 89' lang='lat' dir='ltr'><strong>et</strong></span> <span class='ocrx_word' id='word_1_377' title='bbox 1323 2532 1440 2566; x_wconf 84' lang='lat' dir='ltr'><strong>facere</strong></span> <span class='ocrx_word' id='word_1_378' title='bbox 1462 2531 1622 2576; x_wconf 89' lang='lat' dir='ltr'><strong>publicae</strong></span> <span class='ocrx_word' id='word_1_379' title='bbox 1643 2529 1742 2563; x_wconf 88' lang='lat' dir='ltr'><strong>utili-</strong></span> 
     </span>
     <span class='ocr_line' id='line_1_39' title="bbox 249 2574 1743 2624; baseline 0.001 -16"><span class='ocrx_word' id='word_1_380' title='bbox 249 2574 335 2608; x_wconf 81' lang='lat' dir='ltr'><strong>tatis</strong></span> <span class='ocrx_word' id='word_1_381' title='bbox 355 2586 471 2617; x_wconf 89' lang='lat' dir='ltr'><strong>causa‚</strong></span> <span class='ocrx_word' id='word_1_382' title='bbox 494 2580 677 2621; x_wconf 88' lang='lat' dir='ltr'><strong>antequam</strong></span> <span class='ocrx_word' id='word_1_383' title='bbox 695 2577 786 2622; x_wconf 90' lang='lat' dir='ltr'><strong>lapsi</strong></span> <span class='ocrx_word' id='word_1_384' title='bbox 802 2589 965 2621; x_wconf 83' lang='lat' dir='ltr'><strong>essemus,</strong></span> <span class='ocrx_word' id='word_1_385' title='bbox 993 2591 1034 2615; x_wconf 84' lang='lat' dir='ltr'><strong>ea</strong></span> <span class='ocrx_word' id='word_1_386' title='bbox 1053 2592 1131 2614; x_wconf 89' lang='lat' dir='ltr'><strong>sero</strong></span> <span class='ocrx_word' id='word_1_387' title='bbox 1154 2579 1284 2621; x_wconf 86' lang='lat' dir='ltr'><strong>saltem,</strong></span> <span class='ocrx_word' id='word_1_388' title='bbox 1309 2589 1351 2613; x_wconf 85' lang='lat' dir='ltr'><strong>ac</strong></span> <span class='ocrx_word' id='word_1_389' title='bbox 1371 2582 1550 2624; x_wconf 85' lang='lat' dir='ltr'><strong>postquam</strong></span> <span class='ocrx_word' id='word_1_390' title='bbox 1570 2577 1662 2623; x_wconf 84' lang='lat' dir='ltr'><strong>lapsi</strong></span> <span class='ocrx_word' id='word_1_391' title='bbox 1680 2587 1743 2609; x_wconf 87' lang='lat' dir='ltr'><strong>su-</strong></span> 
     </span>
     <span class='ocr_line' id='line_1_40' title="bbox 249 2621 1744 2672; baseline 0.001 -18"><span class='ocrx_word' id='word_1_392' title='bbox 249 2622 338 2663; x_wconf 74' lang='lat' dir='ltr'><strong>muS,</strong></span> <span class='ocrx_word' id='word_1_393' title='bbox 360 2621 479 2657; x_wconf 82' lang='lat' dir='ltr'><strong>facere</strong></span> <span class='ocrx_word' id='word_1_394' title='bbox 496 2633 644 2668; x_wconf 88' lang='lat' dir='ltr'><strong>aequum</strong></span> <span class='ocrx_word' id='word_1_395' title='bbox 659 2628 714 2658; x_wconf 86' lang='lat' dir='ltr'><strong>est</strong></span> <span class='ocrx_word' id='word_1_396' title='bbox 730 2634 771 2658; x_wconf 84' lang='lat' dir='ltr'><strong>ac</strong></span> <span class='ocrx_word' id='word_1_397' title='bbox 792 2625 996 2669; x_wconf 84' lang='lat' dir='ltr'><strong>providere:</strong></span> <span class='ocrx_word' id='word_1_398' title='bbox 1020 2638 1064 2662; x_wconf 84' lang='lat' dir='ltr'><strong>ne</strong></span> <span class='ocrx_word' id='word_1_399' title='bbox 1082 2631 1118 2661; x_wconf 88' lang='lat' dir='ltr'><strong>et</strong></span> <span class='ocrx_word' id='word_1_400' title='bbox 1133 2625 1364 2672; x_wconf 84' lang='lat' dir='ltr'><strong>piscatoribus</strong></span> <span class='ocrx_word' id='word_1_401' title='bbox 1384 2624 1452 2659; x_wconf 82' lang='lat' dir='ltr'><strong>illis</strong></span> <span class='ocrx_word' id='word_1_402' title='bbox 1469 2624 1646 2659; x_wconf 86' lang='lat' dir='ltr'><strong>stultiores</strong></span> <span class='ocrx_word' id='word_1_403' title='bbox 1666 2634 1744 2657; x_wconf 86' lang='lat' dir='ltr'><strong>esse</strong></span> 
     </span>
     <span class='ocr_line' id='line_1_41' title="bbox 248 2667 1744 2716; baseline 0.002 -15"><span class='ocrx_word' id='word_1_404' title='bbox 248 2667 447 2710; x_wconf 82' lang='lat' dir='ltr'><strong>videamur,</strong></span> <span class='ocrx_word' id='word_1_405' title='bbox 473 2668 597 2715; x_wconf 88' lang='lat' dir='ltr'><strong>quibus</strong></span> <span class='ocrx_word' id='word_1_406' title='bbox 618 2681 708 2716; x_wconf 89' lang='lat' dir='ltr'><strong>quae</strong></span> <span class='ocrx_word' id='word_1_407' title='bbox 724 2670 885 2705; x_wconf 89' lang='lat' dir='ltr'><strong>facienda</strong></span> <span class='ocrx_word' id='word_1_408' title='bbox 906 2672 1036 2707; x_wconf 88' lang='lat' dir='ltr'><strong>fuerint</strong></span> <span class='ocrx_word' id='word_1_409' title='bbox 1053 2673 1184 2708; x_wconf 89' lang='lat' dir='ltr'><strong>sentire</strong></span> <span class='ocrx_word' id='word_1_410' title='bbox 1202 2677 1287 2707; x_wconf 89' lang='lat' dir='ltr'><strong>tunc</strong></span> <span class='ocrx_word' id='word_1_411' title='bbox 1309 2672 1422 2713; x_wconf 87' lang='lat' dir='ltr'><strong>subit,</strong></span> <span class='ocrx_word' id='word_1_412' title='bbox 1446 2683 1521 2706; x_wconf 87' lang='lat' dir='ltr'><strong>cum</strong></span> <span class='ocrx_word' id='word_1_413' title='bbox 1539 2670 1670 2704; x_wconf 82' lang='lat' dir='ltr'><strong>inflicta</strong></span> <span class='ocrx_word' id='word_1_414' title='bbox 1689 2673 1744 2704; x_wconf 82' lang='lat' dir='ltr'><strong>est</strong></span> 
     </span>
     <span class='ocr_line' id='line_1_42' title="bbox 250 2713 1744 2764; baseline 0.001 -16"><span class='ocrx_word' id='word_1_415' title='bbox 250 2713 390 2759; x_wconf 85' lang='lat' dir='ltr'><strong>plaga.&#39;’</strong></span> <span class='ocrx_word' id='word_1_416' title='bbox 412 2715 517 2760; x_wconf 88' lang='grc' dir='ltr'>(ΙΙΙ.)</span> <span class='ocrx_word' id='word_1_417' title='bbox 534 2716 634 2751; x_wconf 88' lang='lat' dir='ltr'><strong>Haec</strong></span> <span class='ocrx_word' id='word_1_418' title='bbox 653 2717 852 2762; x_wconf 83' lang='lat' dir='ltr'><strong>patriarcha</strong></span> <span class='ocrx_word' id='word_1_419' title='bbox 870 2729 945 2752; x_wconf 92' lang='lat' dir='ltr'><strong>cum</strong></span> <span class='ocrx_word' id='word_1_420' title='bbox 963 2723 998 2752; x_wconf 87' lang='lat' dir='ltr'><strong>et</strong></span> <span class='ocrx_word' id='word_1_421' title='bbox 1016 2719 1127 2753; x_wconf 87' lang='lat' dir='ltr'><strong>animo</strong></span> <span class='ocrx_word' id='word_1_422' title='bbox 1149 2719 1320 2764; x_wconf 84' lang='lat' dir='ltr'><strong>agitasset</strong></span> <span class='ocrx_word' id='word_1_423' title='bbox 1336 2723 1372 2753; x_wconf 88' lang='lat' dir='ltr'><strong>et</strong></span> <span class='ocrx_word' id='word_1_424' title='bbox 1387 2729 1448 2752; x_wconf 89' lang='lat' dir='ltr'><strong>ore</strong></span> <span class='ocrx_word' id='word_1_425' title='bbox 1466 2717 1744 2763; x_wconf 85' lang='lat' dir='ltr'><strong>pronunciasset,</strong></span> 
     </span>
     <span class='ocr_line' id='line_1_43' title="bbox 251 2760 1743 2811; baseline 0.001 -17"><span class='ocrx_word' id='word_1_426' title='bbox 251 2760 356 2796; x_wconf 89' lang='lat' dir='ltr'><strong>dictis</strong></span> <span class='ocrx_word' id='word_1_427' title='bbox 379 2761 424 2796; x_wconf 90' lang='lat' dir='ltr'><strong>ad</strong></span> <span class='ocrx_word' id='word_1_428' title='bbox 449 2763 726 2808; x_wconf 77' lang='lat' dir='ltr'><strong>persuadendum</strong></span> <span class='ocrx_word' id='word_1_429' title='bbox 749 2764 1113 2800; x_wconf 87' lang='lat' dir='ltr'><strong>accommodatioribus</strong></span> <span class='ocrx_word' id='word_1_430' title='bbox 1137 2767 1270 2804; x_wconf 86' lang='lat' dir='ltr'><strong>Annam</strong></span> <span class='ocrx_word' id='word_1_431' title='bbox 1291 2765 1450 2807; x_wconf 87' lang='lat' dir='ltr'><strong>subibat,</strong></span> <span class='ocrx_word' id='word_1_432' title='bbox 1477 2764 1578 2811; x_wconf 87' lang='lat' dir='ltr'><strong>eique</strong></span> <span class='ocrx_word' id='word_1_433' title='bbox 1600 2769 1638 2798; x_wconf 85' lang='lat' dir='ltr'><strong>ut</strong></span> <span class='ocrx_word' id='word_1_434' title='bbox 1661 2774 1743 2796; x_wconf 87' lang='lat' dir='ltr'><strong>sen—</strong></span> 
     </span>
     <span class='ocr_line' id='line_1_44' title="bbox 247 2807 1743 2857; baseline 0 -15"><span class='ocrx_word' id='word_1_435' title='bbox 247 2807 381 2843; x_wconf 79' lang='lat' dir='ltr'><strong>tentiae</strong></span> <span class='ocrx_word' id='word_1_436' title='bbox 393 2820 476 2844; x_wconf 83' lang='lat' dir='ltr'><strong>suae</strong></span> <span class='ocrx_word' id='word_1_437' title='bbox 494 2810 677 2845; x_wconf 86' lang='lat' dir='ltr'><strong>accederet</strong></span> <span class='ocrx_word' id='word_1_438' title='bbox 695 2810 906 2857; x_wconf 83' lang='lat' dir='ltr'><strong>persuadere</strong></span> <span class='ocrx_word' id='word_1_439' title='bbox 927 2812 1126 2846; x_wconf 84' lang='lat' dir='ltr'><strong>conabatur.</strong></span> <span class='ocrx_word' id='word_1_440' title='bbox 1174 2813 1293 2847; x_wconf 81' lang='lat' dir='ltr'><strong>Satius</strong></span> <span class='ocrx_word' id='word_1_441' title='bbox 1312 2823 1434 2857; x_wconf 85' lang='lat' dir='ltr'><strong>nempe</strong></span> <span class='ocrx_word' id='word_1_442' title='bbox 1452 2823 1528 2845; x_wconf 86' lang='lat' dir='ltr'><strong>esse</strong></span> <span class='ocrx_word' id='word_1_443' title='bbox 1546 2809 1743 2851; x_wconf 83' lang='lat' dir='ltr'><strong>dictitabat,</strong></span> 
     </span>
     <span class='ocr_line' id='line_1_45' title="bbox 250 2856 1742 2906; baseline 0.001 -16"><span class='ocrx_word' id='word_1_444' title='bbox 250 2862 339 2901; x_wconf 77' lang='lat' dir='ltr'><strong>pace</strong></span> <span class='ocrx_word' id='word_1_445' title='bbox 361 2866 437 2892; x_wconf 89' lang='lat' dir='ltr'><strong>cum</strong></span> <span class='ocrx_word' id='word_1_446' title='bbox 458 2856 702 2893; x_wconf 84' lang='lat' dir='ltr'><strong>Cantacuzeno</strong></span> <span class='ocrx_word' id='word_1_447' title='bbox 727 2863 851 2906; x_wconf 83' lang='lat' dir='ltr'><strong>sponte</strong></span> <span class='ocrx_word' id='word_1_448' title='bbox 878 2857 995 2901; x_wconf 82' lang='lat' dir='ltr'><strong>facta,</strong></span> <span class='ocrx_word' id='word_1_449' title='bbox 1029 2859 1140 2906; x_wconf 85' lang='lat' dir='ltr'><strong>partis</strong></span> <span class='ocrx_word' id='word_1_450' title='bbox 1164 2859 1273 2906; x_wconf 85' lang='lat' dir='ltr'><strong>potiri</strong></span> <span class='ocrx_word' id='word_1_451' title='bbox 1295 2858 1467 2901; x_wconf 82' lang='lat' dir='ltr'><strong>melioris,</strong></span> <span class='ocrx_word' id='word_1_452' title='bbox 1491 2868 1595 2905; x_wconf 86' lang='lat' dir='ltr'><strong>quam</strong></span> <span class='ocrx_word' id='word_1_453' title='bbox 1617 2856 1678 2891; x_wconf 86' lang='lat' dir='ltr'><strong>ubi</strong></span> <span class='ocrx_word' id='word_1_454' title='bbox 1697 2856 1742 2891; x_wconf 88' lang='lat' dir='ltr'><strong>ab</strong></span> 
     </span>
    </p>
   </div>
  </div>
 </body>
</html>
