1794 3172
378 133 698 180 HISTORIAE
726 134 1105 182 BYZANTINAE
1132 133 1255 181 XIX.
1270 136 1311 183 4.
1469 126 1570 178 953

91 245 287 290 ἅκτιστον
308 244 411 290 ἄλλο
432 244 548 303 παρὰ
566 245 643 302 τὴν
664 247 786 289 θείαν
805 245 931 302 λέγειν
952 244 1121 300 οὐσίαν,
1147 243 1241 289 οὔτε
1262 241 1471 303 θεότητας
1491 250 1566 302 τῆς
1586 255 1626 289 Α.
1642 256 1679 289 c.
1699 255 1785 292 1351

90 320 191 371 μιᾶς
230 315 410 359 ἐπέκεινα
440 313 772 371 τρισυποστᾶτου
800 313 988 373 φύσεως,
1024 313 1120 358 οὔτ’
1158 312 1384 371 ἀσώματόν
1413 333 1459 359 τε
1493 303 1787 384 xa2¹¹¹¹gssffg²ffi

91 384 285 428 ἅκτιστον
306 383 519 428 δύνασθαι
541 386 729 441 γίνεσθαι
751 384 798 428 τὸ
818 389 894 428 τοῦ
912 387 1105 441 Χριστοῦ
1131 388 1276 439 σῶμα,
1313 384 1484 443 εἴρηται.
1528 387 1564 429 εἴ
1569 393 1602 429 Ι)

90 453 137 497 δ’
161 455 226 496 ἐπὶ
246 457 439 511 Χριστοῦ
459 453 578 497 τοῦτ’
598 452 827 507 ἀδύνατον,
865 455 928 504 τίς
948 452 1082 504 οὕτως
1103 451 1261 510 εὐήθης
1278 452 1331 498 ἂν
1347 454 1423 511 εἴη,
1459 452 1567 499 ὥστ’

61 522 320 580 ὄᾶνθρωπον
343 525 533 580 γίνεσθαι
551 523 677 580 λε’γειν
695 520 889 567 ἅκτιστόν
903 541 996 575 τινα
1018 526 1102 566 τῶν
1123 520 1291 567 πάντων
1298 557 1314 578 ,
1343 521 1569 579 ἀσώματόν

89 609 134 636 τε
155 594 223 635 καὶ
243 591 424 649 ἄναρχον
442 592 549 635 κατὰ
570 592 644 635 τὸν
662 597 738 649 τῆς
761 590 924 651 φύσεως
945 591 1082 648 λόγον,
1112 593 1182 636 καὶ
1209 590 1289 636 ὅσα
1310 600 1399 644 τοῖς
1419 593 1566 648 ἀσεβέ-

89 677 156 704 σιν
176 661 512 719 αὖτονομουμένῃ
527 659 690 720 γλώττῃ
711 669 861 720 προῖκα
884 666 1021 720 ληρεῖν
1049 659 1366 720 συγκεχώρηται.
1405 660 1469 714 οἷς
1483 663 1563 722 γὰρ
1581 670 1625 705 V.
1641 669 1711 713 485

89 731 132 782 ἔς
160 730 310 788 ἀρετῆς
344 729 587 788 προκόπτειν
620 731 814 788 ἐγγίνεται
854 729 1002 788 λόγον,
1049 728 1214 782 τούτοις
1251 730 1327 775 οὐκ
1354 731 1601 784 ἄκτίστοιςΕ

85 801 276 857 γίνεσθαι
301 798 510 858 πρόσεστι.
547 804 704 844 πολλοῦ
730 819 774 858 γε
803 803 870 844 καὶ
898 803 970 846 δεῖ.
1014 799 1258 845 τούναντίον
1283 800 1435 856 μεντᾶν
1452 806 1565 857 μᾶλ-

31 875 76 912 10
87 873 162 913 λον
192 868 345 925 δεήσειε
366 871 558 926 γενέσθαι
577 878 756 921 κτιστοΐς
772 872 814 921 ἐς
836 869 885 914 τὸ
905 867 1238 923 πολλαπλάσιον,
1275 867 1334 921 ὥς
1359 869 1500 922 ἄλλοις
1517 889 1564 916 τε

82 939 288 990 πλείστοις
308 940 393 982 ε’στὶ
414 939 659 996 δεδογμένον
686 941 754 983 καὶ
775 939 828 996 δὴ
850 941 917 982 καὶ
943 936 1106 998 Παύλῳ
1124 943 1185 998 τῷ
1205 940 1307 999 θείῳ
1323 954 1334 964 ·
1370 939 1416 983 εἷ’
1426 958 1490 991 τις
1517 943 1560 984 ἐν

84 1011 259 1068 Χριστῷ
283 1008 402 1065 καινὴ
434 1011 585 1062 κτίσις,
623 1008 958 1062 ἅνακαινίζεσθαι
979 1007 1057 1065 τὴν
1082 1008 1186 1066 πρὸς
1206 1008 1259 1052 τὰ
1289 1010 1459 1066 κρείττω
1486 1011 1560 1068 ῥο-

84 1077 167 1133 πὴν
186 1079 254 1120 καὶ
275 1076 496 1134 ἀντίληψιν
516 1082 599 1122 τῶν
615 1082 776 1122 καλῶν·
811 1078 864 1135 ἢν
882 1078 935 1135 δὴ
956 1080 1087 1122 κτίσιν
1102 1080 1172 1121 καὶ
1199 1076 1221 1122 ὅ
1244 1082 1361 1129 θεῖος
1386 1079 1566 1135 ἐπιζητεῖ

82 1148 250 1202 Δαβὶδ,
287 1149 463 1204 καρδίαν
495 1147 692 1205 καθαρὰν
714 1149 757 1192 ἐν
785 1147 901 1209 αὐτῷ
921 1149 1148 1202 nicenam,
1182 1149 1251 1191 καὶ
1276 1152 1437 1204 πνεῦμα
1472 1155 1562 1200 τοῖς

27 1225 72 1262 15
83 1213 267 1273 ε’γκάτοις
290 1216 412 1268 εὖθές
434 1217 743 1275 ἔγκαινίζεσθαι.

81 1371 309 1408 substantiam
328 1372 499 1416 divinam,
522 1385 587 1409 nec
603 1373 689 1409 alias
707 1373 929 1417 divinitates,
954 1379 1094 1421 praeter
1114 1385 1214 1409 unam
1235 1373 1271 1408 in
1294 1373 1411 1408 tribus
1435 1384 1558 1419 perso·-

81 1418 135 1453 nis
151 1425 321 1463 naturam,
341 1431 405 1455 neo
423 1421 660 1466 incorporeum
681 1425 718 1455 et
733 1420 919 1456 increatum
936 1434 1062 1467 corpus
1081 1421 1211 1456 Christi
1233 1432 1336 1467 posse
1351 1420 1439 1463 fieri,
1465 1421 1549 1455 hao-

80 1470 181 1500 tenus
208 1466 338 1501 dictum
361 1472 427 1502 est.
483 1467 587 1509 Quod
613 1467 644 1502 si
673 1467 710 1501 id
736 1468 773 1502 in
801 1467 941 1502 christo
968 1468 1045 1504 fieri
1071 1479 1136 1502 non
1157 1471 1291 1513 potest,
1324 1467 1548 1512 quisquamne

79 1511 167 1546 adeo
187 1512 352 1557 stolidus,
376 1519 417 1549 ut
434 1513 582 1559 aliquem
598 1525 643 1548 ex
662 1513 817 1549 omnibus
836 1513 1027 1549 hominibus
1046 1513 1193 1549 naturali
1209 1513 1343 1548 ratione
1358 1513 1549 1547 increatum

81 1557 159 1592 fieri
185 1558 298 1600 dicat,
328 1559 655 1606 incorporeumque,
689 1565 726 1594 et
755 1559 925 1606 principio
950 1565 1144 1602 carentem,
1177 1563 1215 1594 et
1242 1558 1408 1605 quidquid
1435 1558 1547 1604 impiis

81 1603 198 1648 lingua
221 1605 367 1640 effraeni
388 1610 518 1640 temere
544 1611 581 1640 et
607 1606 718 1651 gratis
748 1606 889 1641 effutire
912 1606 1042 1641 licuit?
1071 1607 1160 1641 Nam
1179 1605 1238 1651 qui
1258 1605 1397 1640 virtutis
1414 1605 1548 1640 ratione

79 1650 287 1695 proficiunt,
310 1663 377 1686 non
395 1651 475 1687 ideo
498 1652 524 1686 ii
552 1652 698 1686 increati
726 1652 823 1687 finnt.
868 1654 920 1687 Ac
947 1653 1085 1687 multum
1112 1652 1247 1699 quidem
1270 1651 1370 1686 abest
1392 1657 1431 1685 ut
1448 1651 1546 1685 fiant.

79 1696 184 1731 Immo
201 1702 337 1732 creatos
354 1709 414 1733 eos
431 1698 508 1733 fieri
525 1702 623 1733 tanto
638 1698 748 1744 magis
762 1702 942 1745 oporteat3
966 1699 1243 1745 quemadmodum
1254 1724 1263 1741 ‚
1286 1703 1358 1732 tum
1377 1697 1454 1732 aliis
1471 1696 1547 1742 plu-

78 1743 198 1784 rimis,
230 1748 303 1779 tum
329 1744 409 1779 divo
435 1744 545 1780 Paulo
569 1745 679 1779 visum
705 1750 779 1787 est,
803 1745 949 1779 dicenti:
973 1746 1004 1780 si
1022 1758 1090 1792 qua
1114 1746 1148 1780 in
1174 1745 1315 1779 Christo
1338 1754 1428 1778 nova
1446 1754 1547 1777 crea-

78 1794 159 1824 tura
182 1789 247 1833 sit,
272 1791 534 1837 propensionem
559 1790 603 1825 ad
628 1790 771 1826 meliora
798 1797 834 1825 et
849 1791 988 1826 virtutis
1010 1792 1255 1838 professionem
1280 1789 1459 1825 renovari:
1484 1800 1546 1823 cu-

78 1835 224 1871 iusmodi
243 1843 438 1872 creaturam
457 1837 558 1872 divus
584 1849 722 1883 quoque
749 1837 862 1872 David
885 1838 1050 1883 requirit,
1081 1838 1139 1874 ubi
1167 1849 1229 1872 cor
1253 1836 1409 1872 mundum
1433 1833 1546 1871 creari

77 1881 115 1916 in
136 1894 194 1925 se,
216 1889 254 1918 et
273 1883 431 1931 spiritum
445 1889 576 1921 rectum
589 1885 749 1920 innovari
770 1884 807 1920 in
825 1885 1018 1920 visceribus
1041 1884 1203 1933 postulat.

102 2865 109 2870 ⁴
165 2868 379 2939 mmm.
397 2893 545 2941 angor.
591 2895 665 2931 m.
688 2894 731 2929 11.
1205 2883 1256 2924 61
