1754 3164
563 159 678 203 ANN
684 158 1042 204 OTATIONES.
1431 151 1455 197 1
1464 147 1562 200 315

27 265 239 305 Caeterum
260 263 396 320 λέσχαι
420 264 658 305 dicebantur
682 265 778 305 olim
799 264 1134 319 philosophorum
1159 264 1453 305 conventicula.
1489 264 1563 304 De-

26 323 122 362 inde
147 326 240 376 quia
259 325 364 363 inter
381 323 491 376 ipsos
510 325 749 377 plerumque
772 324 983 363 levissimis
1011 324 1061 362 de
1086 323 1206 362 rebus
1227 323 1471 374 agitabatur,
1503 322 1565 360 fa-

26 387 138 420 ctum
164 388 223 420 est
245 389 293 421 ut
312 382 587 421 mendicorum
614 388 655 421 et
676 382 789 434 vulgi
810 387 1032 421 conventus
1055 381 1172 420 etiam
1196 379 1276 420 hoc
1304 381 1464 420 nomine
1485 394 1565 419 vo-

27 444 241 490 carentur,
271 445 391 492 atque
413 438 508 479 inde
527 439 647 479 etiam
667 441 778 493 ipsae
795 453 925 492 nugae
945 438 1079 493 λέσχαι
1097 438 1229 478 dictae
1251 438 1427 478 fuerunt.
1468 451 1565 477 car-

25 510 200 537 rancus.

145 555 242 607 Pag.
274 553 398 603 1105,
430 556 500 597 19.
557 553 637 603 ,Εἰς
653 551 724 603 τοίς
746 551 846 602 Διός
867 553 936 595 καὶ
954 551 1131 607 Σεμέλης
1151 570 1187 594 κ.
1211 552 1272 605 λ.]
1316 553 1372 591 De
1398 550 1477 590 hac
1502 552 1566 590 fa-

27 611 122 650 bula
140 612 236 651 vide
260 625 362 664 quae
381 610 505 651 habet
526 611 696 650 Ovidius
719 611 1030 665 Metamorphos.
1056 611 1125 650 lib.
1144 611 1213 652 ΙΙΙ.
1273 623 1514 652 cArPanNN,

143 670 248 722 Pog-
280 672 410 716 1107,
443 673 482 711 1.
538 668 708 724 Λέγων]
740 670 853 709 Plato
884 670 927 709 in
955 669 1118 709 Timaeo
1143 675 1242 711 tom.
1269 668 1338 707 111.
1372 681 1464 720 pag.
1494 666 1564 710 41.

30 725 128 766 edit.
152 727 259 765 loa'n.
281 728 439 766 Serran.
501 740 740 766 carrssnoxu.

144 782 244 838 Pflg-
275 787 408 834 1108,
439 788 479 827 2.
539 789 720 838 Λοκροῖς
742 780 1064 836 Ἐπιζεφυρίοις]
1108 783 1163 821 lta
1187 782 1283 822 dicti
1311 788 1406 820 sunt
1425 797 1446 820 a
1467 795 1566 833 pro-

30 842 233 880 montorio
268 841 493 895 Zephyrio,
535 843 643 894 quod
674 849 759 881 erat
786 844 829 880 in
858 841 996 893 Magna
1035 842 1214 880 Graecia.
1255 841 1356 879 Vide
1381 839 1567 879 Strabon.

34 898 344 951 Geographicon
369 899 437 940 lib.
465 900 534 941 VI.
554 914 643 953 pag.
667 904 763 943 176.
823 912 1066 938 οΔΡΡΕΒοΝΝ.

146 955 251 1010 Pag.
285 959 413 1007 1108,
445 958 483 1000 5.
543 956 646 1011 Περὶ
676 954 806 998 αὐτοῦ
837 955 1063 1010 καταλέγει]
1117 953 1323 995 Plutarch.
1362 954 1405 993 in
1437 954 1568 992 Numa

31 1026 130 1069 pag.
153 1014 220 1057 65.
242 1015 334 1055 edil.
361 1014 481 1059 1624.
504 1015 574 1054 ubi
597 1015 718 1067 paulo
738 1016 868 1055 fusius
885 1014 987 1054 haec
1012 1014 1252 1054 referuntur.
1293 1025 1538 1052 carraaoun.

150 1073 246 1125 Pag·
278 1077 404 1124 1108,
434 1076 476 1116 7.
538 1071 643 1114 Οὔτε
661 1071 738 1128 γοῖρ
760 1072 930 1125 ἐκεῖνος]
962 1071 1047 1112 Nec
1067 1072 1168 1110 enim
1188 1069 1258 1109 ille
1275 1068 1566 1125 [Pythagorasl.

33 1129 124 1169 Hoc
143 1129 307 1171 videtur
333 1145 418 1170 esse
439 1137 579 1170 contra
606 1131 884 1182 grammaticae
906 1131 1028 1181 leges.
1061 1135 1107 1167 ut
1125 1128 1277 1176 ἐκεῖνος
1295 1128 1494 1166 reseratur
1517 1127 1569 1165 ad

37 1187 263 1227 subiectum
287 1188 537 1242 proximunh:
566 1202 647 1227 non
664 1195 724 1227 est
741 1195 894 1227 tamen:
926 1201 1015 1226 nam
1036 1201 1080 1225 re
1092 1186 1180 1238 ipsa
1203 1184 1450 1238 Pythagoras
1473 1198 1570 1223 con-

34 1246 238 1286 sideratur
261 1245 329 1285 hic
350 1252 397 1285 ut
420 1246 624 1299 antiquior
648 1252 688 1285 et
708 1261 728 1284 a
755 1245 981 1284 narratione
999 1243 1209 1286 remotior.
1241 1255 1482 1284 cArrssaoNN.

150 1300 251 1358 Pssg.
285 1307 415 1354 1108,
448 1307 514 1347 18.
576 1304 653 1352 Εἰς
677 1301 752 1356 τήν
778 1299 854 1344 ’ὑπ’
875 1299 1054 1357 ου’ρανόν
1081 1318 1117 1342 κ.
1136 1299 1194 1352 λ.]
1238 1299 1418 1339 Difficilis
1448 1306 1487 1357 et
1510 1299 1569 1338 in-

35 1359 206 1400 tricatus
225 1360 326 1400 mihi
353 1361 464 1400 visus
488 1367 547 1400 est
576 1362 690 1400 locus
709 1362 798 1401 iste.
842 1361 921 1399 Pro
948 1357 1054 1412 ὑπὸ,
1083 1359 1161 1410 legi
1184 1357 1301 1411 ὑπέρ.
1343 1358 1491 1395 Forsan
1516 1358 1571 1395 le-

36 1417 209 1470 gendum
231 1414 498 1473 ἐπουράνιον,
530 1419 638 1471 quod
672 1419 781 1471 apud
812 1419 969 1457 Platon.
1000 1418 1166 1470 Apolog.
1196 1418 1348 1454 Socrat.
1375 1414 1571 1465 significat

36 1491 158 1529 supra
176 1475 306 1516 coelos
323 1477 516 1530 positum,
547 1483 615 1517 aut
633 1473 941 1530 ὖπερουράνιον
956 1475 1095 1514 eodem
1116 1487 1249 1514 sensu.
1299 1471 1389 1511 Alia
1411 1485 1571 1523 quoque

36 1532 161 1571 huius
182 1532 262 1573 loci
289 1541 426 1587 potest
443 1534 721 1587 interpretatio
747 1534 880 1572 afferri
907 1532 1017 1571 hunc
1037 1532 1079 1571 in
1100 1532 1287 1570 modum:
1313 1536 1355 1569 at
1375 1530 1570 1580 Palamas,

39 1604 129 1629 cum
148 1604 190 1629 se
219 1591 409 1645 principii
434 1599 637 1645 expertem
667 1597 706 1630 et
725 1591 828 1630 nulli
849 1590 1021 1643 imperio
1042 1590 1248 1628 subditum
1274 1589 1361 1639 lege
1381 1587 1571 1625 inusitata

38 1648 336 1699 constituisset,
366 1649 485 1688 rebus
509 1648 584 1689 sub
615 1650 729 1688 coelo
764 1648 904 1701 positis
925 1647 1032 1686 hanc
1066 1652 1303 1701 potestatem
1335 1645 1495 1692 tribuit,
1525 1650 1572 1683 ut

38 1707 216 1745 increata
236 1707 321 1746 fieri
342 1707 497 1760 possint
523 1720 784 1759 quaecunque
805 1707 847 1744 in
871 1710 984 1756 aere,
1014 1713 1145 1753 terra,
1178 1710 1217 1743 et
1243 1702 1379 1756 aquis,
1420 1701 1571 1741 entium

41 1777 187 1816 genera
210 1765 452 1804 consistunt.
495 1778 739 1805 CAPPERONN.

160 1824 256 1877 Pag.
287 1825 418 1872 1108,
442 1826 511 1865 20.
577 1819 658 1875 Τῆς
683 1817 956 1874 ἀναισθησίας
977 1823 1059 1861 τῶν
1080 1816 1312 1871 ἑπομένων]
1344 1817 1410 1855 Sic
1431 1823 1572 1870 postea

42 1882 125 1933 φεῦ
150 1884 224 1934 τῆς
244 1883 327 1921 τῶν
357 1879 566 1934 ἑπομένων
595 1876 801 1932 εὐηθείας.
860 1879 939 1917 Sed
967 1892 1083 1930 saepe
1107 1876 1249 1915 Graeci
1271 1876 1574 1927 subintelligunt

42 1941 125 1991 φεῦ
146 1944 186 1977 et
205 1935 249 1978 cli.
281 1938 430 1977 Dicunt
447 1940 521 1991 τῆς
545 1934 693 1991 τύχης]
726 1935 763 1976 O
783 1935 940 1991 qualem
951 1933 1196 1990 fortunam!
1223 1940 1297 1973 etc.
1329 1947 1572 1973 cari-anona.

158 1994 259 2049 Pag·
292 1998 421 2045 1109,
452 1998 491 2038 6.
531 1993 582 2038 Τό
613 1998 687 2047 τῆς
714 1994 902 2047 Λαμίας]
948 1995 1003 2033 De
1033 1992 1178 2032 Lamiis
1208 1991 1360 2043 duplex
1395 1991 1574 2030 occurrit

43 2053 162 2092 locus
183 2053 227 2091 in
252 2067 455 2093 sacrarum
482 2053 782 2106 Scripturarum
802 2052 988 2092 versione
1014 2051 1186 2102 vulgata.
1246 2049 1358 2088 Alter
1384 2049 1474 2090 Isai.
1501 2048 1572 2092 34.

41 2111 102 2150 ibi
123 2109 282 2150 cubavit
300 2110 464 2151 Lamia.
496 2111 618 2150 Hebr.
637 2106 746 2151 1111115
770 2110 879 2162 quod
901 2114 1065 2149 vertunt
1084 2108 1125 2149 οἱ
1139 2107 1262 2145 LXX.
1277 2103 1571 2158 ὀνοκένταυροι.

43 2168 270 2220 Symmach.
290 2168 442 2220 λαμίαι,
472 2169 540 2207 alii
559 2169 678 2207 strix.
719 2166 833 2207 Alter'
858 2173 918 2207 est
945 2167 1087 2206 lerem.
1106 2164 1300 2204 Threnor.
1329 2163 1370 2205 4.
1403 2164 1576 2202 Lamiae

46 2224 291 2265 nudaverunt
323 2241 529 2266 mammas.
582 2225 704 2264 Hebr.
726 2235 805 2277 vnn
826 2225 935 2277 quod
955 2225 998 2266 οἱ
1015 2224 1139 2263 LXX.
1162 2228 1324 2261 vertunt
1344 2218 1572 2274 δράκοντες,

47 2283 116 2322 alii
138 2293 257 2331 cetos,
289 2283 358 2322 alii
375 2293 586 2337 serpentes,
614 2282 657 2322 ¹et
676 2297 770 2322 sane
797 2282 876 2322 hoc
897 2282 1056 2322 nomine
1079 2287 1348 2320 monstrosum
1369 2278 1574 2332 quoddam

47 2341 192 2379 animal
215 2341 417 2392 designari
441 2354 576 2380 omnes
602 2340 789 2381 fatentur.
851 2340 908 2379 De
935 2340 1075 2378 iisdem
1099 2337 1244 2376 Lamiis
1272 2338 1388 2390 plura
1412 2339 1574 2375 narrant

46 2397 210 2451 profani
240 2399 474 2452 scriptores.
533 2397 775 2437 Plutarchus
810 2397 923 2436 initio
952 2397 1049 2436 libri
1078 2396 1127 2435 de
1161 2395 1414 2443 curiositate,
1454 2392 1497 2433 ἒν
1519 2391 1576 2446 τῷ

47 2452 173 2512 μύθῳ
194 2454 269 2509 τήν
289 2457 457 2509 Λαμίαν
483 2455 666 2509 λέγουσιν
696 2455 800 2496 οἴκοι
823 2453 896 2507 μὲν
925 2451 1058 2496 εὕδειν
1092 2453 1208 2506 [male
1230 2453 1272 2491 in
1295 2451 1414 2490 editis
1442 2446 1572 2506 ᾄδειν]

47 2510 229 2565 τυφλήν,
258 2513 302 2555 ἒν
325 2511 471 2570 ἀγγείῳ
490 2512 571 2554 τινὶ
590 2510 685 2562 τούς
705 2509 946 2564 ὀφθαλμοῦς
975 2511 1141 2564 ἔχουσαν
1159 2507 1469 2561 ἀποκειμένους·
1500 2505 1575 2553 ἔξω

49 2568 94 2611 δὲ
117 2574 345 2624 προϊοῦσαν
375 2572 660 2626 περιτίθεσθαι
691 2570 813 2623 [male
842 2571 884 2608 in
906 2569 1026 2609 editis
1055 2564 1371 2617 οἷποτίθεσθαι],
1401 2563 1470 2605 καὶ
1490 2559 1574 2615 βλέ-

46 2643 152 2669 πειν.
219 2628 309 2668 Hoc
340 2635 420 2679 est,
458 2629 502 2667 in
531 2628 678 2667 fabulis
709 2629 836 2666 fertur
862 2628 1037 2666 Lamiam
1074 2625 1183 2665 domi
1207 2623 1369 2675 quidem
1400 2620 1575 2660 dormire

49 2699 222 2732 caecam,
255 2686 381 2725 oculis
400 2687 439 2725 in
463 2686 638 2739 quodam
659 2685 825 2724 vasculo
846 2680 1046 2738 repdsitis‚
1078 2690 1118 2722 at
1135 2681 1232 2721 foris
1250 2693 1459 2731 egressam,
1480 2689 1576 2716 suos

51 2743 129 2781 sibi
153 2743 290 2781 oculos
311 2744 501 2794 inserere,
533 2750 571 2782 et
590 2743 741 2783 videre.
799 2742 1066 2781 Philostratus
1084 2740 1134 2778 de
1152 2739 1232 2778 vita
1250 2736 1453 2790 Apollonii
1474 2736 1577 2786 'sya-

50 2800 140 2838 naei
159 2800 229 2842 lib.
251 2802 319 2839 IV.
341 2815 429 2855 cap.
454 2805 495 2845 8.
524 2802 669 2855 λαμίας
687 2801 793 2839 inter
811 2797 859 2840 τὰ
880 2796 1093 2852 φάσματα,
1121 2796 1164 2835 id
1184 2801 1245 2835 est
1266 2804 1420 2848 spectra
1439 2804 1578 2831 nume-

50 2864 125 2897 rat.
185 2857 248 2897 lbi
279 2858 430 2913 quippe
457 2858 580 2910 dicit,
617 2858 795 2912 Menippi
833 2855 1041 2898 cuiusdam
1072 2866 1255 2908 sponsam
1294 2851 1419 2892 fuisse
1457 2860 1578 2890 unam
