1794 3172
238 103 349 164 ³768
661 117 976 164 NICEPHORI
1005 114 1330 161 GREGORAE

31 236 130 271 AM.
148 237 241 273 6855
254 232 324 276 τὸν
341 233 555 285 Παλαμᾶν
588 225 885 271 οἳκειώσασθαί
918 242 962 268 τε
994 226 1065 268 καὶ
1097 228 1210 281 σφᾶς
1240 222 1335 267 κατ’
1361 223 1512 268 ἐκείνου
1533 228 1734 282 λαμπρῶς

76 285 145 320 Ιηᾱ·
159 285 292 365 1⁵13&-
312 301 360 344 τὸ
392 296 682 357 κραταιότερον
710 295 964 339 ἇνθοπλίσαι
978 326 992 347 ,
1027 293 1184 349 πολλὴν
1210 292 1253 336 ἐκ
1279 297 1435 337 πολλοῦ
1456 293 1553 337 κατ’
1583 295 1732 337 ἐκείνου

252 371 481 428 τρέφοντας
501 368 543 411 ἓν
563 371 614 424 τῇ
645 369 760 423 ψυχῇ
787 363 861 419 τὴν
889 361 1162 418 βλάπτουσαν
1184 360 1317 420 ὁρμὴν
1351 363 1420 406 διὰ
1452 363 1528 419 τὴν
1555 368 1631 406 τοῦ
1660 361 1734 407 τό-
1786 393 1789 396 <

252 457 335 496 μου
355 435 592 481 κατάλυσιν.
648 433 740 494 (Β.)
771 433 881 476 Ἐπεὶ
901 432 947 475 δ’
969 431 1107 487 ἔτυχεν
1126 432 1168 474 ἓν
1185 435 1261 493 μιᾷ
1282 436 1365 476 τῶν
1387 431 1500 484 ἔντός
1516 434 1735 488 βασιλείων

254 509 391 566 εἱρκτῇ
419 506 585 560 δέσμιον
617 504 661 546 ἐκ
688 506 843 547 πολλοῦ
872 500 1104 557 κατέχουσα
1131 504 1370 557 Παλαμᾶν,
1408 499 1464 552 ὥς
1494 503 1570 558 μὲν
1599 502 1764 559 ἕμοιγεὸ

254 578 417 622 οἴεσθαι
436 571 487 631 ἦν
497 607 511 628 ,
542 572 611 616 διὰ
631 572 706 629 τὴν
725 573 766 622 ἐς
793 570 1139 627 Καντακουζηνὸν
1169 571 1320 614 ἐκείνου
1343 572 1506 629 φιλίαν·
1544 569 1599 622 ὥς
1617 573 1662 614 δὲ
1683 572 1736 615 τὰ

253 646 357 704 πρὸς
391 645 542 699 ἐκείνης
574 641 663 697 ἅμα
697 643 764 685 καὶ
790 645 864 684 τοῦ
894 640 1013 690 υῗέως
1050 638 1199 696 ἐδήλου
1232 641 1481 699 πεμφθέντα
1513 645 1739 694 βασιλικῶς

218 712 591 771 Οὲνσεσημασμένα
615 709 840 769 γράμματα
874 709 978 767 πρὸς
1009 710 1110 760 τούς
1137 711 1180 754 ἐν
1202 714 1260 769 τῷ
1271 709 1390 769 Ἄθῳ
1423 714 1482 770 τῷ
1504 709 1587 767 ὄρει
1603 708 1738 766 μονά-

256 787 400 834 ζοντας
424 782 606 839 ἄνδρας,
643 780 712 823 διὰ
740 780 816 835 τὴν
843 783 927 822 τῶν
956 776 1175 836 δογμάτων
1197 781 1488 835 καινοτομίαν,
1521 779 1573 836 ’ἢν
1598 781 1640 831 ἐς
1661 780 1739 837 τὴν

256 858 332 899 τοῦ
359 856 463 896 θεοῦ
493 849 808 907 παρεισενεγκών
844 847 971 899 αὐτὸς
1012 850 1229 906 ἐκκλησίαν
1269 854 1470 900 κυκεῶνος
1510 852 1579 893 καὶ
1616 849 1740 907 ζάλης
1753 857 1794 894 10

257 921 467 980 ἐπλήρωσε
500 919 656 976 ταύτην
681 922 867 977 μακροῦ·
905 917 1010 976 πρὸς
1033 917 1143 962 ἅπαν
1166 917 1247 975 ἤδη
1269 918 1346 975 τὴν
1372 917 1539 976 γνώμην
1558 937 1740 978 περιφα-

257 997 340 1043 νῶς
367 989 579 1047 μετήνεγκε
606 989 653 1032 τὸ
680 989 928 1042 ἀντίπαλον,
963 989 1032 1030 καὶ
1061 992 1241 1047 συνεργῷ
1261 987 1371 1031 κατὰ·
1386 992 1460 1032 τοῦ
1481 987 1739 1047 πατριάρχου

231 1075 233 1077 ’
258 1061 448 1119 κέχρηται
466 1057 626 1118 τούτῳ,
663 1059 729 1101 καὶ
759 1062 898 1101 πᾶσαν
929 1056 1135 1112 εὐμένειαν
1164 1056 1300 1117 τούτῳ
1331 1059 1561 1116 χαρίζεται,
1601 1057 1677 1115 τήν
1698 1076 1742 1103 τε

258 1133 349 1187 περὶ
371 1130 423 1174 τὰ
445 1126 630 1186 δόγματα
659 1125 824 1184 γνώμην
849 1127 1000 1170 ἐκείνου
1031 1132 1217 1185 κυροῦσα
1246 1129 1316 1170 καὶ
1347 1135 1437 1178 ταῖς
1457 1128 1611 1171 ἐκείνου
1631 1132 1741 1184 λαμ-

217 1204 374 1258 Βπρῶς
401 1198 576 1255 ἀγομένη
609 1201 806 1252 βουλαῖς,
838 1195 1032 1253 καθάπερ
1063 1194 1239 1247 ὁλκάδος
1268 1197 1422 1251 ἱστίον,
1457 1194 1580 1241 ὁπότε
1606 1196 1743 1254 βίαιός
1754 1210 1794 1246 15

259 1286 321 1320 τις
340 1270 408 1312 καὶ
428 1268 622 1326 ῥαγδαῖος
653 1265 805 1323 ἀνέμου
833 1263 1118 1325 καταῤῥεύσειε
1150 1264 1309 1324 δρόμος
1317 1299 1331 1321 ,
1363 1266 1526 1311 ἄνωθέν
1546 1272 1679 1311 ποθεν
1701 1269 1744 1320 ἐξ

134 1339 462 1397 ν.39οἇρκτικῶν
491 1334 729 1395 ἀκροτήτων
755 1335 1038 1395 καταρραγείς.
1094 1334 1186 1396 (Γ.)
1220 1334 1404 1394 Διόπερ,
1440 1335 1578 1395 ὥσπερ
1610 1335 1743 1394 πύλης

228 1418 230 1423 ’
258 1406 413 1458 πόλεως
441 1406 663 1466 ἅνεῳγυιάς
690 1405 772 1462 ἤδη
795 1412 882 1456 τοῖς
905 1405 1116 1461 πολεμίοις
1137 1410 1394 1464 περιφανῶς,
1438 1405 1657 1463 δογμάτων
1675 1409 1744 1450 καὶ

224 1471 227 1473 μ
257 1475 396 1532 νόμων
419 1475 565 1532 ἀνέδην
590 1475 811 1531 εἷσεχέοντο
843 1473 1070 1529 κλύδωνες,
1114 1477 1182 1519 καὶ
1207 1476 1443 1535 παῤῥησίαν
1482 1471 1610 1527 αὖθις
1636 1474 1744 1533 εἶχον

228 1554 230 1556 ’
260 1547 477 1603 εἶσαγωγαὶ
499 1549 782 1604 καινοφωνιῶν
793 1579 808 1600 ,
841 1547 909 1588 καὶ
926 1542 1117 1603 θόρυβος
1141 1544 1223 1588 ἀνὰ
1240 1550 1379 1589 πᾶσαν
1400 1546 1547 1604 ἐφοίτα
1564 1546 1640 1602 τὴν
1663 1544 1743 1590 πό-
1753 1557 1794 1594 20

260 1620 346 1669 λιν,
382 1615 763 1673 ἂντιφθεγγομὲνων
788 1612 1017 1659 ἐπισκόπων
1036 1616 1104 1658 καὶ
1124 1605 1436 1673 πρεσβυτέρων,
1461 1616 1530 1658 καὶ
1552 1614 1641 1660 ὅσοι
1658 1621 1743 1671 βα-

223 1686 384 1735 Εθ·ειάς
401 1684 469 1728 διὰ
495 1685 642 1743 φρενὸς
661 1685 914 1742 ἐκαρποῦντο
946 1684 1023 1735 τὰς
1045 1688 1119 1740 τῆς
1145 1685 1298 1742 σοφίας
1329 1683 1526 1735 αὔλακας.
1565 1686 1634 1728 καὶ
1656 1683 1742 1740 μά-

259 1772 332 1809 χαι
363 1754 431 1797 διά
463 1758 597 1797 ταῦτα
627 1756 698 1798 καὶ
728 1754 857 1812 ἔριδες
884 1752 1112 1813 ἀνεφύοντο
1134 1761 1311 1810 συνεχεῖς
1338 1754 1437 1798 κατ’
1461 1752 1651 1810 ἀλλήλων
1673 1757 1743 1798 καὶ

264 1823 322 1866 δι’
348 1821 556 1880 ἀλλήλων·
594 1825 662 1867 καὶ
692 1821 719 1881 ’ἦ
743 1822 1006 1883 ὑπερηφανία
1031 1828 1107 1881 τῆς
1133 1825 1278 1874 κακίας
1307 1824 1371 1868 ἐπὶ
1397 1823 1588 1882 μέγιστον
1604 1823 1743 1881 ῦψους

264 1977 331 2012 sibi
347 1977 506 2014 Palamae
525 1984 715 2017 sectatores
734 1981 951 2028 adiungeret,
969 1993 1098 2029 eosque
1114 1981 1284 2017 adversus
1301 1981 1532 2027 patriarcham
1549 1980 1669 2016 maiori
1686 1992 1744 2019 ro-

266 2025 350 2058 bore
373 2025 484 2070 palam
510 2034 674 2071 armaret,
698 2029 835 2064 multam
855 2029 1056 2075 iampridem
1079 2029 1116 2064 in
1142 2040 1217 2063 eum
1239 2030 1369 2064 alentes
1395 2028 1506 2063 animo
1534 2028 1745 2063 malevolen-

266 2070 348 2105 tiam
373 2076 514 2117 propter
541 2075 644 2108 Tomi
676 2075 731 2109 sui
749 2076 1009 2111 damnationem.
1057 2076 1143 2121 (ΙΙ.)
1166 2076 1253 2110 Cum
1272 2075 1382 2120 igitur
1400 2075 1573 2110 Palamam
1591 2076 1745 2110 vinctum

265 2115 302 2151 in
324 2118 468 2163 quodam
491 2120 610 2164 palatii
629 2133 767 2157 carcere
786 2127 922 2157 teneret
940 2123 1154 2164 iamdudum,
1179 2134 1220 2156 eo
1239 2122 1353 2168 quod,
1377 2126 1416 2156 ut
1432 2122 1513 2156 mihi
1534 2121 1671 2168 quidem
1689 2122 1746 2156 vi-

265 2162 430 2205 debatur,
454 2166 627 2201 studiosus
653 2173 746 2202 esset
765 2169 824 2203 ille
846 2169 1099 2212 Cantacuzeni3
1124 2173 1162 2204 ut
1183 2174 1294 2204 autem
1312 2180 1375 2204 eac
1397 2169 1538 2203 litterae
1556 2168 1745 2209 declarant,

215 2223 217 2225 ·
265 2220 375 2255 quae,
400 2210 512 2255 sigillo
530 2212 749 2257 imperatorio
766 2216 940 2258 munitae,
964 2217 1008 2251 ab
1028 2227 1069 2250 ea
1087 2221 1123 2251 et
1147 2216 1222 2251 eius
1247 2216 1317 2250 fiiio
1342 2216 1386 2250 ad
1411 2216 1536 2250 montis
1558 2215 1648 2249 Atho
1671 2225 1744 2249 mo·-

266 2256 393 2291 nachos
420 2257 545 2292 missae
575 2265 656 2294 sunt
679 2266 822 2306 propter
843 2275 931 2297 nova
947 2262 1125 2308 dogmata,
1153 2274 1242 2308 quae
1261 2262 1319 2297 ille
1343 2263 1380 2296 in
1399 2262 1464 2296 Dei
1490 2261 1668 2297 ecclesiam
1689 2261 1744 2295 in-

210 2309 212 2315 ·
265 2308 426 2345 vexerat,
458 2305 634 2339 turbarum
665 2308 788 2342 exinde
817 2309 951 2354 plenam
980 2313 1291 2355 tempestatumque
1321 2307 1562 2350 maximarum3
1596 2307 1745 2342 animum

266 2354 386 2395 aperte
412 2351 527 2384 statim
554 2354 729 2387 transtulit
754 2354 803 2395 ad,
820 2356 1025 2390 contrariam
1050 2356 1183 2391 omnino
1200 2355 1423 2397 sententiam,
1448 2366 1556 2400 eoque
1577 2354 1743 2388 adversus

266 2395 499 2441 patriarcham
528 2398 686 2432 adiutore
711 2411 771 2434 usa
798 2405 873 2444 est,
906 2407 942 2436 et
963 2414 1094 2437 omnem
1119 2403 1366 2448 ipsifavorem
1387 2401 1549 2442 indulsit3
1572 2400 1624 2434 ita
1646 2405 1686 2434 ut
1708 2402 1745 2434 et

267 2442 342 2476 eius
360 2442 404 2477 de
421 2443 596 2489 theologia
614 2445 789 2490 opiniones
807 2447 1042 2491 confirmaret,
1066 2455 1102 2484 et
1118 2449 1226 2495 ipsius
1245 2447 1395 2483 consiliis
1413 2447 1522 2493 palam
1540 2451 1744 2492 regeretur;

266 2492 426 2536 tanquam
454 2489 569 2524 velum
590 2490 626 2525 in
651 2491 753 2534 navi,
778 2504 854 2527 cum
873 2496 916 2528 ab
934 2500 1088 2530 extrema
1108 2498 1212 2531 Arcto
1236 2499 1359 2529 ventus
1383 2494 1540 2529 alicunde
1564 2505 1744 2539 erumpens

267 2534 439 2582 vielentus
459 2537 668 2583 rapidusque
684 2538 842 2573 incurrit.
881 2541 981 2586 (ΙΙΙ.)
999 2542 1134 2588 Itaque,
1153 2541 1251 2588 quasi
1269 2541 1363 2576 urbis
1384 2547 1486 2587 porta
1504 2552 1595 2574 nunc
1613 2540 1745 2574 demum

268 2581 423 2616 hostibus
447 2584 586 2628 publice
608 2585 801 2629 patefacta,
824 2585 933 2620 insani
954 2589 1151 2633 dogmatum
1172 2592 1208 2624 et
1227 2588 1462 2622 institutorum
1481 2586 1606 2626 fluctus
1633 2586 1747 2621 effuse

266 2626 520 2674 irrumpebant,
546 2634 582 2665 et
602 2630 836 2676 impunitatem
855 2643 988 2668 rursum
1014 2636 1187 2670 habebant
1211 2646 1300 2670 nova
1319 2634 1514 2680 opinionum
1538 2636 1746 2675 commenta3

268 2686 310 2709 ac
329 2679 436 2729 totam
463 2676 582 2712 urbem
607 2677 773 2712 tumultus
790 2681 1066 2723 pervagabatur,
1090 2681 1354 2717 reclamantibus
1372 2680 1546 2726 episcopis
1570 2684 1607 2715 et
1623 2691 1747 2714 sacer-

267 2722 424 2764 dotibus,
449 2726 486 2756 et
506 2723 699 2769 quicunque
716 2723 918 2769 sapientiam
939 2726 1048 2762 animo
1070 2728 1173 2762 altius
1193 2728 1331 2762 infixam
1348 2727 1568 2768 fruebantur3
1592 2737 1747 2772 pugnae-

269 2779 335 2814 que
354 2768 435 2804 inde
453 2775 489 2804 et
509 2770 690 2805 continuae
709 2771 952 2823 altercationes
973 2773 1065 2808 ultro
1085 2774 1240 2821 citroque
1257 2774 1522 2810 exoriebanturz
1544 2772 1747 2820 improbita-
