1794 3172
228 131 332 180 900
633 138 952 186 NICEPHORI
982 138 1308 188 GREGORAE

7 258 44 292 A.
62 258 108 307 Μ.
126 258 218 296 6859
230 245 467 306 λαθόμενος
493 246 643 293 ἑαυτοῦ
670 250 740 293 καὶ
766 253 851 294 τῶν
875 247 1008 308 ὅρκων
1035 251 1195 296 ἐκείνων
1206 285 1221 307 ,
1259 253 1329 297 καὶ
1349 248 1456 313 μήτε
1476 257 1552 297 τοῦ
1574 250 1718 306 ξυνόν-

60 305 169 342 1¹¹⁶·4
191 337 305 387 Οτος
337 317 531 376 πλήθους
564 318 613 363 τὸ
654 319 840 370 συνειδὸς
872 317 977 376 μήτε
1010 320 1088 372 τὰς
1119 326 1195 378 τῆς
1229 321 1395 380 γνώμης
1429 323 1580 382 κρίσεις
1613 322 1720 376 ὅλως

233 390 442 439 αἰδεσθεὶς
462 389 650 443 ἐκείνων,
689 388 759 447 ἐφ’
791 386 853 440 οἷς
883 387 1072 446 ἡλίσκετο
1105 390 1222 446 μάλα
1253 393 1320 436 ἐπ’
1348 390 1585 453 αὐτοφώρῳ
1612 405 1718 449 ψευ-

179 516 183 521 k
227 456 401 514 δόμενός
427 475 471 502 τε
506 460 575 502 καὶ
606 458 770 503 ἀδικῶν.
820 457 947 514 ὃμὲν
975 460 1053 518 γὰρ
1083 455 1160 517 ἦν,
1200 461 1275 506 οὗκ
1303 458 1378 519 ἦν·
1418 461 1440 506 ὂ
1477 462 1522 506 δ’
1554 462 1629 507 οὐκ
1650 459 1716 520 ἦν,

226 524 278 586 ἦν
293 542 305 555 ·
341 527 433 571 ἀντὶ
449 528 525 583 μὲν
546 528 774 582 βασιλέως,
807 526 1010 586 τύραννος
1030 528 1284 589 ἀκραιφνής·
1322 532 1414 577 ἀντὶ
1434 533 1480 576 δὲ
1501 534 1747 587 δικαστοῦ,5

228 595 460 654 κατήγορος
488 599 556 640 καὶ
587 596 764 654 διώκτης
791 596 911 654 ἡμῶν
946 598 1276 658 ἀπροφάσιστος.
1321 600 1456 653 οὕτως
1485 603 1720 660 ἐγκαταλει-

228 668 353 725 φθεὶς
380 666 462 710 ἀπὸ
493 671 569 723 τῆς
592 672 668 711 τοῦ
695 672 799 712 θεοῦ
822 670 956 720 δεξιᾶς
982 666 1288 729 ὅταλαίπωρος
1322 672 1462 728 ἐξέστη
1495 689 1539 716 τε
1569 670 1720 715 ἑαυτοῦ

190 738 301 783 Βκαὶ
322 743 408 788 τοῖς
441 734 593 795 δρῶσιν
627 736 804 795 ἄθυρμα
840 738 1034 797 λαμπρὸν
1066 740 1217 796 ἐγίνετο
1253 740 1357 799 πρός
1389 759 1434 785 τε
1454 746 1530 785 τοῦ
1560 740 1719 800 τρόπου

228 804 333 866 πρός
355 823 399 850 τε
418 810 502 850 τῶν
520 804 654 864 λόγων
681 810 750 851 καὶ
771 806 860 863 ἅμα
884 812 960 852 τοῦ
980 808 1279 867 μειρακιώδους
1299 811 1438 868 ἤθους
1456 812 1623 856 ἐκείνου.

185 897 220 933 Ε
335 886 382 941 ζ’.
414 887 529 931 Ἀλλ’
552 887 767 947 ἐπειδήπερ
788 890 828 933 οἳ
853 891 1044 946 πλείους,
1083 895 1410 951 φιλιστοροῦσαν
1431 895 1500 936 καὶ
1522 891 1721 951 φιλήκοον
1733 898 1778 934 10

227 957 462 1014 κεκτημένοι
480 958 624 1014 ψυχὴν
636 993 649 1012 ,
687 956 832 1017 πρόσω
852 959 954 1004 ἴέναι
976 958 1087 1016 ἡμᾶς
1105 960 1182 1004 οὐκ
1202 963 1297 1006 ἐῶσι
1307 996 1322 1017 ,
1359 964 1456 1021 πρὶν
1485 963 1527 1014 ἐς
1556 961 1723 1021 εὐρύτε-

229 1044 305 1085 ρον
343 1027 419 1083 τὴν
458 1031 542 1072 τῶν
569 1029 653 1071 ἐκεῖ
679 1034 934 1087 παραθεῖναι
971 1031 1241 1087 λαληθέντων
1272 1049 1316 1075 τε
1345 1034 1414 1075 καὶ
1446 1033 1722 1090 πραχθέντων

229 1094 436 1154 ἀφήγησιν
445 1130 459 1150 ,
504 1095 734 1155 ὖπόδειγμα
780 1103 839 1158 τῷ
870 1101 950 1159 βίῳ
985 1101 1171 1157 χρηστὸν
1207 1101 1440 1159 ἀθλητικῆς
1475 1100 1718 1156 ἔνστάσεως,

230 1168 299 1209 καὶ
323 1164 385 1218 οἷς
413 1164 516 1224 ὖπὲρ
545 1171 630 1211 τῶν
659 1169 785 1212 θείων
809 1168 938 1212 ἔνεστι
969 1168 1186 1226 δογμάτων
1213 1169 1399 1228 ζώπυρον
1425 1177 1571 1229 καιροῦ
1599 1173 1722 1215 καλέ-
1772 1227 1780 1234 Ν

229 1252 382 1287 σαντος
402 1236 712 1293 ἀγωνίσασθαι·
751 1239 874 1296 φέρε,
913 1239 990 1290 τὰς
1006 1244 1085 1295 τῆς
1110 1245 1292 1298 κεφαλῆς
1311 1240 1543 1299 ἀλγηδόνας
1562 1242 1605 1284 ἓν
1627 1244 1720 1285 δευ-
1736 1248 1778 1285 15

228 1306 335 1364 τέρῳ
371 1310 448 1362 τῆς
484 1311 568 1350 τῶν
612 1309 844 1366 φιλαρέτων
891 1308 1055 1366 ἀνδρῶν
1096 1310 1274 1368 ἐφέσεως
1315 1312 1484 1367 θέμενοι
1526 1312 1719 1369 λέγωμεν,

77 1383 116 1417 Ρ.
136 1382 206 1419 567
232 1373 388 1419 ὁπόσον
411 1374 545 1427 οὕτως
568 1376 730 1433 ἔχουσιν
755 1377 921 1436 ἐφικτὸν
949 1377 1000 1422 ἂν
1031 1379 1105 1436 εἴη.
1156 1382 1191 1423 εἴ
1211 1380 1290 1437 γὰρ
1312 1378 1436 1437 ὗγιῶς
1459 1380 1620 1436 ἔχουσιν
1647 1381 1722 1423 οὐκ

232 1443 284 1488 ἄν
306 1463 406 1489 ποτε
428 1445 584 1502 γένοιτο
615 1448 740 1504 λέγειν
760 1445 922 1505 ἀθρόον
945 1447 1108 1492 ἅπαντα
1132 1448 1400 1504 συνελόντας,
1440 1455 1570 1509 σχολῇ
1597 1450 1638 1507 γ’
1671 1450 1722 1494 ἂν

232 1514 293 1570 εἴη
326 1513 489 1571 δήπου,
527 1518 595 1560 καὶ
622 1515 762 1576 χρόνῳ
796 1519 865 1561 καὶ
902 1522 1085 1576 κεφαλῆς
1124 1517 1323 1576 ἀλγηδόσι
1355 1518 1605 1573 τοσαύταις,
1653 1522 1723 1563 καὶ

230 1583 321 1639 ἅμα
353 1591 443 1636 ταῖς
475 1589 551 1629 νῦν
578 1585 952 1645 παρεισπεσούσαις
981 1587 1049 1630 διὰ
1071 1587 1147 1644 τὴν
1166 1593 1250 1632 τῶν
1277 1587 1496 1646 δογμάτων
1528 1606 1719 1633 καινοτο-
1732 1599 1780 1636 20

229 1655 330 1709 μίαν
361 1652 512 1705 λύπαις
549 1657 862 1712 δαπανωμένοις
871 1690 884 1711 ,
924 1657 1051 1714 λέγειν
1083 1656 1251 1702 ἅπαντα
1283 1659 1380 1703 κατ’
1414 1659 1528 1715 ἲβςνος
1558 1657 1721 1710 ἰόντας·

77 1727 123 1763 V.
141 1725 210 1766 459
230 1722 297 1768 ὅτε
319 1721 399 1784 γάρ
420 1742 493 1781 μοι
513 1726 618 1785 πρὸς
636 1726 864 1786 εὐρωστίαν
884 1721 928 1771 εὖ
945 1727 1168 1786 πεφυκέναι
1188 1729 1282 1786 ἐνῆν
1301 1728 1379 1787 τὴν
1401 1733 1486 1773 τῶν
1512 1731 1724 1786 αἰσθητη-

324 1847 384 1883 22.
405 1846 478 1882 Pro
501 1844 564 1886 ὅτε
581 1848 763 1895 legebatur
781 1846 823 1893 ὃ,
847 1849 947 1886 Boiv.
966 1849 1056 1885 coni.
1077 1843 1121 1897 ᾦ.

234 1949 336 1997 quasi
357 1963 480 1997 nempe
499 1951 551 1987 sui
571 1952 682 1999 ipsius
698 1955 734 1987 et
753 1953 994 1999 praestitorum
1011 1953 1279 1989 iuramentorum
1296 1954 1388 1989 foret
1408 1952 1557 1998 oblitus,
1579 1965 1644 1989 nee
1659 1954 1724 1990 ho-

232 1998 379 2040 minum,
404 1998 463 2044 qui
492 1998 573 2034 illuc
596 1999 694 2034 multi
717 2005 968 2043 convenerant,
1001 2001 1265 2044 conscientiam,
1288 2012 1351 2036 nec
1377 2001 1488 2036 tacita
1506 2000 1638 2035 iudicia
1663 2013 1723 2036 re·-

233 2049 417 2079 vereretur
438 2045 593 2089 illorum,
618 2057 731 2081 coram
750 2047 876 2092 quibus
895 2047 929 2081 in
947 2047 1127 2082 manifesto
1148 2047 1279 2082 scelere
1296 2047 1534 2093 deprehensus
1552 2047 1723 2082 mendacii

233 2094 272 2126 et
294 2090 488 2136 iniquitatis
514 2098 733 2138 argueretur.
788 2093 880 2128 Nam
905 2093 964 2128 ille
990 2094 1026 2128 id
1054 2095 1147 2140 quod
1175 2099 1271 2136 erat,
1294 2094 1430 2128 minime
1449 2097 1545 2136 erat3
1569 2099 1605 2128 et
1627 2095 1722 2139 quod

233 2148 302 2172 non
321 2140 408 2180 erat,
431 2137 468 2172 id
487 2138 595 2184 ipsum
608 2151 647 2174 re
658 2151 743 2174 vera
764 2143 852 2182 erat,
877 2151 939 2186 pro
958 2140 1167 2186 imperatore
1183 2152 1296 2176 merus
1317 2145 1499 2185 tyrannus,
1525 2151 1587 2185 pro
1606 2140 1722 2176 iudice

234 2189 421 2223 accusator
437 2190 553 2220 noster
571 2191 607 2221 et
627 2186 870 2221 inexcusabilis
891 2194 1105 2232 persecutor.
1153 2188 1249 2223 Adeo
1268 2187 1386 2222 infelix
1405 2187 1486 2230 ille,
1511 2187 1629 2221 diviua
1655 2199 1723 2234 ope

234 2229 443 2273 destitutus,
475 2231 519 2266 de
545 2244 607 2266 suo
633 2238 727 2268 statu
756 2231 967 2276 declinavit,
1001 2239 1037 2268 et
1064 2234 1339 2282 spectatoribus,
1373 2245 1448 2268 cum
1472 2234 1515 2268 ob
1549 2233 1723 2279 ingenium

234 2280 308 2312 tum
333 2278 377 2312 ob
408 2289 583 2313 sermones
604 2283 642 2313 et
665 2279 849 2315 iuvenilem
876 2280 969 2315 illum
989 2293 1136 2324 morem,
1170 2281 1344 2328 publicum
1364 2280 1547 2315 ludibrium
1575 2280 1722 2315 exstitit.

329 2336 364 2372 ⁴7.
389 2335 460 2370 Sed
478 2336 636 2381 quoniam
657 2337 832 2383 plerique,
856 2339 1002 2374 animum
1026 2338 1192 2374 habentes
1213 2337 1369 2373 discendi
1389 2341 1425 2372 et
1443 2337 1608 2372 audiendi
1625 2338 1724 2383 cupi-

235 2382 339 2425 dum,
364 2393 427 2417 nos
457 2382 548 2417 ultra
574 2383 738 2428 progredi
766 2384 858 2418 haud
881 2386 1016 2427 sinunt,
1042 2390 1222 2430 antequam
1244 2396 1306 2426 ea,
1331 2395 1420 2430 quae
1441 2389 1524 2419 tunc
1545 2384 1640 2419 dicta
1662 2388 1724 2420 aut

235 2429 334 2464 factu
351 2428 504 2471 fuerint,
529 2430 641 2464 fusius
666 2431 944 2476 exposuerimus3
968 2433 1053 2467 utile
1073 2432 1209 2467 scilicet
1223 2432 1374 2466 futurum
1394 2431 1586 2465 hominibus
1606 2442 1722 2466 exem·

234 2476 331 2522 plum
357 2475 545 2511 athleticae
567 2480 604 2512 et
624 2477 832 2521 martyribus
858 2478 984 2523 dignae
1012 2479 1245 2520 constantiae3
1270 2477 1312 2511 iis
1331 2477 1558 2523 praesertim,
1587 2477 1666 2522 qui,
1691 2477 1720 2511 si

234 2528 372 2569 tempus
395 2522 510 2565 serat,
534 2534 598 2569 pro
626 2524 735 2558 sacris
763 2524 935 2568 dogmatis
958 2526 1140 2560 decertare
1170 2525 1312 2566 ardent3
1338 2536 1425 2569 age,
1449 2524 1574 2570 capitis
1595 2524 1729 2559 dolori-z

236 2569 302 2603 bus
321 2568 524 2614 optimorum
543 2569 694 2605 virorum
712 2570 884 2605 desiderio
902 2572 1130 2617 posthabitis,
1156 2582 1220 2617 pro
1238 2582 1280 2605 ea
1304 2570 1491 2611 facultate,
1512 2582 1603 2616 quae
1623 2570 1723 2604 nobis

235 2614 290 2649 ita
306 2615 444 2651 affectis
461 2617 596 2661 reliqua
615 2620 670 2651 est
681 2642 691 2659 ,
716 2616 936 2652 disseramus.
973 2619 1156 2654 Enimvero
1172 2617 1202 2652 si
1225 2617 1337 2652 omnia
1349 2617 1447 2651 simul
1466 2617 1614 2651 diceudo
1630 2629 1723 2650 com-

237 2661 346 2708 plecti
357 2674 400 2698 ne
417 2662 443 2697 ii
455 2662 592 2708 quidem
610 2667 764 2709 possunt,
776 2664 900 2709 quibus
913 2665 1001 2700 belle
1013 2671 1086 2707 est3
1109 2677 1170 2700 nos
1187 2669 1295 2706 certe,
1310 2664 1420 2709 quiet
1431 2664 1526 2697 senio
1540 2668 1576 2698 et
1595 2663 1722 2708 capitis

238 2708 419 2744 doloribus
443 2710 552 2744 tantis
578 2710 727 2745 confecti
749 2721 885 2753 sumus,
919 2715 956 2757 et
974 2712 1140 2758 gravibus
1158 2714 1340 2757 praeterea
1364 2710 1531 2744 molestiis
1551 2710 1723 2744 consumi-

238 2766 337 2796 mur,
362 2768 449 2802 quas
467 2768 633 2792 novarum
654 2756 850 2802 opinionum
876 2758 1060 2793 insolentia
1083 2759 1148 2793 hoc
1167 2764 1323 2802 tempore
1341 2756 1480 2798 attulit,
1504 2760 1664 2791 accurate
1685 2758 1723 2790 et

239 2801 421 2846 sigillatim
446 2804 560 2838 omnia
587 2803 751 2850 persequi
772 2803 930 2838 oratione
950 2806 1052 2840 multo
1077 2805 1186 2839 minus
1211 2803 1279 2849 ipsi
1307 2803 1505 2848 poterimus.
1552 2802 1723 2837 Nimirum

239 2850 380 2894 quaudo
403 2850 441 2886 iu
460 2861 514 2886 me
532 2861 693 2887 sensuum
710 2849 764 2886 vis
781 2850 951 2887 acerrima
969 2851 1124 2898 vigebat,
1147 2862 1269 2887 nouea
1284 2850 1354 2886 fuit
1366 2849 1514 2893 occasio,
1531 2860 1622 2896 quae
1633 2859 1722 2884 nunc
