1794 3172
258 122 359 171 898
678 125 994 174 NICEPHORI
1021 125 1348 174 GREGORAE

36 249 76 283 A.
94 246 140 283 M.
155 247 248 284 6859
259 233 685 298 ἀναγκασθησόμενοι.
728 236 793 282 διὸ
826 239 894 282 καὶ
923 237 1056 283 αὐτοῦ
1083 239 1367 299 περιμένοντες
1399 238 1450 285 τὸ
1477 240 1584 285 πολὺ
1615 242 1743 286 διετε-

94 295 162 331 hd'
175 292 200 332 4
214 341 246 378 B
259 311 481 366 τελέκειμεν
501 314 576 366 τῆς
593 307 751 366 ἡμέρας
769 306 995 367 ὕπαιθροι,
1033 307 1123 365 ἅμα
1141 315 1200 370 τῷ
1218 308 1322 370 ἡλίῳ
1343 311 1411 354 καὶ
1440 317 1534 362 ταῖς
1558 315 1745 370 θεριναῖς

261 382 430 431 ἐκείναις
474 379 626 436 ἀκμαῖς
662 382 740 436 τῆς
769 380 962 437 αῗθερίας
1003 380 1177 435 καμίνου
1211 378 1476 438 φλεγόμενοι,
1512 379 1629 424 Mor
1657 386 1742 425 τῶν

255 453 525 507 θεωρητικῶν
537 449 696 492 ἐκείνων
714 447 1005 504 εὐωχουμένων
1021 448 1183 507 ἀνδρῶν
1194 447 1513 509 μυστικώτερον.
1541 449 1630 510 (Γ.)
1641 449 1742 509 ’Ἀρ-

256 539 298 566 τι
323 521 368 564 δὲ
395 523 470 563 τοῦ
497 517 618 575 ἡλίου
647 520 738 576 περὶ
766 518 980 577 σταθερὰν
1009 518 1190 578 ἀκριβῶς
1220 519 1439 576 γενομένου
1477 518 1554 577 τὴν
1578 524 1772 577 μεσημ-5

256 592 404 649 βρίαν,
443 589 510 632 ε’πὶ
537 588 609 632 τὸν
633 588 798 648 Ἀλεξίῳ
829 586 956 632 πάλαι
984 593 1044 649 τῷ
1073 593 1241 644 βασιλεῖ’
1267 589 1510 646 δομηθέντα
1536 588 1742 648 μετῄεσαν

257 662 486 717 τρίκλινον·
524 657 630 702 ἔνθα
653 658 705 714 δὴ
726 658 999 716 προκειμένων
1018 663 1103 703 τῶν
1130 657 1334 717 βάθρων,
1374 659 1414 703 οἱ
1445 658 1643 718 ἀρχιερεῖς
1674 661 1743 703 καὶ

224 731 304 775 Coi
334 726 607 787 πρεσβύτεροι
639 726 843 786 συνῄεσαν
885 727 974 784 ἅμα
1009 733 1069 788 τῷ
1102 733 1268 784 βασιλεῖ
1275 762 1289 783 ,
1327 727 1740 784 συνδιασκεψόμενοι,

261 802 357 858 πρὶν
378 797 490 856 ἡμᾶς
507 798 693 851 εἰσιέναι,
733 798 786 842 τοὶ
810 796 937 842 πάλαι
967 797 1165 850 πολλάκις
1189 799 1469 855 μελετηθέντα
1491 816 1535 842 τε
1566 801 1633 841 καὶ
1665 816 1742 842 συ-

259 868 546 915 σκευασθέντα
574 866 841 924 βουλεύματα
871 868 979 912 καθ’
1013 867 1156 925 ἡμῶν,
1194 873 1283 920 πῶς
1314 867 1364 912 ἂν
1392 867 1456 912 ἐπὶ
1491 873 1636 926 καιροῦ
1665 873 1739 912 νῦν
1753 873 1794 910 10

261 942 318 991 εἷς
346 939 475 997 πέρας
494 938 601 995 ἄγειν
625 938 685 995 εἴη
718 938 860 989 αὐτοῖς
882 938 1058 989 εὐπετῶς
1088 956 1131 983 τε
1166 941 1235 982 καὶ
1261 937 1317 990 ὥς
1346 937 1398 982 ἂν
1426 946 1514 990 τοῖς
1537 943 1742 996 παροῦσιν

260 1011 487 1067 ἀκροαταῖς
517 1008 767 1064 ἀγνοηθείη,
803 1007 994 1053 λαθόντα
1018 1008 1081 1052 ὅτι
1109 1009 1181 1061 ξὺν
1202 1007 1313 1068 δόλῳ
1341 1008 1577 1067 πέπρακταί
1600 1026 1645 1052 τε
1674 1010 1743 1052 καὶ

262 1077 673 1135 δεδραματούργηται
705 1082 903 1122 πολυετεῖ.
963 1077 1161 1136 εἲσῄειμεν
1188 1079 1231 1131 δ’
1271 1074 1344 1122 οὖν
1383 1078 1464 1134 ὀψὲ
1501 1080 1569 1122 καὶ
1607 1077 1739 1135 ἡμεῖς,

215 1154 344 1195 Βτῶν
373 1153 582 1208 θυρωρῶν
611 1147 887 1193 καλεσάντων.
934 1150 1002 1191 καὶ
1030 1147 1051 1192 ὃ
1079 1148 1277 1205 βασιλεῦς
1299 1148 1427 1200 εὐθὺς
1443 1153 1502 1208 τῷ
1526 1148 1743 1208 εὐαγγελίῳ

260 1218 546 1278 παρακειμένῳ
568 1217 846 1276 προσκύνησιν
875 1217 1101 1273 ἀπονείμας
1126 1222 1347 1276 βραχεῖαν,
1387 1216 1507 1275 ἡμῶν
1527 1235 1569 1276 γε
1594 1220 1739 1272 εἵνεκα,
1756 1225 1794 1262 15

260 1291 396 1334 πολλοὶ
424 1287 620 1339 πολλάκις
647 1289 724 1339 τὰς
755 1292 830 1344 τῆς
857 1289 978 1339 θείας
1006 1290 1075 1331 καὶ
1107 1290 1387 1344 οἵκουμενικῆς
1419 1289 1538 1344 ἕκτης
1564 1286 1742 1331 συνόδου

259 1364 518 1416 προτεθῆναι
538 1356 707 1416 πράξεις
730 1356 1039 1412 ἀπαιτούντων,
1077 1358 1184 1401 κατὰ
1205 1358 1281 1415 τὴν
1301 1359 1386 1401 ἐκεῖ
1408 1363 1484 1401 τοῦ
1506 1356 1600 1401 τότε
1619 1363 1745 1412 βασι-

261 1430 363 1480 λέως
390 1426 671 1482 κατάστασιν,
709 1430 776 1471 καὶ
806 1427 905 1478 τούς
928 1425 1079 1484 ὅρκους
1103 1428 1298 1485 γενέσθαι
1319 1430 1388 1471 καὶ
1409 1432 1484 1470 νῦν
1505 1428 1576 1485 ἐφ’
1598 1425 1716 1483 ἡμῶν
1732 1441 1743 1452 ·

261 1498 400 1543 ἔπειτα
422 1496 549 1549 αὐτός
576 1515 620 1541 τε
648 1495 816 1541 ἐκάθισε
851 1498 918 1540 καὶ
947 1495 1035 1552 ἅμα
1066 1495 1172 1552 ὂμοῦ
1202 1504 1288 1547 τοῖς
1311 1497 1452 1548 ἄλλοις
1477 1501 1744 1554 καθεσθῆναι

218 1569 557 1627 Επροῦτρέψατο
578 1570 646 1612 καὶ
663 1565 787 1624 ἡμᾶς.
861 1566 957 1626 (Δ)
992 1568 1145 1624 Λέγειν
1173 1567 1218 1610 δ’
1253 1558 1483 1625 ἆρξάμενος
1518 1567 1794 1624 παρεμίγνυὲῦ

262 1647 351 1691 τοῖς
371 1638 602 1696 λεγομένοις
629 1639 698 1681 καὶ
719 1636 869 1695 ὅρκους
893 1637 1219 1693 διεσπασμένους
1247 1637 1362 1688 τινὰς
1396 1638 1465 1680 καὶ
1492 1633 1745 1693 αῗνιγματώ-

261 1713 369 1764 δεις,
409 1705 670 1766 ἐπαρώμενός
688 1724 776 1758 πως
795 1704 929 1767 ἑαυτῷ
949 1708 1016 1750 καὶ
1036 1706 1191 1758 τέκνοις
1210 1706 1388 1764 ὄλεθρον
1398 1739 1412 1762 ,
1452 1708 1486 1749 εἰ
1511 1710 1570 1765 τῷ
1590 1704 1648 1749 ἑνὶ
1669 1705 1745 1761 με’-

263 1798 324 1838 ρει
353 1777 587 1836 πρόσθοιτο
616 1778 692 1834 τὴν
720 1774 888 1834 γνώμην
917 1774 1159 1822 ὁποσονοῦν.
1222 1779 1290 1820 καὶ
1321 1772 1398 1834 ἦν,
1428 1774 1486 1827 ὥς
1510 1775 1656 1828 ἔδειξεν
1680 1776 1745 1819 ἐπὶ

354 1879 391 1914 2.
415 1873 496 1923 ἅμα
517 1887 584 1911 em.
599 1875 700 1911 Boiv.
725 1887 789 1922 pro
813 1872 901 1912 ἀνά.

262 1969 353 2005 quae
381 1957 459 1992 illos
487 1959 631 2002 cogeret
658 1955 845 2002 peregrina
871 1954 1033 2001 dogmata
1061 1954 1223 2001 amplecti
1252 1958 1288 1989 et
1318 1953 1474 1989 adorare.
1522 1954 1646 2001 Itaque
1672 1955 1747 1990 illic

262 2015 421 2049 magnam
448 2003 518 2038 diei
544 2009 679 2048 partem
706 2002 936 2047 exspectando
961 2002 1252 2048 consumpsimus,
1284 2000 1391 2046 idque
1418 2001 1482 2035 sub
1502 2001 1580 2043 dio,
1612 2001 1685 2036 sole
1709 2004 1747 2036 et

263 2051 411 2087 aestatis
433 2050 614 2095 ardoribus
634 2049 836 2090 torrefacti3
861 2060 937 2082 cum
954 2048 1089 2083 interea
1109 2047 1279 2094 praeclari
1297 2048 1347 2082 illi
1366 2048 1652 2093 contemplatores
1671 2060 1748 2094 my-

265 2097 354 2132 stico
374 2097 533 2131 convivio
554 2108 631 2131 sese
648 2096 742 2130 intus
761 2094 976 2129 sanctissime
993 2095 1219 2129 oblectarent.
1267 2094 1372 2140 (ΙΙΙ.)
1394 2094 1536 2129 Demum
1562 2095 1648 2128 hora
1668 2093 1747 2139 ipsa.

264 2143 475 2184 meridiana,
500 2154 575 2177 cum
595 2143 676 2177 solis
699 2143 816 2176 fervor
841 2141 1005 2176 maximus
1025 2146 1099 2184 est,
1122 2142 1160 2176 in
1177 2141 1363 2176 triclinium
1383 2141 1426 2175 ab
1445 2141 1567 2176 Alexio
1596 2141 1748 2186 impera-

264 2197 343 2225 tore
370 2189 540 2236 quondam
565 2194 777 2224 exstructum
799 2192 998 2231 transeunt,
1022 2194 1129 2234 atque
1149 2188 1252 2231 illuc,
1287 2187 1505 2234 praeparatis
1527 2188 1593 2221 iam
1612 2186 1747 2222 subsel-

263 2237 322 2272 liis
335 2263 346 2280 ‚
369 2236 552 2283 pontifices
578 2240 615 2270 et
636 2235 833 2282 presbyteri
855 2246 921 2270 una
945 2247 1020 2269 cum
1042 2235 1252 2282 imperatore
1271 2234 1498 2276 conveniunt,
1522 2232 1746 2268 deliberaturi

263 2285 357 2319 inter
382 2295 441 2325 se,
473 2288 655 2327 antequam
676 2293 738 2316 nos
763 2281 1038 2324 introducemur,
1061 2282 1229 2328 quomodo
1250 2293 1313 2324 ea,
1337 2292 1426 2327 quae
1442 2280 1642 2325 iampridem
1672 2279 1749 2315 ani-

264 2343 320 2366 mo
340 2329 589 2366 meditarentur
608 2334 643 2362 et
660 2329 842 2363 adversum
866 2332 927 2362 no's
945 2334 1141 2371 struerent,
1164 2328 1280 2362 oblata
1300 2327 1438 2361 tandem
1463 2326 1665 2368 occasione,
1690 2327 1746 2360 fa-

265 2377 334 2412 cile
356 2377 401 2411 ad
423 2375 549 2411 exitum
567 2374 767 2421 perducturi
787 2379 926 2417 essent3
950 2375 1001 2410 ita
1020 2380 1059 2410 ut
1073 2387 1150 2410 mox
1168 2374 1312 2409 affuturi
1331 2373 1508 2407 auditores
1531 2384 1597 2407 non
1617 2373 1747 2407 intelli-

291 2426 410 2465 erent,
433 2422 547 2457 dolum
566 2433 641 2456 eum
659 2433 734 2456 esse
754 2421 870 2457 multis
895 2422 995 2457 annis
1017 2422 1224 2457 fabricatum
1246 2425 1283 2454 et
1302 2419 1489 2454 artificiose
1510 2419 1745 2465 compositum.

265 2435 427 2506 {andem
444 2473 482 2505 et
498 2479 561 2503 nos
579 2479 733 2514 quoque,
758 2480 780 2502 a
795 2468 998 2503 ianitoribus
1013 2467 1141 2510 vocati,
1164 2466 1390 2502 introivimus.
1437 2467 1528 2501 Tum
1548 2466 1665 2501 statim
1681 2466 1747 2500 im·

292 2522 409 2552 erator
420 2515 613 2563 appositum
633 2515 846 2559 evangelium
864 2515 966 2550 brevi⁴
981 2515 1181 2550 adoratione
1198 2518 1426 2559 prosequutus
1437 2518 1503 2554 est,
1526 2514 1626 2547 nobis
1647 2512 1748 2547 vide-

295 2567 353 2599 cet
376 2576 418 2599 ea
443 2574 551 2608 opera
581 2561 835 2603 satisfacturus.
893 2562 983 2597 Nam
1010 2568 1050 2598 ut
1076 2560 1287 2597 sacrosancti
1321 2559 1411 2593 sexti
1434 2559 1574 2593 concilii
1600 2570 1748 2603 genera-

266 2610 310 2646 lis
327 2614 407 2645 acta
430 2609 694 2649 exhiberentur,
720 2612 824 2654 prout
845 2613 979 2642 cautum
1000 2614 1092 2644 esset
1119 2605 1363 2643 constitutione
1391 2605 1557 2652 principis
1581 2605 1638 2640 illo
1659 2609 1748 2639 tem-

267 2668 354 2703 pore
369 2655 594 2702 imperantis,
617 2659 654 2690 et
667 2658 706 2689 ut
721 2665 813 2689 nunc
831 2666 970 2700 quoque
988 2653 1226 2701 praesentibus
1243 2652 1343 2688 nobis
1359 2651 1544 2695 iuraretur,
1570 2652 1672 2687 etiam
1693 2656 1749 2686 at-

267 2715 339 2750 que
369 2703 474 2738 etiam
507 2701 724 2748 petieramus.
788 2700 926 2736 Deinde
947 2705 983 2736 et
1007 2702 1084 2748 ipse
1109 2700 1221 2743 sedit,
1254 2703 1292 2734 et
1316 2710 1379 2733 nos
1407 2698 1510 2734 etiam
1542 2698 1642 2732 simul
1669 2708 1747 2732 cum

267 2749 347 2785 aliis
369 2750 494 2785 sedere
516 2749 634 2784 iussit.
697 2746 800 2792 (IV.)
825 2749 938 2793 Atque
963 2748 1023 2783 ille
1046 2748 1141 2794 loqui
1172 2757 1318 2783 exorsus
1352 2744 1501 2780 orationi
1522 2756 1605 2779 suae
1636 2743 1748 2778 inter-

267 2796 408 2831 serebat
425 2796 618 2831 iuramenta
633 2794 804 2841 quaedam
821 2805 910 2839 vaga
927 2798 964 2829 et
982 2795 1169 2841 perplexa,
1193 2792 1260 2828 sibi
1283 2791 1351 2838 ipsi
1377 2795 1414 2826 et
1433 2791 1554 2826 liberis
1575 2789 1646 2825 suis
1672 2789 1748 2825 exi-

269 2842 356 2878 tium
371 2842 473 2890 quasi
491 2841 734 2890 imprecando,
757 2840 790 2876 si
807 2840 930 2888 quovis
949 2841 1049 2877 modo
1068 2840 1171 2877 alteri
1202 2838 1295 2887 parti
1310 2839 1468 2874 faveret:
1491 2841 1659 2884 erantque
1673 2835 1747 2871 eius
