1794 3172
363 130 678 177 HISTORIAE
703 130 1084 177 BYZA-NTINAE
1115 128 1211 174 XV.
1235 136 1275 177 6.
1459 125 1560 174 765

76 242 194 300 μέχρι
214 243 468 299 Σηλυβρίας,
496 242 614 285 κάκεῖ
637 239 899 298 σπεισάμενοι
918 245 977 302 τῷ
998 242 1332 301 Καντακουζηνῷ
1355 242 1424 285 καὶ
1446 243 1563 300 δῶρα
1573 247 1611 280 A.
1634 247 1672 281 c.
1691 244 1782 284 1346

76 311 183 369 πρὸς
210 311 361 355 ἐκείνου
396 309 618 366 λαβόντες,
663 310 797 356 ὅπόσα
831 311 967 365 εἷκὸς,
1014 309 1374 368 ὃιεπεραιώθησαν
1402 295 1782 374 oisscafff,¹¹¹¹}’3e¹(‚‘'l2ga‘

75 379 180 437 μήτε
198 381 329 436 μηδὲν
349 375 406 424 ὧν
429 379 552 438 χάριν
585 380 824 438 ἐκλήθησαν
854 382 922 424 καὶ
950 384 1034 424 πᾶν
1055 379 1295 423 τούναντίον
1317 378 1558 438 δράσαντες.

74 451 144 493 καὶ
172 454 306 493 ταῦτα
332 451 408 505 μὲν
437 455 586 494 τοῦτον
616 450 706 506 ἔσχε
738 450 811 494 τὸν
842 447 1008 507 τρόπον.
1069 447 1158 508 (ς’.)
1194 448 1291 507 Πρό
1316 467 1359 506 γε
1377 450 1463 506 μὴν
1484 455 1560 494 τοῦ

43 520 265 566 5ἔνιαυτοῧ
284 518 435 563 τούτου
446 553 460 573 ,
495 520 593 563 κατ’
615 519 746 570 αὐτὰς
763 524 837 563 τοῦ
850 520 1049 577 Ὠρίωνος
1068 518 1144 569 τὰς
1163 519 1370 573 ἐπιτολὰς,
1402 519 1557 578 ἤρξατο
1570 528 1612 563 Ρ.
1623 525 1693 565 480

74 589 300 647 φαίνεσθαι
326 588 484 646 Ξιφιάς
512 590 555 632 ἓν
577 589 740 649 οὐρανῷ
749 623 764 643 ,
800 590 890 647 περὶ
917 588 992 644 τὴν
1014 587 1196 646 κεφαλὴν
1223 592 1299 645 τῆς
1323 587 1558 645 Ἑλίκηςτὰ

73 662 244 716 πρῶτα·
281 659 436 701 ἐκεῖθεν
462 659 527 701 ἐπὶ
560 658 631 702 τὸν
662 658 858 712 ζωδιακὸν
891 656 1089 714 ὁσημέραι
1112 656 1356 712 ποιούμενος
1382 658 1458 715 τὴν
1476 677 1556 703 πο-

74 728 187 782 ρείαν
217 721 290 784 ἧκε
317 729 409 785 περὶ
435 727 488 770 τοὶ
513 728 607 784 τέλη
631 733 708 771 τοῦ
737 728 902 778 λεόντος
914 761 929 781 ,
961 726 1042 783 ὅπη
1063 729 1131 771 καὶ
1149 727 1225 778 τὰς
1244 726 1371 783 ἡλίου·
1389 729 1557 786 πορείας

73 795 189 853 ἔτυχε
220 801 447 854 τηνικαῦτα
475 798 714 854 γίγνεσθαι,
755 797 874 840 κάκεῖ
901 794 1087 853 διελύθη.
1126 798 1194 839 καὶ
1222 795 1321 840 εἶναι
1344 795 1557 853 Ῥωμαίων

18 876 63 915 10
74 868 142 911 καὶ
160 870 286 910 τοῦτο
309 873 396 917 τοῖς
417 865 652 925 πράγμασιν
676 866 813 919 ἔδοξεν
835 865 982 923 ἥκιστα
1005 863 1111 909 πάνυ
1125 866 1309 924 χρηστὸς
1329 865 1484 918 οἰωνός.

175 956 226 1011 ς’.
265 963 367 1010 Τοῖς
394 959 434 1002 δ’
465 960 509 1002 ἐκ
527 962 567 1002 Γ
565 956 732 1010 εννούας
748 957 828 1002 ὕπὸ
863 956 1024 1012 Τούζου
1053 947 1129 1002 ‘mii
1161 958 1254 1002 νέου
1284 958 1432 1009 δουκός
1448 959 1548 1010 ἔξω·
1561 967 1683 1004 v.388

73 1035 236 1074 σθεῖσιν
265 1029 429 1079 ἐκείνοις
469 1030 676 1086 Λατίνοις
713 1029 781 1072 διὰ
812 1028 857 1072 τὸ
890 1033 965 1071 τοῦ
1006 1027 1163 1086 τρόπου
1186 1015 1595 1085 τυραννικώτερον,Β

72 1097 131 1150 ὥς
159 1095 402 1157 εἰρήκειμεν,
448 1098 584 1155 ἐπειδὴ
616 1096 783 1158 πλούτῳ
816 1099 884 1141 καὶ
916 1096 1018 1156 δόξῃ
1042 1102 1125 1141 τῶν
1151 1102 1317 1146 πολλῶν
1348 1098 1556 1155 διαφέρειν

71 1169 192 1225 ἐνῆν,
227 1165 378 1219 ἄδοξόν
401 1185 439 1211 τι
458 1169 526 1211 καὶ
545 1167 705 1224 ἀγεννὲς
724 1166 852 1211 ἐδόκει
863 1201 877 1221 ,
905 1165 1119 1224 πλανήτην
1139 1168 1203 1210 ἐπὶ
1220 1166 1382 1226 μακρὸν
1403 1165 1556 1211 οὗτωσὶ

17 1244 60 1282 15
70 1239 167 1293 βίον
200 1238 354 1295 τρίβειν
391 1235 595 1288 ἀπόλιδας
637 1255 681 1281 τε
709 1239 777 1280 καὶ
810 1237 1035 1284 ἀνεστίους.
1080 1236 1181 1281 ὅθεν
1218 1231 1397 1295 τριήρεις
1423 1254 1554 1280 κατα-

71 1304 344 1358 σκευάσαντες
372 1305 490 1364 ἒγγύς
524 1324 604 1350 που
640 1305 864 1363 τριάκοντα
898 1307 940 1357 ἒς
968 1308 1078 1350 Χίον
1107 1307 1182 1364 τὴν
1205 1311 1340 1363 ’νῆσον
1360 1307 1555 1365 ἐξαίφνης

70 1377 372 1430 κατέπλευσαν,
401 1378 576 1433 μηδαμῆ
598 1381 681 1420 τῶν
698 1378 818 1420 Χίων
833 1376 905 1420 τὸν
925 1380 1114 1420 τοιοῦτον
1134 1373 1449 1435 προεγνωκότων
1465 1376 1553 1419 ἐπί-

69 1450 214 1490 πλουν.
251 1441 381 1504 ἦγᾶρ
410 1445 463 1489 ἂν
493 1447 534 1498 ἒς
560 1445 608 1489 τό
640 1447 937 1503 δαψιλέστερον
965 1444 1278 1502 ἕσκομισάμενοι
1309 1443 1590 1502 τᾶπιτήὸειαθ

70 1513 309 1559 δυσάλωτοί
343 1532 432 1566 πως
463 1514 490 1571 ἢ
529 1519 690 1569 μᾶλλον
723 1513 928 1559 ἀνάλωτοι
950 1515 997 1559 τὸ
1031 1513 1232 1573 παράπαν
1247 1513 1360 1565 ὄντες
1381 1512 1554 1571 ἐτύγχα-
1612 1505 1614 1507 ‚

13 1595 61 1631 20
70 1603 155 1629 νον.
193 1587 322 1641 δῆλον
343 1585 390 1627 δέ
402 1599 412 1609 ·
440 1586 508 1627 καὶ
527 1585 605 1642 γὰρ
626 1586 701 1635 ἕως
721 1585 773 1628 τὰ
793 1581 1079 1642 προστυχόντα
1097 1585 1237 1642 σφίσιν
1257 1585 1350 1640 ἐνῆν
1369 1585 1426 1634 εἷς
1443 1583 1551 1627 ἄπο-

70 1652 230 1712 τροπὴν
259 1658 334 1697 τοῦ
363 1652 507 1709 λιμοῦ,
544 1652 891 1712 θαρραλεώτερον
919 1660 1007 1704 τοῖς
1037 1654 1247 1709 πολεμίοις
1278 1653 1547 1706 ἀνθίσταντο,

70 1725 139 1767 καὶ
172 1723 301 1778 συχνὰ
337 1727 420 1766 τῶν
442 1726 583 1766 πυλῶν
621 1723 883 1773 ἐπεκθέοντες
917 1723 1092 1778 συχνοὺς
1118 1727 1202 1766 τῶν
1233 1723 1435 1767 Λατίνων
1468 1722 1551 1764 ἐτί-

68 1791 256 1851 τρωσκόν
276 1810 319 1836 τε
350 1794 418 1836 καὶ
443 1792 630 1837 ἔκτεινον.
695 1791 789 1852 (Β.)
835 1797 924 1850 Τῆς
953 1793 998 1836 δὲ
1017 1793 1255 1851 πολιορκίας
1277 1791 1552 1848 ἓκτεινομὲνης

69 1949 176 1987 zantii
196 1950 362 1986 suburbia
380 1954 582 1986 vastavere:
607 1954 711 1997 atque
726 1951 775 1986 ibi
794 1963 880 1998 pace
906 1962 981 1986 cum
1001 1950 1249 1985 Cantacuzeno
1264 1950 1378 1992 facta,
1402 1947 1551 1983 muneri-

68 1998 202 2044 busque
225 1999 268 2032 ab
287 2010 339 2040 eo,
365 2010 454 2043 quae
471 2003 508 2032 et
525 2003 610 2043 quot
630 2010 695 2044 par
710 2004 804 2041 erat,
829 1998 1004 2044 accepti8‚
1030 1997 1161 2031 domum
1180 1998 1363 2038 traiecere,
1387 1995 1472 2030 nihil
1488 2006 1549 2030 eo-

68 2056 154 2087 rum,
178 2056 320 2090 quorum
341 2057 444 2079 causa
463 2045 623 2079 arcessiti
642 2050 760 2088 erant,
783 2045 844 2079 sed
864 2045 930 2080 alia
951 2044 1051 2091 plane
1071 2043 1263 2089 exsequuti.
1296 2043 1346 2078 Et
1362 2043 1450 2077 haec
1470 2040 1549 2095 qui-

68 2091 145 2126 dem
170 2091 206 2125 in
231 2092 323 2125 huuc
344 2092 478 2126 modum
503 2097 604 2136 gesta
625 2097 714 2126 sunt.
763 2092 867 2137 (VI.)
888 2093 985 2126 Anno
1014 2091 1214 2135 superiore,
1245 2090 1282 2124 in
1307 2090 1381 2135 ipso
1408 2088 1549 2123 Orionis

68 2145 146 2173 ortu
158 2163 169 2180 ,
194 2142 356 2183 coeperat
373 2143 522 2172 cometes
540 2139 633 2173 ensis
650 2138 766 2185 specie
785 2139 820 2172 in
837 2139 934 2173 caelo
951 2149 1142 2184 apparere,
1167 2137 1262 2172 circa
1280 2136 1422 2171 Helices
1444 2138 1548 2179 caput

67 2184 190 2230 primo,
215 2190 319 2229 atque
336 2186 418 2219 inde
436 2185 480 2218 ad
499 2185 685 2219 Zodiacum
704 2185 858 2231 quotidie
876 2185 944 2219 iter
963 2185 1125 2225 flectere,
1147 2184 1256 2224 donec
1277 2184 1321 2217 ad
1336 2181 1463 2216 Leonis
1486 2192 1549 2226 po-

68 2236 228 2266 stremam
255 2236 389 2276 partem
413 2232 616 2273 accederet,
639 2232 699 2266 ubi
721 2237 758 2266 et
775 2233 826 2266 sol
849 2231 926 2277 ipse
944 2235 1014 2264 tum
1031 2230 1255 2271 versabatur,
1278 2229 1398 2274 ibique
1421 2238 1548 2262 evane-

67 2282 194 2312 sceret.
240 2278 291 2312 Et
305 2290 383 2312 esse
402 2278 486 2312 illud
504 2290 639 2324 quoque
660 2279 771 2313 visum
790 2283 843 2313 est
859 2277 995 2312 minime
1013 2277 1164 2311 faustum
1181 2276 1237 2311 rei-
1249 2277 1421 2310 Romanae
1439 2284 1548 2318 augu-

66 2335 167 2359 num.

160 2372 193 2406 6.
213 2370 353 2404 Interim
370 2370 394 2404 ii
410 2370 539 2413 Latini,
557 2370 615 2418 qui
627 2371 719 2406 Tuzi
735 2371 827 2406 illius
845 2369 927 2405 novi
942 2369 1050 2404 Ducis
1064 2369 1179 2404 edicto
1196 2369 1322 2403 Genua
1340 2365 1454 2402 exacti
1471 2365 1548 2399 fue-

67 2419 167 2458 rant,
190 2428 231 2451 eo
254 2417 344 2461 quod
362 2418 545 2462 tyrannico
566 2422 681 2453 essent
704 2418 762 2463 (ut
780 2417 943 2461 diximus)
967 2415 1118 2461 ingenio,
1143 2427 1217 2450 cum
1239 2421 1275 2450 et
1294 2414 1416 2459 opibus
1437 2417 1473 2446 et
1494 2411 1549 2445 di-

67 2462 204 2507 gnitate
228 2463 371 2500 multum
389 2476 410 2498 a
427 2465 533 2509 vulgo
550 2464 738 2507 distarent,
763 2464 961 2498 indecorum
986 2467 1023 2497 et
1042 2462 1161 2508 ignavi
1182 2461 1286 2496 animi
1309 2472 1385 2495 esse
1407 2459 1550 2498 duxere,

67 2510 173 2543 vitam
193 2510 420 2544 errabundam
438 2512 567 2546 tamdiu
584 2512 735 2553 trahere,
755 2511 841 2545 urbe
856 2514 892 2544 et
910 2509 1008 2543 domo
1027 2514 1196 2544 carentes.
1234 2506 1415 2542 Instructis
1432 2505 1550 2550 itaque

67 2555 213 2600 triginta
239 2557 346 2591 ferme
370 2557 589 2600 triremibus,
613 2558 657 2591 ad
675 2557 819 2592 insulam
835 2556 956 2591 Chium
985 2560 1130 2601 repente
1158 2555 1375 2600 appulerunt.
1423 2551 1549 2596 Neque

66 2601 171 2636 huius
195 2602 314 2636 classis
341 2615 514 2639 accessum
535 2605 615 2638 Chii
641 2604 710 2639 ullo
735 2604 834 2638 modo
856 2614 1093 2650 praesensere.
1139 2601 1278 2646 Alioqui
1297 2610 1408 2634 rerum
1429 2609 1550 2632 neces-

66 2647 232 2683 sariarum
251 2650 405 2684 uberiori
426 2650 527 2696 copia
539 2652 587 2686 ·in
609 2651 727 2685 urbem
746 2650 905 2691 invecta,
929 2653 1127 2694 expugnatu
1147 2647 1330 2688 difficiles,
1353 2649 1414 2680 aut
1434 2643 1550 2697 potius

66 2694 199 2728 omnino
218 2695 374 2730 hostibus
390 2696 675 2744 inexpugnabiles
693 2696 920 2732 exstitissent.
954 2695 1032 2730 Nec
1051 2695 1200 2729 dubium.
1234 2692 1370 2727 Etenim
1380 2691 1549 2736 .quamd1u

66 2741 112 2775 ad
130 2740 318 2786 pellendam
335 2743 458 2778 famem
476 2756 518 2779 ea
534 2745 700 2785 habuere,
725 2754 814 2789 quae
832 2743 906 2777 fors
922 2742 1120 2783 obtulisset,
1139 2739 1232 2775 hosti
1250 2736 1475 2774 confidentius
1493 2747 1549 2771 re-

66 2786 256 2829 sistebant,
280 2790 478 2836 crebrisque
497 2796 595 2827 extra
620 2794 741 2837 portas
762 2788 1001 2836 eruptionibus
1020 2787 1142 2829 factis,
1165 2786 1287 2822 multos
1298 2784 1499 2837 Latinorurn
1515 2787 1552 2838 et

66 2833 294 2870 vulnerabant
314 2837 580 2873 etoccidebant.
600 2867 616 2884 ⁸.
636 2836 724 2884 (ΙΙ.)
747 2838 796 2873 At
812 2834 1046 2872 cumobsidio
1069 2838 1164 2870 terra
1189 2832 1319 2880 pariter
1340 2834 1382 2867 ‚et
1401 2841 1487 2866 man
1515 2839 1552 2863 in
