1794 3172
349 120 675 203 msmm‘ffl
703 156 1087 202 ΒΥΖΑΝΠΝΑΕ
1112 155 1231 200 x111.
1257 163 1296 203 6.
1477 146 1580 196 657

70 266 439 327 πρωτεξάδελφος,
489 268 639 319 ἱππέας
681 266 932 326 ἐπαγόμενος
969 270 1194 314 Θετταλῶν
1222 266 1324 319 τοὺς
1363 266 1574 325 ἀρίστους,
1602 276 1640 309 A.
1656 272 1794 312 c.1345

66 339 262 395 Ἰωάννης
292 337 315 383 ὃ
337 339 551 396 Ἄγγελος,
589 336 962 395 συνησθησόμενός
986 355 1032 382 τε
1061 343 1123 397 τῷ
1140 336 1326 395 γεγονότι
1359 342 1436 381 τοῦ
1457 324 1794 405 εὖτυ-ωἷζὲζὶξω

67 408 259 466 χήματος
293 411 363 452 καὶ
396 409 440 452 εἴ
461 426 526 459 τις
555 408 616 465 εἴη
639 411 784 466 χρείας
815 408 955 466 ἔφεσις
974 406 1261 465 ἐπικουρήσων
1282 407 1337 451 τὰ
1358 405 1575 465 κράτιστα.

73 477 305 535 ἀξιόμαχον
324 479 405 536 γὰρ
429 478 511 535 ἤδη
535 481 604 522 καὶ
628 479 757 529 αὐτὸς
777 477 981 535 ἐκτήσατο
1002 476 1180 533 δύναμιν
1191 511 1206 532 ,
1245 477 1330 536 ἀφ’
1353 472 1403 521 οἷν
1420 481 1480 536 τῷ
1499 481 1579 521 τοῦ

35 554 60 591 5
70 550 278 605 βασιλέως
308 549 508 607 ἐπέμφθη
548 547 725 605 δόγματι
754 548 860 607 πρὸς
887 548 965 605 τὴν
995 546 1194 605 τοιαύτην
1228 547 1362 606 ἀρχὴν
1368 581 1387 611 ,
1426 547 1485 590 ἔτι
1517 551 1579 608 τῷ

70 617 227 678 Κράλῃ
244 617 445 670 συνόντος
467 619 511 661 ἓν
539 617 654 676 ὅροις
675 623 761 662 τῶν
782 622 1056 676 Τριβαλλῶν,
1097 617 1154 669 ὥς
1174 618 1369 676 ἀνωτέρω
1390 635 1473 662 που
1492 619 1580 661 διε-

70 688 270 744 λάβομεν.
342 688 439 748 (Β.)
476 687 668 745 Τάχιστα
697 689 778 746 γὰρ
821 688 957 733 ἀπιὼν
989 689 1115 732 ἐκεῖσε
1150 689 1256 746 πρὸς
1292 687 1423 746 αἷὲξην
1450 687 1622 746 ἤγαγεΕ

71 759 126 803 τὰ
155 761 381 803 Θετταλῶν
401 756 653 817 πράγματα,
692 757 948 816 διερρωγότα
963 761 1034 802 καὶ
1052 756 1266 814 κάμνοντα
1297 759 1357 802 δι’
1385 756 1580 815 ἀλλήλων

72 836 166 880 ταῖς
201 829 419 887 ἀναρχίαις
450 829 529 886 οὐχ
555 823 706 886 ἦττον,
742 829 877 885 ἢτοῒς
909 831 954 872 ἐκ
986 832 1144 873 πολλοῦ
1168 834 1450 885 κατασχοῦσιν
1468 828 1579 871 αὐτοὶ

16 903 63 940 10
73 897 351 951 Κατελάνοις.
390 901 448 950 εἷς
474 899 556 957 γὰρ
574 899 740 957 τρυφὴν
760 902 830 943 καὶ
857 898 987 944 πότον
1008 899 1091 956 ἤδη
1113 904 1199 943 τῶν
1221 897 1439 956 ἀπογόνων
1458 899 1580 942 ἐκκυ-

70 970 328 1023 λισθέντων,
364 967 483 1025 μάλα
503 969 697 1020 ἀσθενῶς
718 969 810 1027 ἴσχε
827 969 881 1014 τὰ
901 969 1001 1013 κατ’
1036 969 1213 1023 αὐτοὺς,
1252 967 1310 1020 ὥς
1334 968 1438 1026 μηδ’
1461 968 1580 1013 ἀντι·-

70 1038 233 1090 πάλους
257 1039 320 1083 ἔτ’
354 1037 457 1083 εἶναι
489 1038 701 1084 δύνασθαι
715 1073 730 1094 ,
767 1040 828 1097 μὴ
862 1039 926 1084 ὅτι
957 1038 1157 1097 μεγάλαις
1186 1037 1434 1095 δυνάμεσιν,
1471 1038 1617 1083 ἀλλἘ

73 1110 172 1154 οὐδὲ
194 1117 284 1161 τοῖς
310 1110 659 1168 παρασπωμένοις
678 1110 815 1169 ἠρέμα
843 1113 914 1154 καὶ
938 1109 1292 1169 διερρηγνυμένοις
1309 1110 1479 1154 οἴκοθεν
1498 1110 1577 1165 με’-

72 1197 174 1237 ρεσι.
224 1179 316 1239 (Γ.)
349 1178 570 1231 Τοιούτοις
596 1182 738 1224 τοίνυν
759 1179 782 1225 ὃ
806 1180 999 1239 Ἄγγελος
1018 1180 1296 1237 συμβεβηκώς
1314 1178 1568 1238 πράγμασιν,
1581 1185 1623 1220 Ρ.
1635 1184 1708 1224 410

14 1246 181 1309 15ἀνὴρ
212 1250 344 1302 δεινὸς
371 1250 425 1294 τὰ
451 1251 655 1306 πολέμια,
703 1249 757 1295 τά
783 1269 829 1295 τε
858 1255 1032 1295 πλεῖστα
1063 1256 1140 1307 τῆς
1173 1253 1407 1302 Θετταλίας
1424 1252 1579 1294 οἰκείαν

71 1320 188 1377 ἴσχεν
224 1320 358 1379 ἀρχὴν
403 1323 473 1365 καὶ
514 1320 604 1377 ἅμα
646 1322 853 1380 παρεξιών
886 1319 1112 1372 Αἰτωλούς
1151 1339 1196 1365 τε
1237 1319 1474 1378 ὖπηγάγετο
1506 1322 1577 1364 καὶ

69 1390 274 1453 Λοκροὺς
292 1390 390 1442 τούς
406 1389 591 1444 Ὀζόλας.
629 1389 710 1435 εἷλε
729 1392 774 1435 δ’
798 1390 905 1448 ὁμοῦ
926 1393 995 1435 καὶ
1009 1392 1283 1449 Ἀκαρνανίαν
1304 1392 1476 1435 ἅπασαν
1496 1395 1576 1434 τοῦ

67 1459 225 1518 χρόνου
252 1465 517 1518 χωροῦντος,
554 1460 789 1520 ὖποχείριον
828 1460 1034 1520 πρότερον
1065 1461 1177 1518 σχὼν
1206 1463 1277 1506 καὶ
1309 1462 1389 1518 τὴν
1417 1459 1577 1517 ταύτης

71 1529 297 1588 ἡγεμονίδα
318 1530 495 1586 Ἄνναν,
539 1532 619 1589 τὴν
647 1537 725 1576 τοῦ
758 1532 840 1591 πρὸ
873 1534 978 1576 ἐτῶν
1012 1532 1096 1589 ἤδη
1132 1536 1298 1589 συχνῶν
1321 1529 1577 1587 τεθνηκότος

13 1600 223 1645 ἳοκόντου
241 1604 540 1659 Κεφαλληνίας
559 1601 757 1659 σύζυγον,
797 1600 856 1652 ὦς
873 1602 1069 1660 ἀνωτέρω
1091 1604 1160 1645 καὶ
1190 1603 1283 1659 περὶ
1304 1599 1457 1645 τούτου
1477 1603 1573 1644 δια-

72 1670 272 1726 λαβόντες
283 1669 520 1729 εἷρήκειμεν.
560 1671 614 1728 ἣν
636 1672 791 1715 ἀνελεῖν
811 1671 941 1723 εὐθὺς
956 1670 1202 1730 παρώξυνον
1216 1671 1337 1715 ἔνιοι·
1361 1671 1471 1727 μηδὲ
1489 1669 1610 1728 γᾶρΒ

70 1739 291 1798 ἠρεμήσειν
321 1742 453 1798 αὐτῆς
480 1742 530 1786 τὸ
549 1745 767 1800 φίλαρχον,
791 1742 861 1785 διὰ
882 1746 1056 1801 μακρῶν
1077 1741 1161 1799 ἤδη
1180 1746 1266 1786 τῶν
1277 1739 1444 1800 χρόνων
1457 1741 1501 1784 ἓν
1518 1744 1573 1798 τῇ
1742 1757 1762 1769 ·

70 1816 190 1871 ψυχῇ
202 1812 429 1870 στηριχθέν
441 1826 451 1836 ·
474 1812 571 1856 ἀλλ’
599 1811 738 1871 ὥσπερ
758 1811 970 1872 ἄνθρακες
991 1810 1162 1872 ἀχύροις
1181 1813 1288 1857 τισὶν
1306 1809 1573 1871 ἐμφωλεύον-

71 1968 245 2015 Angelus,
269 1980 385 2005 secum
403 1969 566 2006 adductis
591 1969 839 2006 Thessalorum
858 1969 1037 2017 equitibus
1063 1968 1281 2013 lectissimis,
1313 1969 1453 2005 felicem
1474 1968 1572 2005 illum

70 2023 229 2051 eventum
254 2017 516 2062 gratulaturus,
540 2022 578 2053 et
597 2017 630 2052 si
654 2017 740 2064 quid
763 2017 883 2053 auxilii
900 2029 923 2052 a
938 2030 977 2053 se
997 2017 1222 2064 exigeretur,
1246 2017 1414 2053 acerrime
1431 2029 1572 2063 operam

71 2068 278 2107 navaturus.
326 2064 398 2100 Iam
425 2065 514 2100 enim
535 2065 628 2100 haud
650 2065 917 2100 contemnendas
937 2069 973 2100 et
995 2064 1073 2110 ipse
1091 2064 1187 2100 vires
1205 2064 1274 2099 sibi
1293 2068 1570 2110 comparaverat,

71 2121 115 2144 ex
142 2122 209 2158 quo
236 2110 273 2145 in
298 2110 393 2146 illam
417 2111 634 2158 provinciam
653 2112 776 2147 missus
798 2111 914 2146 iverat
937 2111 1034 2147 iussu
1052 2110 1291 2158 imperatoris,
1318 2111 1411 2158 apud
1431 2111 1569 2146 Cralem

70 2156 185 2192 adhuc
209 2157 247 2192 in
273 2157 510 2194 Triballorum
536 2159 666 2194 finibus
692 2159 953 2202 commorantis3
986 2164 1028 2193 ut
1056 2159 1187 2194 alicubi
1214 2170 1321 2205 supra
1349 2158 1569 2194 tradidimus-

69 2204 156 2250 (ΙΙ.)
179 2205 367 2240 Profectus
385 2207 516 2253 quippe
538 2206 620 2241 illuc
646 2206 826 2242 celerrime
847 2205 1097 2242 Thessalorum
1116 2206 1223 2240 rebus
1239 2206 1489 2240 incrementum
1513 2209 1570 2240 at-

69 2251 170 2294 tulit,
194 2252 318 2287 fractis
339 2257 377 2288 et
398 2253 657 2296 laborantibus,
680 2265 749 2288 non
767 2253 878 2288 minus
898 2265 963 2300 per
979 2253 1076 2299 ipsos
1097 2252 1284 2299 indigenas
1301 2252 1459 2299 principe
1477 2251 1570 2298 legi-

69 2297 152 2333 timo
170 2305 343 2343 carentes,
367 2312 469 2346 quam
487 2311 551 2345 per
570 2299 779 2343 catalanos,
803 2300 866 2345 qni
883 2300 951 2335 iam
969 2300 1102 2346 pridem
1118 2299 1190 2334 illic
1208 2299 1485 2334 dominabantur.
1524 2299 1568 2333 In

68 2343 186 2380 luxum
210 2346 300 2381 enim
317 2358 359 2382 ac
375 2347 520 2394 potandi
542 2346 717 2382 licentiam
734 2347 843 2394 lapsis
859 2348 1059 2394 nepotibus,
1082 2347 1225 2382 multum
1246 2346 1451 2381 debilitatae
1467 2348 1570 2381 erant

68 2391 205 2428 illorum
226 2393 338 2436 vires,
362 2394 413 2428 ita
430 2399 469 2428 ut
485 2395 695 2429 contendere
711 2395 780 2429 iam
797 2394 892 2429 haud
912 2400 1077 2442 possent,
1098 2406 1167 2429 non
1184 2405 1261 2429 cum
1279 2394 1414 2428 viribus
1536 2393 1546 2401 ‘

70 2439 201 2483 solum,
226 2440 290 2475 sed
318 2453 363 2476 ne
389 2452 465 2476 cum
488 2440 534 2475 iis
565 2441 706 2487 quidem
732 2441 914 2488 partibus,
939 2453 1029 2487 quae
1050 2441 1142 2477 domi
1159 2441 1326 2487 paulatim
1347 2441 1392 2475 ab
1418 2439 1571 2489 invicem

68 2485 327 2522 divellebantur
351 2492 460 2534 atque
483 2487 777 2523 distrahebantur.
826 2488 930 2533 (111.)
954 2488 996 2522 In
1017 2488 1109 2523 hunc
1128 2499 1241 2523 rerum
1264 2491 1392 2522 statum
1415 2498 1493 2522 cum
1517 2487 1572 2522 in-

71 2532 219 2569 cidisset
230 2534 379 2569 Ioannes
398 2535 572 2580 Angelus,
594 2534 649 2570 vir
669 2534 972 2578 bellicosissimus,
995 2535 1142 2570 maxima
1159 2534 1367 2570 Thessaliae
1384 2538 1487 2580 parte
1506 2546 1572 2580 po-

70 2580 155 2615 titus
178 2581 316 2616 fuerat:
349 2586 422 2616 tum
444 2581 535 2616 idem
562 2583 679 2617 statim
701 2582 793 2617 ultra
820 2593 1026 2628 progressus
1049 2582 1192 2618 Aetolos
1214 2581 1414 2627 Locrosque
1439 2581 1571 2617 Ozolas

70 2628 268 2674 subegerat.
315 2628 413 2670 Quin
439 2634 477 2663 et
501 2633 612 2664 totam
639 2640 779 2676 quoque
794 2629 1026 2664 Acarnaniam
1048 2630 1261 2676 procedente
1288 2632 1444 2674 tempore
1471 2629 1573 2664 inva-

69 2678 187 2717 serat,
211 2676 459 2720 oomprehensa
481 2675 578 2722 prius
599 2677 819 2712 Acarnanum
838 2675 997 2723 principe
1012 2678 1136 2719 Anna,
1168 2686 1278 2710 uxore
1301 2674 1394 2709 illius
1416 2674 1574 2721 Cephal-

70 2721 184 2755 lenum
201 2721 357 2765 eomids,
392 2722 454 2770 qui
479 2723 595 2758 multis
615 2723 682 2758 iam
702 2728 784 2757 ante
803 2723 903 2758 annis
919 2723 1124 2766 interierat3
1147 2726 1188 2757 ut
1207 2733 1315 2768 supra
1333 2722 1502 2764 diximus,
1525 2721 1572 2756 de

11 2772 14 2775 ‘
70 2778 114 2801 ea
130 2766 210 2814 ipsa
229 2779 269 2803 re
286 2768 509 2805 disserentes.
559 2770 674 2812 Quam
695 2769 833 2816 quidem
853 2770 1038 2805 foeminam
1062 2774 1104 2805 ut
1130 2769 1248 2804 statim
1266 2768 1461 2811 occideret,
1483 2780 1572 2803 non-

70 2812 156 2848 nulli
176 2813 410 2860 instigabant:
433 2815 498 2851 nec
513 2817 604 2852 enim
629 2816 822 2863 quieturam
841 2826 920 2852 esse
936 2816 1030 2852 illam
1047 2815 1242 2863 imperandi
1261 2815 1458 2858 libidinem,
1482 2827 1572 2862 quae

71 2863 169 2896 tauto
192 2859 259 2896 iam
283 2866 440 2910 tempore
459 2862 572 2900 infixa
587 2867 682 2900 esset
698 2864 811 2900 animo
828 2863 941 2901 illins:
965 2863 1029 2900 sed
1044 2862 1329 2911 quemadmodum
1342 2862 1437 2909 ignis
1450 2862 1487 2898 in
1506 2874 1571 2911 pa-
