1794 3172
263 166 397 215 1022
671 167 987 215 NICEPHORI
1015 166 1340 214 GREGORAE

41 293 80 328 A.
96 292 142 327 Μ.
160 291 252 330 6859
264 280 613 327 ἔνεκαλλωπίσατο
634 277 819 329 κάκεῖνος
849 278 985 337 ἐκείνῳ
1010 281 1070 338 τῷ
1097 274 1239 338 φόνῳ,
1276 274 1469 337 καθάπερ
1493 275 1558 320 ἐπὶ
1577 275 1742 339 μεγάλῳ

92 338 199 378 ΜΛ
261 353 341 397 τινὶ
362 347 663 410 προτερήματι,
699 347 773 392 τὸν
791 345 921 391 πάλαι
940 349 985 390 Ν
986 346 1117 405 ε’ρωνα
1135 345 1440 404 μιμησάμενος,
1475 353 1564 397 τοῖς
1583 348 1743 399 οἰκείοις

264 419 480 477 αὗλήμασί
497 435 540 462 τε
558 420 627 462 καὶ
649 415 879 475 ὄρχήμασιν
899 414 1228 475 ε’γκαυχώμενον,
1269 416 1296 460 ἃ
1317 424 1408 469 ταῖς
1434 417 1546 468 νυξὶν
1566 417 1740 461 ἐπετέλει

219 501 252 538 D
264 495 323 551 τῷ
346 491 547 547 βασιλικῷ
565 484 724 544 βήματι
735 520 749 541 ,
790 487 875 531 ἐκεῖ
885 487 1135 543 καθημένων
1152 491 1236 531 τῶν
1255 491 1333 544 τῆς
1352 485 1482 531 πάλαι
1496 483 1657 543 Ῥώμης
1673 488 1742 530 εὔ-

263 560 475 617 πατριδῶν
498 558 566 600 καὶ
584 561 863 615 συγκλητικῶν
885 556 934 601 οὗ
956 554 1072 612 μάλα
1103 554 1292 602 ἑκόντων.
1366 555 1459 617 (Β)
1499 554 1623 600 Οῧτω
1649 557 1768 602 τοί-5

262 646 338 674 νυν
357 629 425 672 καὶ
447 625 474 684 ἡ
496 626 623 684 σεμνὴ
645 631 729 672 τῶν
751 624 981 671 ἐπισκόπων
1010 624 1116 683 αὕτη
1147 627 1330 684 φατρία,
1365 626 1465 678 τοὺς
1495 623 1615 683 ήμῶν
1643 628 1743 670 διω-

262 697 392 756 γμοὺς
417 695 702 753 ὄρχησαμὲνη,
739 701 799 757 τῷ
823 699 1014 758 Παλαμᾷ
1041 697 1110 740 καὶ
1143 694 1337 754 ἀλλήλοις
1365 693 1623 753 συνεχώρουν
1649 694 1745 753 ἑξῆς

262 767 317 811 τὰ
335 771 412 823 τῆς
430 766 620 823 ἀσεβείας
640 764 898 824 ἐγκλήματα,
935 762 1230 823 προτερήματα
1257 770 1417 822 μᾶλλον
1439 766 1548 810 αὐτὰ
1575 782 1743 824 προσει-

227 834 414 887 Επόντες
432 837 502 879 καὶ
525 833 714 893 δόγματα
735 836 961 891 εὐσεβείας,
1000 840 1078 893 τῆς
1099 835 1366 891 ἀντιμισθίας
1393 835 1522 886 εὐθὺς
1544 833 1745 892 ἑπομένης

170 904 179 910 ’
266 906 410 957 αὐτοῖς
439 903 650 962 ἀναλόγως
672 907 739 949 καὶ
760 910 844 950 τῶν
865 904 1062 950 ἐπάθλων
1070 939 1085 960 ,
1127 905 1197 948 διὰ
1223 910 1309 949 τῶν
1339 907 1384 950 ἐκ
1402 909 1620 962 βασιλικοῦ
1652 907 1742 964 τρί-
1754 914 1794 950 m

264 977 396 1027 ποδος
424 973 738 1031 θεσπισμάτων.
787 977 982 1030 διανομαὶ
1010 979 1146 1019 ταῦτα
1172 973 1399 1032 χρημάτων
1427 977 1495 1018 καὶ
1523 972 1745 1031 κτημάτων

113 1052 158 1089 V.
173 1053 244 1091 519
264 1043 464 1103 πρόσοδοι
508 1046 578 1088 καὶ
620 1045 740 1103 ἱερῶν
784 1045 1111 1104 φροντιστηρίων
1162 1041 1509 1103 πολυανθρώπων
1563 1042 1744 1095 ἐκδόσεις

265 1115 370 1172 πρὸς
387 1112 641 1172 ἀνθρώπους
659 1112 980 1170 ἀμαθεστάτους
1000 1113 1055 1165 ὡς
1073 1113 1126 1158 τὰ
1144 1114 1291 1168 πολλὰ,
1326 1116 1394 1158 καὶ
1414 1115 1521 1172 πλὴν
1541 1119 1617 1158 τοῦ
1635 1132 1745 1172 χρη-

265 1185 514 1240 ματίζεσθαι
541 1184 663 1228 πλέον
696 1182 860 1235 εἷδότας
889 1184 1031 1227 οὐδέν·
1069 1185 1368 1240 παραπλησίως
1398 1182 1534 1242 ὥσπερ
1562 1183 1639 1234 τὰς
1662 1201 1745 1241 ‹po-

113 1261 156 1298 Ρ.
176 1259 246 1300 643
266 1252 382 1304 νικὰς
399 1253 643 1311 προγραφὰς
663 1258 746 1298 τῶν
763 1252 891 1297 πάλαι
911 1257 986 1310 τῆς
1003 1251 1163 1309 Ῥώμης
1188 1253 1446 1310 εὐπατριδῶν
1470 1255 1539 1296 καὶ
1565 1258 1742 1310 συγκλη-
1755 1260 1794 1298 15

267 1327 392 1368 τικῶν
419 1321 584 1374 Σύλλας
612 1324 689 1378 μὲν
717 1320 950 1381 Κορνήλιος
981 1320 1203 1380 πρότερον,
1235 1320 1450 1374 Ἀντώνιος
1478 1323 1523 1366 δ’
1551 1320 1740 1381 ὕστερον,

266 1390 613 1451 τυραννικώτερον
634 1396 685 1451 τῇ
707 1383 872 1453 ἐξουσία
892 1389 1239 1448 ἐπιπηδήσαντες·
1275 1391 1383 1448 πλὴν
1403 1390 1466 1435 ὅτι
1485 1392 1648 1443 ἐκείνοις
1666 1393 1742 1447 μὲν

268 1459 475 1517 σωμάτων
493 1462 680 1518 γίνεσθαι
702 1467 918 1519 φονευταῖς
947 1459 1115 1518 ἐγεγόνει
1154 1461 1224 1504 διὰ
1253 1460 1329 1517 τὴν
1357 1466 1442 1505 τῶν
1465 1460 1647 1518 κτήσεων
1665 1460 1744 1519 ἅρ-

268 1531 404 1588 παγὴν
426 1532 493 1574 καὶ
514 1528 712 1588 διανομήν
726 1545 736 1554 ·
773 1529 936 1582 τούτοις
957 1531 1001 1574 δὲ
1021 1534 1170 1586 ψυχῶν
1198 1528 1304 1586 ὅμοῦ
1327 1532 1394 1573 καὶ
1414 1530 1620 1585 σωμάτων
1652 1531 1744 1575 ὄλε-

267 1605 377 1658 θρος
406 1600 515 1651 ἅπας
551 1599 900 1658 ἐπραγματεύετο·
955 1604 1104 1656 ψυχῶν
1135 1600 1211 1655 μὲν
1247 1604 1332 1644 τῶν
1365 1601 1479 1644 ἰδίων
1488 1634 1502 1654 ,
1549 1598 1651 1658 ὖπὲρ
1686 1594 1743 1644 ὧν
1753 1609 1794 1644 20

267 1669 480 1726 ἠπείγοντο
495 1683 506 1694 ·
552 1668 758 1725 σωμάτων
791 1671 836 1713 δὲ
863 1673 962 1713 τῶνἼ
978 1669 1230 1726 ἀλλοτρίων,
1278 1668 1385 1713 καθ’
1425 1663 1483 1713 ὧν
1512 1669 1741 1727 ἠπείγοντο.

230 1737 362 1798 Β<Γ.)
379 1738 547 1783 ”Euam
567 1741 819 1798 ψηφίζονται
842 1739 950 1782 καθ’
973 1736 1091 1795 ἡμῶν
1111 1739 1179 1797 ἐφ’
1205 1737 1362 1797 ἑτέραις
1383 1737 1526 1797 ἑτέρας
1544 1740 1746 1793 διανομὰς

272 1805 480 1852 κολάσεων
509 1808 692 1861 ἀϊδίους·
731 1807 867 1867 ὥσπερ
889 1808 932 1851 ἐν
955 1815 1046 1858 ταῖς
1073 1808 1351 1866 ἀρχαιρεσίαις
1376 1814 1465 1859 τοῖς
1489 1806 1617 1852 πάλαι
1642 1807 1743 1852 Ῥω-

271 1879 410 1934 μαίοις
439 1879 611 1935 ἐδρᾶτο·
667 1878 774 1935 πλὴν
809 1876 872 1922 ὅτι
905 1877 1068 1927 ἐκείνοις
1097 1878 1172 1932 μὲν
1199 1875 1590 1936 ἱᾶρχαιρεσιάζουσι,
1627 1880 1743 1934 τιμαὶ

273 1998 317 2022 ea
337 1986 443 2022 caede
461 1987 642 2023 ambitiose
662 1993 698 2023 et
714 1987 792 2034 ipse
809 1991 970 2033 tanquam
991 1986 1035 2021 de
1059 1985 1202 2033 egregia
1219 1986 1335 2033 aliqua
1353 1987 1502 2023 victoria
1519 1987 1745 2033 gloriabatur,

274 2033 449 2078 antiquum
480 2034 651 2069 Neronem
681 2035 854 2076 imitatus,
887 2034 1046 2068 tibiarum
1072 2034 1230 2068 cantibus
1262 2040 1298 2068 et
1326 2034 1489 2079 tripudiis
1521 2034 1747 2079 gloriantem3

275 2079 399 2125 quibus
426 2079 485 2115 ille
513 2080 548 2115 in
572 2080 648 2126 ipso
667 2085 832 2126 suggestu
860 2080 938 2114 solii
956 2080 1188 2125 imperatorii,
1219 2080 1449 2115 assidentibus
1468 2081 1598 2116 veteris
1615 2081 1746 2115 Romae

275 2124 434 2172 patriciis
462 2131 499 2161 et
523 2127 707 2161 senatoriis
724 2126 829 2167 viris,
852 2137 916 2160 nec
936 2126 980 2160 iis
1001 2125 1137 2171 quidem
1154 2127 1331 2162 admodum
1347 2127 1560 2169 volentibus,
1583 2128 1627 2161 de
1643 2131 1747 2162 nocte

277 2173 497 2217 operabatur.
544 2173 627 2218 (ΙΙ.)
652 2172 734 2208 Pari
752 2172 851 2207 modo
876 2173 1073 2207 venerabile
1094 2173 1178 2207 illud
1197 2173 1438 2219 episcoporum
1463 2173 1660 2219 collegium,
1683 2185 1746 2208 no—

277 2218 360 2252 stris
380 2218 632 2254 calamitatibus
652 2219 748 2254 velut
767 2218 899 2254 saltatis
911 2244 921 2261 ,
945 2219 1104 2254 Palamae
1120 2223 1156 2254 et
1174 2219 1240 2254 sibi
1266 2219 1414 2255 invicem
1440 2220 1603 2265 deinceps
1630 2220 1745 2255 laesae

279 2263 421 2311 pietatis
441 2265 584 2300 crimina
603 2266 862 2306 condonabant;
886 2265 985 2300 immo
1005 2278 1046 2301 ea
1063 2266 1106 2300 ab
1122 2265 1191 2300 illis
1210 2266 1306 2301 facta
1323 2265 1448 2301 eximia
1470 2270 1507 2301 et
1529 2277 1633 2301 verae
1659 2266 1744 2301 reli-

278 2310 393 2356 gionis
412 2310 572 2356 dogmata
589 2312 864 2357 appellabantur.
913 2313 1026 2358 Atque
1043 2312 1128 2359 ipsis
1145 2312 1262 2347 statim
1287 2313 1413 2347 salaria
1429 2315 1465 2347 et
1484 2313 1656 2358 praemia,
1682 2323 1745 2359 pro

278 2356 443 2403 cuiusque
465 2357 653 2403 dignitate,
678 2358 769 2392 datis
793 2370 835 2392 ex
853 2358 1072 2406 imperatorio
1091 2358 1229 2404 tripode
1246 2359 1442 2404 responsis,
1468 2358 1745 2401 constituuntur;

275 2404 498 2450 pecuniarum
522 2404 657 2438 scilicet
677 2404 897 2450 largitiones,
921 2410 957 2440 et
978 2405 1110 2440 reditus
1133 2416 1176 2440 ex
1202 2405 1353 2451 praediis
1370 2404 1605 2451 percipiendi:
1628 2417 1670 2440 ac
1687 2417 1746 2440 res

277 2449 557 2485 monasteriorum
593 2451 941 2496 frequentissimorum
965 2451 1122 2486 locantur
1148 2451 1356 2494 hominibus,
1379 2451 1642 2498 imperitissimis
1669 2452 1747 2497 ple-

277 2496 417 2541 risque,
441 2499 478 2531 et
493 2496 578 2531 nihil
591 2496 656 2531 nisi
675 2498 849 2542 pecuniam
865 2498 980 2534 facere
997 2497 1125 2533 doctis:
1147 2496 1266 2532 itidem
1284 2498 1359 2533 fere
1378 2502 1418 2533 ut
1434 2497 1513 2533 olim
1532 2497 1694 2532 nobilium
1710 2501 1747 2533 et

277 2543 446 2577 senatorii
463 2543 592 2578 ordinis
603 2542 726 2578 civium
740 2544 966 2579 Romanorum
986 2543 1227 2591 sanguinariae
1242 2544 1510 2590 proscriptiones
1526 2544 1642 2579 factae
1653 2547 1744 2585 sunt,

279 2588 425 2635 primum
444 2601 465 2624 a
481 2589 643 2624 Cornelio
666 2589 782 2636 Sylla,
806 2590 932 2625 deinde
950 2591 993 2626 ab
1013 2589 1183 2632 Antonio,
1207 2590 1268 2636 qui
1284 2602 1445 2626 summam
1466 2594 1671 2636 potestatem
1687 2594 1745 2637 ty-

278 2635 419 2671 rannice
437 2635 659 2679 invaserant3
681 2636 748 2670 nisi
762 2637 855 2682 quod
871 2637 922 2671 illi
938 2642 977 2672 ut
997 2638 1087 2672 bona
1105 2636 1295 2682 diriperent
1311 2648 1354 2672 ac
1374 2637 1642 2679 distribuerent,
1665 2648 1745 2671 cor-

279 2692 399 2726 porum
419 2681 658 2717 interfectores
679 2682 864 2725 exstitere3
887 2683 923 2717 hi
950 2695 1034 2718 vero
1061 2683 1235 2718 animabus
1263 2682 1362 2719 simul
1382 2687 1419 2719 et
1444 2683 1643 2730 corporibus
1668 2682 1745 2718 exi-

276 2727 362 2762 tium
379 2728 583 2772 moliuntur;
596 2728 780 2764 ,animabus
798 2729 932 2775 quidem
949 2730 1020 2764 suis
1031 2755 1042 2772 ,
1087 2729 1187 2764 uibus
1204 2729 1389 2776 prodesse3
1411 2730 1612 2776 corporibus
1633 2733 1745 2764 autem

279 2772 421 2817 alienis,
444 2775 568 2821 quibus
585 2786 710 2811 nocere
724 2776 942 2811 contendunt.
989 2741 1092 2822 (1113
1115 2775 1383 2812 Distributiones
1408 2775 1535 2811 deinde
1556 2786 1743 2822 poenarum

278 2819 364 2854 alias
381 2832 425 2855 ex
443 2821 520 2856 aliis
541 2826 708 2868 perpetuo
723 2821 759 2856 iu
778 2832 840 2856 nos
858 2822 1069 2865 decernunt3
1091 2823 1368 2869 quemadmodum
1390 2834 1412 2858 a
1437 2822 1482 2857 ud
1507 2827 1647 2857 veteres
1671 2821 1743 2856 Ro-

279 2876 395 2901 manos
417 2866 453 2902 in
481 2867 628 2904 comitiis
653 2868 782 2912 fiebat3
814 2867 883 2905 nisi
904 2868 996 2916 quod
1019 2867 1089 2905 illis
1118 2868 1256 2906 comitia
1284 2869 1496 2914 ,habentibus
1523 2868 1673 2906 honores
1707 2872 1743 2903 et
