1754 3164
545 142 1537 194 ANNOTATIONES.1253

9 254 79 296 καὶ
117 251 349 308 φιλοσόφου
385 251 495 310 λὸγοι
531 254 633 297 κατοέ
672 260 754 298 τῶν
789 255 831 307 ἐξ
861 251 921 297 ὠν
959 255 1030 296 καὶ
1069 250 1187 305 αύτὸς
1223 250 1328 296 εἷλκε
1354 252 1399 297 τὸ
1424 254 1540 311 γένος

8 309 164 354 Ἰταλων
185 320 261 353 etc.
304 311 518 352 Barlaami
538 314 722 354 monachi
741 324 776 352 et
790 313 1018 367 philosophi
1036 315 1232 352 orationes
1251 311 1437 352 adversus
1455 311 1540 352 Ita-

9 369 97 420 los,
128 386 154 410 a
175 369 318 426 quihus
350 380 387 409 et
413 372 496 424 ipse
519 385 641 423 genus
675 370 852 413 ducebat.
910 372 990 410 Eae
1022 377 1117 409 sunt
1147 371 1348 409 elationes
1374 370 1537 422 viginti:

10 428 158 479 quibus
180 427 403 481 praefixum
434 429 676 480 epigramma
703 429 863 468 minime
887 429 1065 479 elegans,
1095 429 1137 466 in
1164 442 1244 480 quo
1272 428 1404 467 lector
1426 428 1540 468 iube-

9 491 77 523 tur
98 486 244 537 gratias
264 486 346 523 Deo
369 487 560 524 maximas
582 499 710 537 agere,
743 486 854 539 quod
874 487 1038 525 Latinus
1065 492 1203 525 contra
1225 486 1390 525 Latinos
1417 500 1539 540 prae-

10 542 138 582 claras
161 543 250 581 illas
272 543 472 590 orationes
496 543 716 595 scripserit.
772 556 930 583 Boxvm.

127 612 361 664 Pag-557,
395 615 461 655 16.
524 612 606 653 Καὶ
642 612 922 666 σφαλλομένης
964 608 1109 666 εὕχῆς]
1155 612 1325 652 Exstant
1361 612 1402 651 in
1438 613 1538 655 cod.

8 669 103 720 Reg.
122 668 247 710 2404.
270 668 339 708 fol.
363 672 458 713 305.
478 683 515 708 v·
537 670 668 723 capita
691 671 846 722 aliquot
874 669 968 724 περὶ
994 673 1237 739 προσευχῆς,
1276 671 1400 709 variis
1428 671 1542 710 Pala-

8 739 95 765 mae
126 725 333 778 opusculis
360 726 592 777 subiuncta,
632 728 768 767 addito
797 727 876 766 hoe
906 728 1048 778 titulo,
1079 730 1152 768 τοῦ
1181 723 1308 769 αὐτοῦ
1339 724 1540 781 κεφαλαια

7 782 99 838 περὶ
129 785 354 837 προσευχῆς
396 783 466 824 καὶ
494 786 663 838 καρδίας
702 782 996 850 καθαρότητος.
1054 786 1205 824 Eorum
1233 798 1381 835 unum,
1427 785 1536 838 quod

7 847 48 880 et
77 840 253 908 primum
291 840 335 879 in
373 854 421 880 eo
462 842 603 881 codice
641 843 840 892 occurrit,
881 844 936 882 ita
975 842 1117 883 habet:
1155 838 1316 896 Ἐπειδὴ
1345 840 1391 884 τό
1419 848 1539 885 θεῖον

8 892 317 952 αυτοαγαθότης
345 897 447 947 ἐστὶ,
486 899 555 941 καὶ
583 900 691 949 ἕλεος
721 896 974 969 αὐτόχρημα,
1018 900 1087 940 καὶ
1116 897 1295 953 α’βυσσος
1322 898 1539 954 χρηστότη-

6 971 95 1006 τος,
139 957 292 1008 μᾶλλον
325 953 370 997 δὲ
397 955 466 997 καὶ
494 960 567 1010 τῆς
594 954 780 1028 οἷβύσσου
814 955 964 1010 ταύτης
1001 954 1286 1011 περιληπτικόν
1314 956 1540 1030 ω’σπερέχον

8 1011 119 1066 (sort.
145 1028 199 1060 ως
215 1011 429 1070 ὖπερεχον)
450 1011 603 1064 παντός
623 1031 666 1056 τε
695 1011 894 1068 ὀνόματος
923 1012 1241 1068 ὀνομαζομένου,
1270 1014 1341 1056 καὶ
1367 1015 1539 1069 νοουμὲ·

6 1086 82 1111 νου
111 1086 364 1142 πραγματος,
393 1074 447 1128 τῇ
473 1088 582 1139 προς
606 1069 706 1115 αὐτο
736 1069 879 1114 ἕνῶσει
911 1069 1016 1129 μόνῃ
1046 1069 1179 1143 τύχοι
1187 1070 1242 1113 ἅν
1269 1088 1329 1121 τις
1357 1076 1432 1114 τοῦ
1459 1071 1539 1115 ἕλε’-

9 1144 92 1176 ους.
138 1127 302 1168 ἑνοῦται
338 1127 383 1169 δέ
417 1145 478 1178 τις
510 1126 638 1171 τούτω
671 1133 725 1186 τῇ
760 1131 957 1187 κοινωνία
997 1146 1099 1170 κατα
1134 1126 1179 1170 τό
1215 1129 1419 1199 ἐγχωροῦν
1457 1134 1539 1172 τοῖν

7 1184 157 1238 ὁμοίων
196 1200 372 1253 αρετων,
415 1186 485 1227 καὶ
512 1191 566 1244 τῇ
592 1188 787 1229 κοινωνία
823 1190 896 1239 τῆς
932 1185 1034 1228 κατοὶ
1068 1184 1147 1257 τὴν
1165 1202 1308 1256 ‘evxnv
1335 1185 1439 1242 πρὸς
1466 1204 1539 1229 τον

5 1240 110 1284 θεον
140 1238 318 1295 δεήσεως
344 1259 387 1285 τε
410 1244 480 1285 καὶ
518 1245 718 1294 αἰνέσεως.
763 1230 865 1287 αλλ’
889 1243 921 1299 ἦ
949 1243 1023 1298 μὲν
1042 1240 1206 1313 οἷρετων
1234 1246 1449 1296 κοινωνία,
1480 1241 1539 1287 δι’

6 1296 241 1353 ὁμοιότητα,
281 1298 385 1355 πρός
420 1300 632 1373 υποδοχην
670 1305 743 1344 τοῦ
780 1304 902 1345 θείου
939 1298 1167 1356 ἐπιτήδειον
1208 1299 1277 1343 τὸν
1314 1304 1538 1345 σπουδαῖον

5 1356 162 1409 πέφυκε
190 1356 518 1411 κατασκευάζειν,
554 1357 605 1402 ου’
633 1359 768 1414 μέντοι
798 1361 867 1402 καὶ
897 1359 1032 1401 ἑνοῦν.
1091 1359 1121 1413 ἦ
1148 1357 1193 1400 δὲ
1219 1362 1293 1413 τῆς
1320 1356 1439 1414 ευχῆς
1470 1357 1539 1402 δυ’-

5 1431 126 1468 ναμις
163 1412 293 1468 αὐτην
309 1416 534 1484 ἵερουργεῖ
563 1418 633 1459 καὶ
672 1422 938 1487 τελεσιουργεῖ
962 1433 1038 1470 την
1077 1419 1151 1458 τοῦ
1151 1412 1407 1488 ῗανθρώπου
1435 1416 1538 1473 πρός

5 1489 49 1514 το
80 1477 200 1514 θεῖον
241 1469 438 1515 ἅνατασίν
466 1490 508 1516 τε
545 1475 616 1516 καὶ
655 1475 819 1525 ενωσιν,
859 1472 1084 1527 σύνδεσμος
1116 1468 1220 1515 ουσα
1255 1478 1337 1515 τῶν
1365 1478 1539 1529 λογικων

5 1546 109 1584 προς
135 1527 207 1571 τὸν
235 1531 424 1572 κτισαντα
460 1530 705 1601 κτισματων·
765 1529 862 1574 ’ὅταν
901 1531 1037 1585 μέντοι
1067 1535 1149 1572 τῶν
1177 1535 1330 1573 παθῶν
1356 1533 1427 1573 καὶ
1455 1536 1538 1574 τῶν

4 1590 208 1641 λογισμῶν
237 1583 294 1628 δι’
322 1585 503 1643 ἐμπύρου
541 1585 794 1640 κατανύξεως
829 1588 1070 1660 ὖπεραναβῇ
1107 1605 1157 1630 τα
1188 1592 1261 1641 τῆς
1301 1585 1430 1643 ευχῆς.
1478 1593 1538 1647 τῷ

5 1642 81 1699 γὰρ
123 1645 305 1697 ἕμπαθεῖ
338 1649 399 1702 νῷ
438 1646 647 1706 ἒνωθῆναι
679 1645 749 1689 τὸν
786 1645 906 1698 θεὸν,
951 1630 1176 1688 ἀδύνατον·
1218 1643 1328 1687 ὥσθ’
1363 1645 1386 1688 ὁ
1422 1650 1535 1698 νοῦς,

6 1702 140 1756 μέχρις
172 1698 224 1742 &v
252 1706 434 1753 τοιοῦτος
463 1706 488 1761 ᾑ
521 1701 755 1758 εὐχόμενος,
790 1701 886 1746 οὐδὲ
913 1707 987 1745 τοῦ
1015 1703 1149 1751 ἐλέους
1179 1703 1310 1757 ἔτυχε·
1348 1701 1535 1746 καθόσον

6 1758 66 1800 δὲ
77 1774 160 1800 των
186 1762 387 1830 λογισμῶν
414 1757 628 1803 ανανεύειν
658 1759 850 1813 δύναται,
887 1778 989 1803 κατα
1017 1764 1212 1802 τοσοῦτον
1239 1777 1309 1802 και
1335 1764 1413 1803 τοῦ
1439 1761 1534 1803 πέν-

3 1822 110 1865 θους
119 1818 290 1871 γίνεται·
310 1814 532 1889 ἀναλόγως
538 1818 581 1860 δὲ
598 1823 652 1877 τῷ
669 1819 825 1870 πένθει,
837 1819 906 1860 καὶ
923 1821 998 1860 τοῦ
1013 1818 1146 1867 ἐλέους
1162 1821 1234 1871 τῆς
1244 1815 1535 1874 παρακλήσεως

5 1872 309 1928 μεταλαγχανει·
350 1873 430 1917 κᾶν
459 1874 616 1926 τούτοις
657 1877 889 1932 ἐγχρονίσας
922 1892 1018 1930 μετα
1056 1872 1355 1926 ταπεινώσεως,
1394 1875 1535 1919 καὶτὸ

4 1930 236 1984 παθητικον
267 1949 376 1974 απαν
405 1930 683 1987 μετασκευάζει
707 1938 781 1987 τῆς
808 1937 958 1987 ψυχῆς.
1016 1933 1063 1972 Id
1081 1940 1152 1984 est,
1185 1935 1405 1987 interprete
1423 1935 1466 1974 C
1484 1934 1532 1976 V.

7 1989 434 2041 Cl.Capperonne1i0:
470 1990 667 2043 Quoniam
690 1992 797 2031 Deus
823 1992 911 2046 ipsa
938 2007 1008 2044 per
1025 2006 1066 2030 se
1086 1990 1241 2031 bonitas
1265 2001 1333 2043 est,
1363 2002 1400 2031 et
1420 1993 1533 2032 mise-

5 2045 205 2096 ricordia,
245 2057 281 2086 et
315 2046 503 2087 bonitatis
531 2048 718 2103 abyssu35
751 2065 818 2088 seu
843 2049 978 2102 potius
1005 2047 1110 2088 hanc
1137 2046 1320 2103 abyssum
1355 2063 1533 2104 compre-

4 2102 165 2154 itendit,
217 2114 349 2157 utpote
378 2106 448 2159 qui
473 2106 524 2144 sit
549 2121 669 2159 supra
697 2105 742 2145 id
775 2121 887 2145 omne
914 2103 1022 2160 quod
1050 2106 1277 2145 nominatur
1311 2115 1348 2145 et
1387 2105 1533 2147 intelli·

2 2161 131 2214 gitur,
189 2160 500 2201 misericordiam
541 2164 726 2217 consequi
768 2177 879 2202 nemo
911 2172 1062 2215 potest,
1113 2163 1190 2201 nisi
1217 2173 1407 2217 quatenus
1441 2179 1532 2204 cum

5 2220 91 2271 ipso
124 2219 214 2257 Deo
243 2219 388 2258 unitur.
445 2218 582 2273 Neque
606 2222 706 2259 enim
736 2235 823 2260 cum
850 2222 937 2273 ipso
964 2223 1098 2259 unitur
1124 2221 1343 2274 quispiam,
1377 2221 1456 2260 nisi
1481 2221 1532 2259 si-

4 2273 181 2325 milium,
213 2274 348 2329 quoad
375 2277 455 2315 eius
482 2278 574 2328 fieri
598 2287 747 2330 potest,
777 2278 964 2316 virtutum
989 2278 1186 2330 particeps
1199 2278 1300 2332 fiat,
1331 2287 1367 2317 et
1397 2275 1531 2317 laudis

5 2346 55 2371 ac
82 2347 264 2384 precum,
306 2348 407 2387 quas
435 2333 520 2372 Deo
554 2335 654 2373 inter
682 2332 876 2373 orandum
893 2332 1141 2390 fundimus,
1180 2332 1324 2373 habeat
1357 2349 1529 2374 commu-

4 2390 171 2427 nionem.
228 2387 283 2428 Iti
312 2399 441 2429 tamen
480 2390 684 2431 intercedit
714 2389 954 2430 discriminis
982 2392 1160 2430 virtutem
1198 2392 1300 2429 inter
1330 2400 1365 2428 et
1389 2404 1528 2444 preca·

3 2446 172 2496 tionem,
213 2445 322 2500 quod
357 2449 542 2486 virtutum
581 2449 823 2497 communio,
864 2456 1024 2501 propter
1050 2446 1276 2487 huiusmodi
1303 2445 1528 2486 similitudi-

4 2515 111 2551 nem,
161 2504 287 2541 virum
318 2504 486 2558 probum
527 2503 583 2543 ad
612 2507 892 2557 susceptionem
933 2502 1152 2543 divinitatis
1189 2514 1322 2557 apium
1360 2502 1526 2558 fflciat‚

3 2573 83 2598 ΠΟΠ-
111 2574 200 2598 vero
231 2575 318 2599 cum
350 2577 395 2600 ea
422 2563 647 2613 un1015'27i3
676 2572 803 2600 antem
831 2577 989 2615 precum
1019 2560 1189 2600 hominis
1207 2558 1262 2598 ad
1282 2560 1405 2598 Deum
1428 2558 1527 2598 snb-

2 2616 213 2655 vectionem
244 2626 280 2654 et
308 2620 518 2658 unitionem
546 2621 748 2672 perficiat,
780 2628 987 2668 consecret,
1016 2629 1053 2657 et
1082 2614 1296 2657 rationales
1325 2626 1527 2656 creaturas

3 2687 92 2712 cum
122 2683 294 2712 creatore
318 2677 539 2715 arctissimo
569 2674 726 2715 vinculo
758 2674 978 2715 devinciat.-
1010 2672 1222 2714 dummodo
1246 2687 1393 2726 pravos
1418 2673 1525 2728 affe-

4 2738 90 2768 ctus
112 2738 147 2767 et
172 2740 339 2783 peccata
355 2747 427 2785 per
443 2734 598 2785 igneam
620 2733 952 2785 compunctionem
976 2729 1226 2771 transcendat
1247 2731 1387 2770 oratio.
1416 2728 1524 2768 Nam

0 2786 89 2838 fieri
118 2788 271 2840 nequit,
301 2797 345 2826 ut
367 2804 473 2828 mens
493 2788 731 2828 inordinatis
755 2788 965 2844 ffctihus
985 2797 1180 2829 commota
1200 2801 1287 2825 cum
1308 2785 1391 2824 Deo
1413 2787 1523 2824 unia-

2 2852 77 2881 tur.
136 2842 282 2897 Sicque
312 2844 502 2899 quamdiu
529 2861 636 2886 mens
673 2856 759 2886 orat
788 2846 864 2887 Ιιοο
891 2845 1011 2887 modo
1051 2845 1221 2900 affecta,
1261 2841 1434 2883 nondum
1469 2852 1524 2883 est
