1794 3172
355 164 672 212 HISTORIAE
693 165 1066 214 BYZANTINAE
1088 166 1231 213 XXII.
1243 170 1285 216 4.
1425 161 1556 213 1053

72 293 145 327 τος
153 308 169 331 ,
204 272 388 332 μάλιστα
410 276 457 320 δὲ
475 283 563 328 τοῖς
582 276 655 322 τὸν
671 275 844 334 ἔσχατον
862 275 998 330 οὕτως
1017 274 1116 336 ὅρον
1135 281 1212 335 τῆς
1226 275 1387 336 ἡλικίας
1402 294 1553 337 σκηνο-
1575 293 1662 327 A.c.
1682 289 1771 329 1351

72 349 274 402 βατοῦσιν
289 359 300 371 ·
338 343 405 390 ὅτε
425 343 609 402 μάλιστα
635 348 703 390 καὶ
725 350 802 404 τῆς
824 345 960 403 ἀκμῆς
987 347 1139 405 ἐκείνης
1158 345 1186 404 ἦ
1215 346 1443 408 πανήγυρῑς
1469 340 1772 421 &edsnlmgclpfgn-

73 415 320 470 σβέννυται,
357 415 491 460 καὶτὸ
518 420 603 459 τῶν
621 420 793 474 μακρῶν
823 416 1000 461 ἐλπίδων
1029 414 1085 468 ὥς
1107 416 1161 461 τὰ
1180 417 1314 462 πολλὰ
1340 420 1595 478 παρατρέ-Ε

72 501 135 540 χει
157 484 352 542 θέατρον.
391 483 414 528 ὃ
436 484 489 541 δὴ
517 484 617 528 κάπὶ
647 489 746 529 νοῦν
770 484 838 529 ἀεί
854 503 927 540 μοι
956 486 1175 544 στρέφοντι
1201 491 1287 531 τῶν
1309 486 1554 546 ἀνδριαντο-

46 557 206 602 5ποιῶν
227 570 271 597 τε
293 555 360 596 καὶ
380 557 463 597 τῶν
494 551 721 612 ζωγράφων
749 555 925 606 ἐκείνους
944 553 1057 614 ε’πῄει
1079 554 1336 611 θαυμάζειν,
1366 555 1457 601 ὅσοι
1478 562 1555 615 τῆς

71 626 266 679 χρονικῆς
285 619 479 680 περιόδου
511 623 559 667 τὸ
588 621 715 679 τάχος
733 628 953 679 μιμεῖσθαι
975 624 1045 668 διὰ
1070 629 1146 681 τῆς
1172 625 1317 682 τέχνης
1341 626 1556 679 ἐθέλοντες

75 691 210 749 ἄνδρα
233 695 422 736 ποιοῦσιν
442 691 813 751 ὄπισθοφάλακρον
840 694 915 748 μὲν
939 691 995 744 ὥς
1022 694 1193 749 ἐπίπαν,
1233 694 1282 738 οὗ
1317 694 1360 739 δ’
1386 695 1554 754 ἀναφα-

74 762 244 805 λαντίαν
257 775 267 786 ·
304 761 411 804 ἀλλὰ
430 761 622 817 μέτωπον
641 760 938 820 προϊσχόμενον
959 760 1125 817 λάσιον,
1156 764 1225 807 καὶ
1243 761 1375 820 κόμην
1396 765 1553 810 ἐκεῖθεν

73 829 239 888 μακρὰν
269 831 527 886 καθειμένον.
583 830 717 875 τᾶλλα
754 831 833 889 γὰρ
869 831 985 883 ὄντες
1018 834 1144 890 σοφοὶ
1179 830 1311 889 μόνης
1340 835 1588 879 λείπονταιΕ

17 911 64 948 10
79 904 221 958 φωνῆς
245 901 469 953 ἐνταυθοῖ,
505 902 574 944 καὶ
602 899 759 957 ταύτην
779 900 928 957 ἥκιστα
947 906 1105 959 βαφαῖς
1133 908 1226 952 ταῖς
1256 903 1300 945 ἐκ
1318 901 1552 960 χρωμάτων

76 967 273 1013 δύνανται
294 974 528 1025 μιμεῖσθαι.
576 968 678 1014 ὅθεν
711 975 891 1027 σιγῶσαν
913 968 1070 1014 οὗτωσί
1090 988 1179 1022 πως
1203 971 1342 1015 ἱστᾶσι
1368 977 1553 1028 νομοθε-

75 1040 170 1089 σίας
186 1037 320 1082 εῗκόνα
332 1073 346 1092 ,
377 1040 444 1083 καὶ
464 1037 739 1095 ἀνεκλάλητον
759 1037 917 1097 κήρυκα
938 1043 1062 1083 πᾶσιν
1080 1039 1144 1083 ἀεὶ
1167 1040 1453 1096 διανέμουσιν,
1490 1039 1553 1093 οἷς

75 1108 417 1168 ε’ῥρᾳθυμημένον
456 1108 529 1152 τὸν
565 1109 659 1163 βίον
701 1106 836 1152 ἀνύειν
880 1108 957 1152 οὐκ
984 1107 1094 1152 ἔστιν
1131 1109 1281 1163 αἰδώς,
1328 1112 1554 1166 μονονουχὶ

73 1181 279 1232 βοῶντες,
315 1175 372 1228 ὦς
402 1175 575 1221 κατόπιν
610 1179 719 1221 ἰοῦσι
748 1182 899 1235 τριχῶν
931 1177 980 1221 οὗ
1001 1177 1163 1236 παρέξει
1182 1177 1551 1238 λαβὴνὸΚαιρός,

18 1258 63 1294 15
76 1246 171 1290 ἀλλ’
202 1246 376 1291 ὄλισθον
402 1248 471 1290 καὶ
499 1246 730 1303 ἀποτυχίαν
756 1251 832 1290 τοῦ
853 1247 1120 1303 ποθουμένου
1149 1248 1338 1306 μακρὰν,
1377 1253 1454 1305 τῆς
1472 1250 1546 1305 ε’μ-
1567 1258 1610 1295 Ρ.
1632 1261 1702 1297 663

74 1317 286 1374 προσθίας
300 1315 381 1373 ἤδη
400 1320 476 1359 τοῦ
494 1314 646 1374 χρόνον
666 1320 799 1373 λαβῆς
827 1316 1177 1375 παρεῤῥυηκυίας,
1210 1319 1280 1360 καὶ
1308 1316 1415 1368 ὅλως
1439 1317 1551 1375 ἀπη-

73 1387 312 1444 γορευκυίας
340 1384 451 1429 ἅπαν
479 1385 528 1429 τὸ
558 1383 851 1441 ἁμιλλώμενον.
923 1385 1012 1445 (Γ.)
1043 1385 1146 1443 Ἐγὼ
1163 1387 1239 1442 μὲν
1261 1386 1314 1442 δὴ
1342 1387 1467 1430 ταῦτ’
1491 1390 1550 1431 εἷ-

73 1455 164 1500 πών
183 1453 435 1511 ἐπεπαύμην.
471 1459 532 1515 τῷ
552 1455 594 1498 δ’
618 1455 747 1505 εὐθὺς
765 1454 978 1514 ἀρχομένῳ
1004 1454 1153 1512 λέγειν,
1186 1449 1243 1499 ὧν
1263 1453 1362 1511 ἡμῖν
1380 1453 1549 1509 εἶκάζειν

75 1525 227 1568 ἐκείνου
261 1523 374 1582 ἐπῄει
400 1523 469 1567 διὰ
498 1525 638 1582 φιλίαν
668 1524 868 1581 ἀρχαίαν,
901 1522 1114 1582 γνώρισμα
1135 1527 1217 1568 τῶν
1236 1522 1431 1568 ἁπάντων
1449 1532 1547 1582 ιτοῖς

19 1604 66 1639 20
78 1594 308 1651 λεγομένοις
329 1591 511 1650 ὖπῆρχεν
531 1593 650 1636 οὐδὲν
661 1626 674 1646 ,
706 1592 785 1646 ὅ,τι
807 1592 867 1649 μὴ
887 1597 968 1636 πᾶν
985 1592 1239 1637 τούναντίον.
1288 1594 1356 1636 καὶ
1383 1593 1463 1651 γὰρ
1491 1593 1545 1637 τὰ

75 1661 269 1720 λεγόμενα
298 1664 461 1720 πικρίαν
481 1660 704 1720 ὑπέφαινεν
729 1664 1001 1718 οῗκουροῦσαν
1024 1662 1068 1706 ἐν
1087 1665 1140 1720 τῇ
1167 1666 1310 1720 ψυχῇ,
1340 1663 1408 1705 καὶ
1427 1659 1582 1718 μάλαΒ

73 1750 139 1777 τοι
174 1731 342 1791 σφόδρα
364 1735 567 1787 βαθεῖαν·
614 1731 690 1788 οὐχ
719 1732 810 1775 οἵαν
849 1731 1126 1791 ἐπισπείρουσι
1150 1732 1255 1786 βίων
1280 1735 1403 1775 τινῶν
1430 1748 1546 1789 περι-

168 1842 225 1880 14.
249 1843 368 1878 Verba
388 1843 544 1879 ἰοῦσι-
555 1841 598 1880 τὸ
621 1840 871 1888 ἁμιλλώμενον
888 1841 1002 1888 Capp.
1019 1840 1196 1887 supplevit
1210 1852 1254 1876 ex
1273 1841 1353 1877 libri
1370 1851 1448 1878 xm.
1465 1853 1497 1877 c.
1511 1841 1546 1879 1.

170 1892 226 1926 19.
251 1888 399 1927 ἐκείνων
420 1890 623 1936 legebatur,
647 1890 741 1936 quod
763 1890 877 1937 Capp.
905 1895 986 1936 post
1010 1885 1187 1925 ἁπάντων
1208 1889 1290 1935 poni
1311 1887 1397 1924 vult.

76 1982 254 2018 terminum
270 1982 365 2018 vitae
382 1987 420 2017 et
438 1982 592 2018 ultimum
610 1986 723 2018 actum
741 1982 792 2017 sic
807 1982 903 2017 velut
917 1981 953 2016 in
970 1993 1075 2017 scena
1099 1981 1267 2028 produnt:
1290 1980 1427 2027 quando
1444 1992 1547 2027 prae-

77 2029 196 2063 sertim
212 2029 356 2063 festivus
379 2029 438 2064 ine
461 2029 560 2073 vigor
585 2029 710 2064 aetatis
726 2028 976 2074 exstinguitur,
999 2034 1036 2063 et
1058 2040 1148 2073 quae
1167 2039 1230 2063 nos
1250 2027 1310 2062 diu
1338 2039 1419 2073 spes
1443 2038 1549 2074 prae-

77 2075 194 2110 clarae
218 2075 396 2117 luserant,
420 2087 535 2110 earum
562 2075 638 2110 fere
666 2075 838 2110 theatrum
868 2074 1145 2120 praeterlabitur.
1202 2074 1306 2116 Quod
1332 2074 1443 2109 animo
1467 2073 1547 2108 dum

77 2133 213 2167 semper
229 2132 357 2156 mecum
375 2121 517 2163 voluto,
540 2121 728 2156 statuarios
755 2121 834 2155 illos
859 2127 896 2155 et
915 2121 1066 2166 pictores
1093 2120 1256 2156 admirari
1274 2120 1385 2162 subit,
1408 2120 1468 2166 qui
1485 2131 1548 2154 ve-

77 2167 187 2203 locem
208 2167 441 2202 convertentis
468 2179 545 2202 sese
572 2167 737 2213 temporis
760 2178 894 2201 cursum
921 2167 1114 2212 exprimere
1137 2171 1215 2202 arte
1240 2178 1304 2201 sua
1319 2178 1395 2201 cum
1414 2165 1546 2207 volunt,

78 2214 243 2248 hominem
261 2214 451 2258 effingunt,
472 2213 614 2258 occipiti
633 2213 770 2258 quidem
787 2213 877 2247 omni
894 2224 938 2247 ex
957 2219 1058 2259 parte
1074 2213 1214 2258 glabro,
1236 2225 1301 2248 nec
1316 2213 1418 2258 plane
1430 2217 1546 2248 tamen

79 2261 178 2295 calvo
198 2261 336 2305 capite,
359 2260 421 2294 sed
435 2261 551 2294 fronte
575 2260 726 2301 hirsuta,
751 2270 772 2294 e
790 2270 860 2305 qua
874 2260 1110 2304 promissiores
1127 2271 1243 2294 comae
1262 2259 1423 2304 pendent.
1453 2258 1546 2292 Nam

78 2306 160 2342 licet
184 2306 266 2342 alibi
292 2317 428 2352 quoque
452 2317 610 2351 magnum
636 2305 784 2351 peritiae
806 2317 889 2340 suae
914 2306 1087 2351 specimen
1118 2306 1321 2348 exhibeant,
1353 2305 1410 2340 hic
1435 2304 1545 2349 ipsam

79 2353 249 2387 duntaxat
266 2364 383 2387 vocem
402 2364 470 2387 non
498 2357 746 2397 assequuntur3
767 2362 867 2397 quam
894 2352 979 2398 quia
1003 2353 1151 2387 colorum
1177 2351 1359 2398 pigmentis
1377 2349 1547 2395 exprime-

78 2411 120 2434 re
134 2403 332 2444 nequeunt,
352 2399 433 2434 ideo
459 2398 601 2433 tacitam
625 2398 714 2443 legis
738 2397 921 2442 imaginem
944 2397 996 2433 sic
1022 2399 1096 2433 fere
1123 2402 1338 2445 proponunt,
1361 2402 1397 2431 et
1415 2400 1545 2430 mutum

80 2456 284 2491 praeconem
310 2449 477 2491 perpetuo
499 2445 668 2490 praebent
687 2443 841 2479 omnibus
859 2444 926 2486 iis,
949 2456 1034 2491 quos
1060 2445 1266 2480 desidiosam
1294 2444 1398 2479 vitam
1425 2441 1544 2476 vivere

79 2503 147 2526 non
166 2491 292 2536 pudet:
315 2490 438 2535 quibus
458 2492 562 2525 etiam
575 2496 775 2525 tantumnon
792 2490 959 2533 clamant,
983 2491 1210 2526 Occasionem
1233 2495 1311 2536 post
1331 2494 1433 2532 terga
1456 2498 1544 2521 eun-

79 2538 176 2572 tibus
195 2537 427 2583 praebituram
450 2548 518 2571 non
543 2549 622 2572 esse
645 2536 786 2581 capillos
804 2536 1042 2582 arripiendus,
1065 2537 1127 2572 sed
1145 2537 1328 2576 lubricum,
1354 2539 1390 2568 et
1408 2534 1545 2578 longam

80 2595 104 2618 a
126 2588 206 2617 voto
229 2583 496 2625 aberrationem,
519 2584 579 2618 ubi
604 2582 755 2618 anterior
779 2582 942 2628 temporis
968 2594 1051 2618 ausa
1069 2583 1135 2618 iam
1164 2583 1268 2618 fuerit
1287 2581 1423 2626 elapsa,
1447 2584 1483 2613 et
1506 2577 1545 2612 id

79 2641 193 2670 omne,
212 2629 256 2663 de
271 2640 338 2674 quo
348 2629 560 2672 certabatur,
581 2629 718 2675 penitus
738 2627 991 2664 interdixerit.”
1036 2629 1139 2674 (111.)
1162 2629 1227 2663 His
1247 2626 1362 2670 dictis,
1377 2637 1444 2669 ego
1461 2624 1543 2670 qui-

82 2677 159 2710 dem
179 2674 343 2720 loquendi
360 2675 460 2710 finem
481 2675 572 2717 feci,
597 2687 673 2710 cum
696 2685 779 2708 vero
795 2674 890 2721 loqui
911 2674 1091 2710 Cabasilas
1110 2675 1300 2719 inciperet,
1323 2670 1546 2707 conficiebam

82 2722 128 2757 ab
146 2733 188 2755 eo
212 2721 273 2755 ina
297 2720 427 2756 dictum
451 2721 515 2764 iri,
539 2733 628 2767 quae
657 2724 759 2755 vetus
777 2720 927 2756 amicitia
953 2727 1073 2757 nostra
1102 2720 1317 2767 postulabat:
1339 2715 1403 2751 sed
1425 2717 1545 2751 horum

80 2767 208 2803 nullum
230 2766 413 2812 vestigium
437 2767 474 2801 in
498 2767 573 2803 eius
597 2766 715 2803 verbis
737 2766 918 2812 apparuit3
939 2766 1007 2803 imo
1035 2779 1176 2813 prorsus
1195 2764 1367 2800 contraria
1391 2762 1546 2808 protulit.

79 2814 171 2849 Nam
188 2824 415 2858 quaecunque
431 2813 539 2856 dixit,
563 2812 829 2860 profundissime
848 2812 1059 2848 desidentem
1076 2813 1112 2848 in
1130 2813 1204 2847 eius
1220 2810 1332 2845 anima
1349 2808 1546 2844 subindica-

79 2860 166 2896 bant
177 2859 416 2903 acerbitatem
433 2871 500 2896 non
516 2861 651 2907 qualem
666 2858 879 2906 adspergunt
893 2870 955 2898 seu
964 2871 1078 2897 rerum
1094 2861 1315 2898 humanarum
1332 2855 1426 2892 vices
1437 2867 1546 2903 quae-
