1794 3172
262 115 395 165 1072
678 120 994 167 NICEPHORI
1022 120 1344 168 GREGORAE

41 243 81 278 A.
97 242 250 279 M.76859
260 250 335 285 τας
363 233 432 277 καὶ
459 230 656 288 ἐνεργείας
680 229 729 274 τὸ
752 228 904 275 ἓνιαΐον
923 229 1150 289 διέφθαρκε
1171 235 1247 288 τῆς
1265 235 1340 276 τοῦ
1358 229 1523 276 πάντων
1535 233 1735 291 δημιουρ-

98 289 203 326 ¹¹¹d'4
223 307 337 373 Fyoi'i
365 299 590 356 θεότητος·
625 300 733 356 μηδὲ
759 300 839 359 γὰρ
871 298 971 344 εἶναι
998 304 1082 344 τῶν
1114 301 1378 357 δυναμένων,
1414 304 1471 353 εἷς
1498 300 1734 358 ταῦτότητα

262 371 439 432 φυσικὴν
458 370 533 425 τὴν
556 367 777 427 ἑτερότητα
807 360 984 413 συνιέναι
1007 374 1090 413 τῶν
1109 369 1336 427 θεοτήτων.
1384 371 1459 415 οὐκ
1481 370 1563 428 ἄρα
1583 370 1736 427 θεότης

261 441 474 492 ἅκτιστος,
515 437 633 496 ἑτέρα
659 439 774 496 παρὰ
799 439 876 496 τὴν
903 440 1024 483 θείαν
1056 441 1124 482 καὶ
1149 438 1280 497 μόνην
1302 438 1633 498 τρισυπόστατον
1663 441 1736 484 οὗ-

262 512 383 564 σίαν,
418 507 510 553 οὔτ’
541 507 679 562 ἔσται,
717 507 792 552 κᾶν
814 506 963 559 πάντες
991 508 1245 568 διαρραγῶσι
1276 508 1504 568 φάσκοντες
1531 513 1764 565 Παλαμῖ-5

259 593 352 624 ται·
389 578 486 622 οὐδὲ
507 582 619 622 θεῶν
642 582 808 634 πλῆθος
822 576 1069 635 Ἑλληνικόν.
1115 576 1136 622 ὃ
1165 579 1243 637 γὰρ
1263 579 1316 623 τὰ
1339 584 1438 623 θεῖα
1455 579 1582 630 πολὺς
1595 578 1738 623 Ἰωάν-

108 658 150 694 Ρ.
169 657 238 696 674
260 666 349 706 νης,
374 650 446 703 ,,εῗ
469 647 699 700 πολλοὺς,”
723 649 874 706 φησὶν,
900 649 1106 706 ,,ε’ροῢμεν
1127 649 1278 702 θεοὺς,
1308 647 1463 708 ἀνάγκῃ
1482 649 1664 707 διαφορὰ
1696 649 1739 692 ἐν

261 719 415 769 αὐτοῖς.
453 715 475 762 ὅ
494 717 570 773 μὲν
589 717 696 761 κατὰ
716 715 852 760 πάντα
870 718 1041 771 τέλειος,
1076 711 1197 769 οὗτος
1220 717 1271 762 ἂν
1294 718 1354 775 εἴη
1373 719 1480 762 κατὰ
1501 717 1638 762 πάντα
1658 717 1740 774 μό-

260 806 332 840 νος
352 785 475 838 θεός·
513 791 595 838 πᾶς
610 788 662 846 [δὲ
683 785 703 830 ὅ
723 791 797 830 τοῦ
825 788 978 831 τελείου
1008 785 1266 842 λειπόμενος,
1298 787 1326 844 ’ἢ
1349 788 1454 832 κατὰ
1476 786 1736 845 ἀγαθότητα,

262 857 290 915 ἢ
314 857 420 901 κατὰ
441 858 619 915 σοφίαν,
647 855 674 913 ἢ
707 856 812 900 κατὰ
843 855 1040 912 δύναμιν,
1071 855 1098 913 ἢ
1131 855 1237 908 ὅλως
1258 855 1364 901 κατά
1395 875 1457 912 τι,
1493 858 1568 901 οὔκ
1592 857 1642 901 ἂν
1678 858 1738 914 εἴη
1753 869 1794 905 10

262 926 376 978 θεός.
413 931 502 977 πῶς
520 927 565 969 δὲ
593 928 659 968 καὶ
690 929 856 977 πολλοῖς
882 921 975 970 οὖσι
992 926 1039 970 τὸ
1063 926 1368 985 ἀπερίγραπτον
1397 925 1740 986 φυλαχθήσεται;

265 995 373 1041 ἔνθα
392 996 470 1054 γὰρ
495 995 546 1039 ἂν
566 995 625 1052 εἴη
649 993 670 1039 ὃ
695 993 751 1046 εἷς
764 1029 777 1049 ,
808 995 882 1038 οὐκ
901 994 952 1039 ἂν
974 996 1033 1052 εἴη
1053 994 1074 1039 ὃ
1096 996 1244 1052 ἕτερος.
1283 998 1407 1040 δεῖδὲ
1425 997 1498 1041 τὸν
1515 997 1617 1040 θεὸν
1640 996 1742 1040 ἄπε-

223 1067 492 1124 Βρίγραπτον
521 1063 622 1108 εἶναι
650 1067 717 1108 καὶ
746 1062 882 1108 πάντα
911 1065 1195 1122 πληροῦντα.”
1242 1066 1435 1110 σκεπτέον
1467 1062 1541 1110 οὖν
1571 1066 1742 1110 κάντεῦ-

263 1141 367 1188 θεν,
403 1134 512 1186 ὅπως
535 1133 624 1185 ἑνὸς
643 1139 747 1177 θεοῦ
777 1132 1037 1178 παντάπασιν
1065 1134 1320 1192 ἀναίσθητος
1341 1138 1408 1178 καὶ
1429 1134 1566 1192 πάσης
1593 1134 1743 1179 ἀσύνε-

264 1222 339 1256 τος
366 1206 487 1255 θείας
516 1208 682 1262 γραφῇς
711 1201 734 1247 ὃ
763 1206 975 1259 Παλαμᾶς
1011 1203 1241 1261 ἓμεμενήκει
1273 1208 1491 1261 διηνεκῶς,
1538 1203 1742 1263 διάφορον
1756 1215 1794 1253 15

254 1274 412 1331 οὐσίαν
441 1275 508 1317 καὶ
538 1273 738 1331 ἐνέργειαν
766 1273 807 1324 ἐς
836 1272 1072 1331 τούμφανὲς
1102 1275 1381 1330 δογματίζων,
1423 1276 1491 1317 καὶ
1525 1274 1583 1331 μὴ
1615 1273 1743 1329 μόνον

265 1345 365 1400 μίαν
386 1342 544 1393 δεικνύς
562 1341 782 1400 ἑτερότητα
793 1375 805 1396 ,
842 1342 949 1385 ἀλλὰ
967 1344 1034 1385 καὶ
1059 1342 1250 1400 ἀπείρους
1263 1357 1273 1367 ·
1310 1345 1377 1386 καὶ
1396 1343 1456 1400 μὴ
1479 1341 1609 1399 μόνον
1628 1343 1744 1387 ἀπεί-

268 1430 391 1470 ρους,
423 1412 530 1456 ἀλλὰ
557 1413 625 1455 καὶ
655 1412 893 1462 ἀκτίστους”
930 1413 997 1455 καὶ
1023 1411 1232 1469 μὴμόνον
1256 1411 1499 1466 ἇκτίστους,
1536 1413 1645 1456 ἀλλὰ
1675 1415 1745 1456 καὶ

231 1484 431 1538 Ομείζους
449 1483 515 1525 καὶ
535 1479 744 1532 ἐλάττους.
783 1479 804 1524 ὃ
831 1482 876 1524 δὲ
899 1482 1061 1535 μείζους
1091 1483 1158 1524 καὶ
1186 1478 1381 1532 ἐλάττους
1408 1483 1662 1538 δογματίζων
1691 1483 1745 1525 ἇ-

265 1553 456 1601 κτίστους
483 1548 693 1607 θεότητας
723 1548 888 1600 πάντως
918 1548 1126 1606 διάστημά
1154 1567 1193 1594 τι
1223 1557 1312 1595 νοεῖ·
1334 1548 1503 1606 μεταξύ,
1540 1556 1664 1595 τοῦτο
1695 1551 1794 1600 <5²20

267 1619 435 1679 ἄπειρον
466 1617 488 1664 ὅ
519 1623 595 1676 τῆς
614 1617 844 1676 μεσότητος
874 1616 974 1663 εἶναι
1003 1618 1052 1662 οὗ
1077 1620 1221 1664 δίδωσι
1248 1617 1391 1678 λόγος·
1426 1621 1533 1677 μηδὲ
1561 1621 1641 1679 γὰρ
1671 1639 1743 1665 πε-

360 1753 417 1791 17.
439 1751 609 1800 θεότητα
630 1752 718 1791 coni.
743 1753 853 1801 Capp.
878 1763 941 1800 pro
965 1751 1174 1800 ἑτερότητα.

269 1878 420 1914 divinam
448 1878 693 1922 substantiam,
716 1878 888 1914 increatas
913 1877 1114 1914 divinitates
1142 1879 1228 1915 alias
1255 1883 1292 1915 et
1309 1880 1527 1927 operationes
1546 1879 1691 1922 statuit,
1711 1879 1743 1915 is

269 1925 416 1961 omnium
433 1925 610 1960 creatricis
623 1925 818 1960 divinitatis
835 1925 999 1960 unitatem
1018 1926 1156 1960 evertit.
1193 1927 1353 1973 Namque
1373 1938 1514 1974 prorsus
1533 1926 1745 1973 impossibile

270 1978 338 2013 est,
357 1977 395 2005 ut
411 1971 577 2006 deitatum
595 1972 776 2007 diversitas
788 1971 823 2006 in
843 1971 1058 2006 identitatem
1076 1973 1264 2008 naturalem
1285 1977 1396 2009 coeat.
1428 1974 1550 2019 Itaque
1565 1974 1658 2008 nulla
1678 1975 1746 2008 fuit

270 2029 335 2052 nec
347 2018 415 2052 erit
432 2029 579 2063 unquam
591 2018 748 2053 increata
762 2017 925 2052 divinitas
943 2018 1024 2059 alia,
1036 2023 1174 2064 praeter
1192 2019 1340 2055 divinam
1351 2024 1388 2055 et
1403 2021 1507 2055 solam
1521 2020 1746 2055 substantiam

270 2064 309 2099 in
328 2064 440 2098 tribus
453 2064 611 2110 personis
630 2065 888 2106 subsistentem3
914 2064 1045 2099 etiamsi
1062 2065 1253 2101 Palamitae
1266 2067 1360 2101 istud
1382 2067 1579 2101 effutientes
1599 2066 1747 2101 disrum-

270 2114 409 2157 pantur.
459 2110 585 2156 Neque
613 2122 696 2146 vero
721 2110 930 2145 admittenda
950 2115 1004 2145 est
1030 2112 1272 2157 paganicorum
1293 2114 1442 2149 Deorum
1461 2113 1651 2150 multitudo.
1692 2113 1747 2147 Ita

272 2156 362 2191 enim
381 2157 556 2201 praeclare
581 2158 686 2192 habet
706 2156 943 2192 celeberrimus
962 2159 1145 2203 theologus
1162 2158 1198 2193 S.
1220 2160 1366 2195 Ioannes
1384 2160 1630 2194 Damascenus.
1679 2158 1747 2201 „Si

270 2203 388 2249 plures
400 2201 434 2245 ‚”
458 2202 589 2248 inquit,
613 2216 716 2246 „esse
735 2203 827 2237 Deos
849 2203 1058 2247 dixerimus,
1082 2217 1223 2240 necesse
1243 2210 1297 2241 est
1318 2211 1356 2241 ut
1374 2206 1443 2252 ipsi
1467 2205 1559 2240 inter
1585 2218 1622 2239 se
1644 2205 1746 2239 diffe-

271 2253 361 2284 rant.
410 2249 460 2284 Et
485 2249 621 2294 quidem
648 2250 738 2284 solus
760 2250 818 2284 ille
838 2250 969 2284 omnino
991 2255 1028 2285 et
1048 2251 1202 2286 totaliter
1217 2252 1312 2288 Deus
1330 2252 1419 2294 erit,
1444 2251 1504 2297 qui
1527 2252 1683 2286 totaliter
1709 2255 1746 2286 et

271 2295 408 2330 omnino
427 2297 605 2341 perfectus
623 2296 708 2330 erit:
733 2296 924 2342 quicunque
946 2301 1057 2332 autem
1076 2310 1103 2332 a·
1117 2310 1243 2333 summe
1265 2299 1418 2344 perfecto
1440 2299 1499 2333 illo
1527 2298 1746 2344 superabitur

272 2341 456 2377 secundum
481 2341 688 2385 bonitatem,
711 2347 770 2377 aut
797 2342 1022 2388 sapientiam,
1045 2347 1105 2379 aut
1124 2345 1332 2390 potentiam,
1356 2350 1416 2380 aut
1440 2345 1626 2379 secundum
1651 2345 1747 2380 aliud

275 2388 469 2434 quidpiam,
493 2388 587 2423 Deus
604 2400 670 2423 non
690 2389 767 2424 erit.
813 2389 948 2424 Deinde
965 2402 1069 2434 vero,
1094 2390 1124 2425 si
1143 2391 1239 2426 multi
1257 2391 1325 2426 sint
1341 2391 1422 2433 Dii,
1446 2391 1612 2437 quomodo
1637 2391 1746 2426 incir-

275 2435 475 2481 cumscripti
492 2435 701 2470 manebunt?
735 2435 807 2469 Ubi
827 2437 913 2471 enim
932 2437 1037 2472 fuerit
1055 2449 1156 2481 unus,
1181 2437 1231 2472 ibi
1250 2438 1339 2472 alter
1357 2449 1424 2472 non
1442 2437 1521 2474 erit.
1567 2438 1673 2483 Atqui
1691 2443 1747 2473 ta-

275 2492 353 2516 men
368 2493 509 2517 necesse
526 2485 580 2516 est
590 2487 629 2516 ut
645 2481 958 2529 incircumscriptus
974 2483 1018 2518 sit
1027 2483 1133 2526 Deus,
1157 2487 1194 2518 et
1209 2484 1321 2519 omnia
1337 2483 1504 2530 repleat.‘’
1537 2484 1650 2530 Igitur
1666 2483 1747 2519 hinc

278 2526 381 2562 etiam
399 2527 680 2562 considerandum
700 2532 772 2571 est,
795 2530 962 2575 quomodo
984 2530 1129 2564 stolidus
1149 2530 1328 2575 Palamas,
1353 2542 1464 2576 neque
1493 2542 1626 2565 sacram
1646 2530 1745 2565 Scri-

304 2577 411 2608 turam
429 2574 596 2609 ullatenus
612 2574 826 2620 intelligens,
852 2576 1032 2611 manifeste
1051 2588 1183 2622 semper
1201 2576 1374 2612 censuerit
1394 2582 1430 2612 et
1450 2577 1625 2620 docuerit,
1644 2578 1747 2611 unius

314 2619 346 2654 ei
371 2620 593 2656 substantiam
613 2625 650 2656 et
664 2622 896 2668 operationem
917 2634 937 2657 a
957 2635 995 2657 se
1017 2623 1161 2658 invicem
1186 2623 1348 2666 differre,
1373 2635 1482 2669 neque
1501 2635 1600 2658 uuam
1622 2623 1747 2657 dunta-

277 2669 340 2700 xat
354 2666 566 2702 divinitatem
586 2667 719 2703 admitti
737 2679 758 2702 a
777 2680 814 2702 se
831 2668 1061 2704 declaraverit
1072 2694 1081 2710 ‚
1105 2669 1166 2704 sed
1183 2669 1353 2713 infinitas;
1377 2682 1441 2704 nec
1455 2669 1608 2704 infinitas
1625 2670 1746 2712 solum,

280 2711 344 2746 sed
362 2717 398 2747 et
416 2713 609 2757 increatas3
633 2726 696 2750 nec
711 2715 942 2749 tantummodo
961 2715 1146 2758 increatas,
1166 2716 1226 2751 sed
1244 2716 1389 2751 maiores
1410 2721 1447 2751 et
1465 2716 1621 2751 minores.
1657 2716 1749 2750 Por-

279 2769 319 2792 ro
345 2759 405 2804 qui
423 2759 568 2795 maiores
594 2764 631 2795 et
652 2760 797 2796 minores
822 2761 994 2797 increatas
1013 2762 1159 2797 deitates
1185 2762 1392 2805 introducit,
1415 2763 1446 2797 is
1463 2763 1619 2808 profecto
1638 2761 1748 2797 inter-

281 2803 402 2840 vallum
421 2806 589 2852 quoddam
607 2807 698 2843 inter
718 2819 777 2843 eas
796 2808 982 2853 excogitat.
1029 2809 1107 2845 Hoc
1124 2812 1236 2845 autem
1255 2809 1470 2846 intervallum
1491 2808 1657 2844 infinitum
1673 2821 1748 2844 esse
