1754 3164
219 151 355 201 1210
784 153 1270 222 ANNO'I'ATIONES.

215 282 288 337 μαι
315 268 400 314 τοῖς
424 260 555 314 όλοις,
586 260 656 304 καὶ
677 259 805 317 μηδὲν
825 261 982 331 ἔχοντες
1004 261 1063 311 εἰς
1081 259 1350 317 παραμυθίαν
1379 257 1542 312 λοιπὸν,
1573 276 1657 303 των
1686 258 1754 315 μὲν

215 321 451 391 α’ναγκαίων
481 318 788 363 ἐπιλελοιπότων
819 320 1033 369 απαντων,
1072 318 1138 361 ἐπὶ
1168 320 1296 373 ξυροῦ
1325 315 1370 360 δὲ
1399 315 1532 373 ακμῆς
1559 335 1642 360 των
1662 335 1754 391 πρα-

211 396 378 442 γματων
409 379 526 432 σφίσι
555 376 884 432 καθεστηκότων,
916 373 1046 426 ευθῦς
1069 378 1281 425 Θετταλίας
1310 380 1454 431 χωρεῖν
1475 376 1667 446 ἔγνωσαν,
1698 372 1754 427 ἐφ

213 453 381 494 ωγουν
406 441 490 485 τοῖς
519 435 805 488 ἐπιτηδείοις’
792 435 896 489 ε’χειν
926 431 1137 487 ἀφθόνοις
1166 430 1424 503 χρήσασθαι,
1467 433 1537 475 καὶ
1567 430 1650 487 α’μα
1678 436 1754 474 τῶν

214 482 462 549 Χανδρηνοῦ
490 509 635 550 χειρων
663 493 755 547 ἐμοὶ
785 495 921 535 δοκεῖν
952 489 1181 546 ἀποστῆναι
1211 487 1464 540 σπεύδοντες.
1493 504 1649 532 ΒοινιΝ.

330 556 428 607 Pag-
460 553 564 602 248,
596 551 635 595 5.
679 544 906 605 ’Ἐφαμεν]
937 552 1067 603 Supra
1104 563 1196 603 pag·
1229 550 1323 592 140.
1357 549 1402 590 C.
1441 563 1618 588 υυοΛΝο.
1678 547 1754 589 Ka}

217 613 391 666 Τοῦρκοι
386 568 642 664 6ντρισχίλιοι]
676 609 790 648 Dixit
815 623 935 661 supia
964 609 1087 646 fuisse
1112 605 1286 660 amplius
1316 605 1375 646 his
1395 605 1517 646 mille.
1561 607 1649 646 Hoc
1673 620 1754 658 cap.

211 675 307 708 sect.
333 672 370 710 1.
397 668 506 707 Infra
522 666 750 706 numerabit
766 676 823 705 ter
841 664 953 705 mille
970 675 1007 705 et
1021 674 1246 712 sexcentos,
1265 678 1353 717 cap.
1343 663 1469 703 ..VIH
1490 670 1587 707 sect.
1610 668 1649 707 1.
1667 668 1754 707 et2.

210 723 354 769 ἑκατόν
376 725 445 766 καὶ
464 725 640 778 χιλίους]
675 722 798 765 Mille
817 733 972 763 tantum
1001 736 1125 776 supra
1149 735 1237 774 cap.
1257 721 1327 761 IV.
1356 727 1453 762 sect.
1476 724 1516 763 6.
1545 735 1702 763 BOIVIN.

330 786 427 835 Pag.
459 782 566 832 248,
601 785 667 824 11.
694 795 782 834 sqq.
846 782 1044 832 Gregoras
1084 780 1296 818 catalanos
1336 779 1478 818 Turcis
1513 779 1688 818 dimissis
1718 780 1754 818 in

212 841 465 881 Thessaliam
495 839 693 892 irrupisse
719 841 798 889 ait,
835 838 983 877 deinde
1004 840 1049 877 in
1074 837 1281 876 Boeotiam
1308 837 1534 887 transiisse,
1563 844 1682 889 atque
1704 837 1754 875 ibi

216 899 382 938 demum
410 897 676 951 pugnavisse,
710 903 752 936 et
769 896 981 936 victoriam
1001 895 1196 946 insignem
1226 901 1465 947 reportasse.
1528 894 1754 933 Theodulus

210 957 367 996 Turcos
395 970 479 994 non
496 955 574 994 nisi
594 960 686 1007 post
699 955 931 993 Boeoticum
951 953 1147 1006 praelium
1169 952 1399 991 discessisse
1417 967 1438 990 a
1456 951 1654 990 Catalanis
1675 958 1754 992 tra-

213 1014 294 1064 dit,
325 1013 423 1052 cod.
442 1014 540 1064 Reg.
566 1012 690 1055 1853.
714 1012 784 1052 sol.
810 1011 905 1054 145.
941 1012 1066 1050 *Cum
1088 1009 1301 1050 Theodulo
1332 1010 1587 1050 consentiunt
1606 1010 1754 1049 Munta.

211 1072 350 1112 uerius
379 1077 418 1110 et
439 1069 868 1111 Moncada.1301vm‚

329 1122 887 1182 Ρα3.248,13.’Ἀπρων]
927 1124 1155 1179 Stephanus
1181 1122 1342 1180 ’Ἀπρον
1374 1130 1521 1177 vocat5
1563 1124 1754 1178 Gregorm¹

202 1183 397 1240 Ἆπρους.
454 1198 610 1224 nomm.

329 1242 658 1296 Pag.249,12.
707 1242 792 1281 Του
810 1238 1019 1288 διέποντος
1042 1238 1130 1280 ἐκεῖ
1146 1254 1222 1293 την
1239 1235 1393 1305 ἅρχην]
1425 1238 1586 1278 Ioannis
1606 1238 1754 1291 Angeli

213 1301 285 1354 qui
307 1300 430 1340 ducta
446 1300 561 1338 Irene
585 1297 839 1338 Andronici'
826 1311 923 1350 imp.
942 1297 1025 1336 filia
1044 1296 1186 1348 notha,
1215 1297 1389 1337 triennio
1410 1302 1505 1350 post
1532 1297 1656 1336 nullis
1675 1311 1754 1337 sus

215 1358 346 1413 ceptis
370 1356 507 1397 liberis
541 1370 563 1396 e
585 1356 670 1395 vita
701 1361 936 1396 excesserat.
995 1368 1171 1395 nocane.

329 1414 432 1469 Pag.
462 1414 571 1462 251,
602 1416 641 1455 6.
699 1409 892 1462 Σπονδας
907 1410 980 1452 καὶ
1004 1408 1223 1465 ξυμβάσεις
1245 1411 1314 1453 ἐπὶ
1337 1415 1423 1461 τοῖς
1452 1410 1678 1466 εἰρημένοις
1705 1412 1754 1454 τί-

213 1477 358 1515 θενται
380 1469 478 1538 πρὸς
496 1487 592 1520 τους
611 1466 857 1523 Θετταλούς]
902 1469 1138 1508 Theodulus
1166 1468 1318 1509 Rhetor
1350 1469 1586 1517 catalanos,
1625 1470 1754 1509 multis

216 1531 432 1570 cladibus·
422 1544 465 1568 m
486 1527 693 1568 Thessalia
723 1543 745 1567 a
778 1527 1018 1566 Chandreno
1051 1527 1242 1577 affectos,
1272 1527 1417 1566 foedus
1445 1540 1536 1566 cum
1561 1527 1754 1567 Thessalis

214 1588 416 1658 pepigisse
436 1586 592 1638 scribit,
623 1585 724 1625 Cod·
743 1587 839 1637 Reg
861 1583 1053 1628 fol.144
1108 1557 1269 1626 Τοσάδε
1293 1601 1396 1639 γουν
1425 1581 1643 1625 κοῖνταῦθα
1671 1601 1745 1626 κατ

217 1642 353 1687 αυτῶν
383 1645 522 1697 ἔστησε
549 1639 743 1715 τρόπαια,
774 1642 843 1684 καὶ
873 1658 979 1684 ουτω
1008 1646 1238 1697 περιφανῆ,
1277 1645 1356 1683 νῦν
1386 1640 1460 1696 μὲν
1489 1638 1663 1712 ἁθρόοις
1692 1643 1754 1696 ἐμ-

215 1704 399 1754 πίπτων,
447 1704 526 1743 νῦν
565 1697 608 1743 δ’
647 1700 692 1743 ἐκ
728 1702 891 1742 πολλων
913 1695 1103 1770 ὀλίγοις,
1145 1716 1216 1741 και
1254 1703 1417 1748 πολλοῖς
1454 1695 1546 1740 κατ’
1577 1695 1754 1754 σ’λίγους,

218 1757 319 1802 ὥστ’
347 1758 493 1801 ἅδουσι
522 1757 596 1813 μὲν
625 1758 666 1808 ἐς
695 1759 817 1832 δευρο
848 1753 969 1798 ταυτὸ
995 1757 1207 1809 Θετταλοὶ,
1238 1755 1385 1798 α’δουσι
1413 1754 1458 1798 δὲ
1488 1755 1630 1810 σχεδὸν
1659 1773 1754 1799 παν-

215 1834 281 1867 τες
311 1803 571 1886 ἅνθρωποι..
604 1845 615 1856 .
648 1815 718 1857 καὶ
746 1817 784 1857 τί
814 1816 880 1857 δεῖ
903 1815 1027 1856 πλείω
1058 1799 1257 1864 διεξιέναι.
1289 1815 1325 1856 εἰ
1357 1831 1412 1868 μη
1442 1812 1519 1869 γοῖρ
1549 1831 1624 1868 την
1657 1816 1754 1868 ταχί-

219 1889 318 1946 στην
331 1871 517 1944 εἰρήνης
546 1869 841 1927 ἐπεθύμησαν,
876 1869 955 1913 κᾶν
984 1869 1112 1913 αὐτοῦ
1139 1887 1287 1921 παντες
1317 1871 1460 1913 ἔπεσον
1489 1872 1607 1914 κακοὶ
1629 1876 1754 1921 κακῶς

219 1929 421 1982 ὄλωλότες.
471 1948 551 1974 νυν
581 1929 626 1974 δὲ
663 1928 841 1979 σπονδοὶς
869 1945 973 1985 προς
1004 1927 1226 1979 Θετταλοῦς
1262 1942 1551 1982 ποιησαμενοι,
1591 1929 1660 1970 καὶ
1686 1933 1754 1972 τοῦ

189 2030 192 2033 .
221 1992 474 2062 Χανδρηνοῢ
497 1987 566 2031 δια
593 2004 720 2031 ταυτα
751 2004 849 2042 μετα
884 1983 1092 2029 τοσούτων
1129 1987 1199 2028 καὶ
1227 1985 1475 2057 τηλικούτων
1506 2003 1588 2028 των
1618 1986 1754 2029 α’θλων

221 2044 356 2101 ω’σπερ
385 2063 496 2097 τινος
521 2045 763 2103 Ἡρακλέους
792 2041 1034 2094 ἐπανιόντος
1061 2044 1176 2098 ημῖν,
1209 2048 1317 2097 σφᾶς
1344 2060 1386 2086 τε
1416 2060 1563 2094 αυτους
1592 2045 1754 2095 ἐξείλον-

219 2119 265 2145 το
294 2121 367 2146 του
398 2102 616 2152 κινδύνου,
655 2102 918 2156 πεπαυμένης
952 2105 1026 2156 τῆς
1056 2100 1187 2156 μάχης
1216 2098 1273 2144 δι’
1301 2100 1354 2155 ἣν
1383 2105 1516 2151 κακῶς
1553 2102 1754 2158 ε’πραττον,

219 2161 290 2203 καὶ
318 2177 394 2215 την
420 2164 648 2215 καλλίστην,
674 2168 752 2201 etc.
802 2161 999 2213 Gregoras
1022 2161 1099 2200 alia
1117 2161 1250 2214 plane.
1280 2161 1339 2200 De
1363 2160 1391 2198 C
1395 2160 1602 2200 handreno
1629 2167 1754 2200 autem

219 2232 272 2259 ne
291 2219 463 2260 verbum
484 2220 660 2272 quidem.
719 2230 874 2258 nowm.

334 2275 568 2330 Pag.251,
602 2280 668 2320 16.
715 2274 886 2318 ’Ἐπειτα
904 2273 1007 2331 πρὸς
1027 2271 1103 2317 δυο
1129 2271 1358 2345 σχιζόμενος
1384 2271 1590 2328 ῥεύματα]
1620 2275 1754 2315 Ptole-

221 2347 360 2373 maeus
383 2334 658 2404 Geographiae
679 2334 750 2373 lib.
766 2334 835 2376 III.
858 2348 946 2387 cap.
967 2334 1055 2375 XV.
1112 2332 1156 2374 Ὁ
1179 2331 1230 2374 δὲ
1258 2328 1427 2385 Εὔηνός
1455 2333 1500 2374 ἐν
1528 2349 1583 2373 τω
1614 2337 1754 2374 Καλλι-

222 2387 362 2460 δρόμῳ
392 2387 480 2462 ὄρει
509 2391 762 2464 ἐπιστρέφων
787 2389 885 2464 πρὸς
913 2407 985 2440 τας
1015 2386 1216 2438 ανατολας
1243 2389 1311 2432 ἐπὶ
1339 2387 1410 2431 τόν
1441 2375 1659 2443 Κηφισσόν
1687 2407 1754 2432 πο-

220 2444 373 2503 ταμόν·
413 2446 457 2498 ὃς
483 2447 553 2490 και
583 2444 707 2498 αυτός
736 2446 818 2491 ἄπο
846 2465 928 2490 των
960 2444 1100 2490 αὕτων
1128 2444 1253 2502 ὀρέων
1291 2446 1416 2518 ρέων,
1463 2449 1673 2502 συμμίσγει
1701 2464 1754 2488 τω

220 2520 264 2547 τε
291 2501 462 2564 Ἀσωπω
488 2505 559 2547 καὶ
586 2522 641 2547 τω
671 2503 843 2562 Ἰσμηνᾳῖ
870 2511 954 2555 τοῖς
982 2509 1178 2558 ποταμοῖς
1207 2520 1308 2546 κατα
1338 2521 1414 2558 την
1442 2506 1661 2556 Βοιωτίαν,
1691 2491 1754 2547 ἐπὶ

221 2561 379 2611 θέσεως
407 2578 563 2619 μοιρων
584 2549 663 2618 νβ’.
721 2565 826 2603 Hinc
855 2563 918 2618 (ut
938 2561 1100 2617 opinor)
1123 2563 1321 2614 Gregoras
1345 2561 1489 2602 habuit
1511 2577 1556 2602 ea
1582 2577 1684 2615 quae
1707 2563 1754 2602 de

222 2619 383 2673 Cephisi
402 2634 525 2661 cursu
542 2621 693 2661 tradit.
716 2620 768 2661 At
778 2622 921 2661 Strabo
934 2622 1050 2662 aliter
1067 2620 1138 2661 lib.
1149 2620 1219 2659 IX.
1231 2633 1322 2673 pag.
1335 2623 1433 2663 407.
1448 2620 1544 2662 edit.
1557 2620 1754 2659 MDCXX.

221 2675 325 2717 Vide
356 2683 396 2718 et
429 2678 767 2723 Commentarium
799 2679 977 2721 Gerbelii
1006 2679 1050 2719 in
1077 2677 1288 2718 Graeciam
1322 2676 1517 2730 Sophiani
1546 2691 1636 2731 pag.
1663 2677 1754 2720 142.

219 2746 376 2775 norvm.

331 2789 437 2846 Pag-
465 2793 573 2843 251,
602 2795 673 2836 23.
735 2789 820 2846 Τήν
836 2808 879 2834 τε
895 2788 1115 2847 Ἀθηνῶν]
1149 2792 1337 2832 Galterus
1361 2791 1631 2842 Briennensis,
1661 2792 1754 2832 Dux

217 2847 468 2890 Athenarum
492 2856 534 2891 et
556 2849 784 2893 Thebarum
810 2851 1017 2891 Dominus.
1074 2862 1256 2891 nocane.
