1794 3172
325 132 642 203 fflSTORIAE
664 155 1043 203 ΒΥΖΑΝΤΙΝΑΕ
1062 154 1179 200 xm.
1201 161 1269 202 12.
1353 160 1358 164 ·
1442 150 1544 200 683

60 265 240 324 ἀνάγκας
255 262 356 324 ἦγον
374 264 591 323 ἑκατέρους
609 268 773 310 δεῖσθαι
794 271 868 322 τῆς
888 270 962 310 τοῦ
978 268 1204 321 Κομνηνοῦ
1214 265 1390 322 Μιχαὴλ
1411 264 1541 309 αὖτο-
1562 278 1599 310 Α.
1619 278 1656 309 C.
1673 272 1764 312 1343

59 341 306 395 κρατορικῆς
328 338 515 388 ἔξουσίας
529 350 538 361 ·
574 336 798 380 κάντεῦθεν
818 337 1048 392 ξυνέβαινεν
1074 334 1202 378 αὐτὸν
1224 335 1267 378 ἐν
1282 337 1442 394 βεβαίῳ
1465 324 1682 404 aea—lmffieffi'
1695 323 1765 407 ga*

58 407 186 461 τέχειν
216 406 270 450 τὰ
290 410 365 462 τῆς
393 404 610 462 ἡγεμονίας
635 410 851 463 σκῆπτρα,
888 404 1064 461 μηδενὸς
1094 405 1284 459 ἐμποδὼν
1302 409 1355 463 τῇ
1378 405 1585 466 ἐξουσίιιιῐῦ
1646 408 1652 417 ’
1676 393 1685 404 ’

58 480 142 519 τῶν
165 475 272 519 κατὰ
302 472 468 532 γνώμην
486 475 808 530 καθισταμένου.
847 476 914 518 καὶ
937 478 1070 517 ταῦτα
1101 474 1179 528 μὲν
1210 475 1313 532 τῇδέ
1331 493 1388 531 πη
1415 474 1543 530 ἴσχεν.

27 549 50 586 5
160 543 230 599 ιβ’.
263 544 332 588 Ἓν
357 545 402 588 δὲ
421 543 557 604 τούτῳ
589 549 648 604 τῷ
664 543 802 603 χρόνῳ
827 542 973 595 σπάνις
996 544 1119 596 ἐπίεζε
1144 544 1260 587 σίτου
1286 546 1541 597 Βυζαντίους
1551 544 1676 586 Ρ.427

57 631 102 658 τε
126 616 194 657 καὶ
225 615 420 664 πλείστας
447 618 530 674 τῶν
557 615 600 657 ἓν
630 619 682 672 τῇ
717 611 864 674 Θρᾴκῃ
878 611 1123 668 ζΡωμαϊκῶν
1152 611 1321 657 πόλεων.
1359 618 1444 657 τῶν
1462 611 1542 672 γάρ

58 700 124 726 τοι
152 681 365 738 Ῥωμαίων
397 690 484 734 τοῖς
514 684 728 741 ἐμφυλίοις
764 683 1082 740 περισπωμένων
1124 683 1340 738 πολέμοις,
1388 683 1544 738 συχνὰς

58 751 295 807 ποιούμενοι
312 752 388 802 τὰς
409 751 587 810 ἐφόδους
607 753 648 796 οἶ
667 753 710 804 ἐξ
725 753 863 803 Ἀσίας
882 754 1014 803 ἀδεῶς
1028 750 1225 809 μονήρεσι
1247 755 1314 795 καὶ
1333 751 1542 810 τριήρεσιν

59 822 101 872 ἐς
125 822 201 878 τὴν
223 820 394 882 Θρᾴκην
427 820 712 880 περαιούμενοι
744 827 946 880 Τοῦρκοι,
983 824 1051 865 καὶ
1066 820 1250 877 μάλιστα
1270 823 1313 864 ἐν
1336 821 1447 880 ἀκμῇ
1465 826 1542 866 τοῦ

1 900 49 936 10
61 893 200 945 σίτου,
239 889 317 941 τάς
336 908 379 934 τε
395 890 539 949 χώρας
558 893 863 949 ἐνεπίμπρασαν
898 892 1038 936 καὶτὰ
1071 889 1198 947 κτήνη
1227 890 1408 947 ἤλαυνον
1415 925 1430 945 ,
1470 890 1545 934 ἄν·-

60 963 164 1018 δρας
186 978 229 1004 τε
249 962 317 1004 καὶ
343 969 538 1017 γυναῖκας
557 962 901 1019 ἠνδραποδίζοντο
912 995 927 1015 ,
965 963 1034 1004 καὶ
1053 959 1183 1004 πάντ’
1206 962 1371 1004 ἐποίουν
1392 961 1444 1004 τιὶ
1462 979 1546 1016 χα-

59 1028 277 1073 λεπώτατα
290 1043 300 1054 ·
328 1028 383 1081 ὥς
404 1029 597 1087 ἀοίκητόν
616 1049 659 1074 τε
679 1034 745 1074 καὶ
767 1029 1025 1089 ἀγεώργητον
1044 1031 1235 1074 ἐντεῦθεν
1256 1034 1581 1088 καταλειφθῆ-Β

60 1117 127 1143 ναι
149 1100 223 1155 τὴν
245 1103 334 1156 γῆν.
370 1101 447 1155 μία
477 1102 553 1155 μὲν
588 1097 661 1145 οὖν
690 1100 795 1157 αὕτη
830 1100 1045 1159 πρόφασις
1059 1098 1275 1155 Ῥωμαίοις
1295 1102 1446 1156 γίνεται
1469 1104 1545 1144 τοῦ

59 1172 194 1224 λιμοῦ.
233 1169 405 1227 δευτέρα
436 1171 482 1214 δὲ
514 1172 582 1214 καὶ
611 1172 781 1226 μείζων,
820 1169 883 1214 ὅτι
908 1173 976 1214 καὶ
1009 1169 1036 1228 ἦ
1059 1171 1102 1213 ἐκ
1121 1174 1196 1213 τοῦ
1222 1169 1417 1221 Εὐξείνου
1442 1168 1545 1213 πόν-

5 1246 48 1283 15
60 1256 134 1282 του
165 1238 271 1281 κατὰ
304 1238 352 1282 τὸ
390 1241 542 1292 εἰωθὸς
575 1239 778 1291 ἐνιαύσιος
816 1244 1017 1284 κατιοῦσα
1048 1241 1300 1295 σιτοπομπία
1336 1241 1379 1291 ἐξ
1410 1241 1546 1290 αἰτίας

59 1306 268 1351 ἐπαύσατο
302 1311 428 1364 τῆσδε
460 1312 527 1353 καὶ
553 1309 673 1366 αῦτη.
747 1309 839 1370 (B.)
867 1310 982 1354 Ἔστι
1019 1311 1222 1354 Λατίνων
1251 1313 1335 1353 τῶν
1364 1310 1409 1353 ἐκ
1441 1313 1483 1352 Γ
1479 1327 1544 1352 εν-

58 1375 184 1428 νούας
208 1377 380 1428 ἄποικος
413 1377 553 1434 πόλις,
604 1379 630 1436 ἢ
666 1380 770 1438 πρὸς
802 1384 886 1423 τῶν
919 1381 1123 1437 ἐγχωρίων
1155 1383 1338 1422 καλεῖται
1369 1382 1541 1436 Καφᾶς,

58 1449 125 1490 καὶ
166 1452 241 1490 τοῦ
273 1447 378 1506 πρὸς
402 1454 454 1507 τῗ
488 1447 704 1494 Μαιώτιδι
735 1448 958 1508 Βοσπόρου
990 1451 1251 1507 τριακοσίους
1288 1450 1357 1492 καὶ
1383 1451 1584 1505 χιλιόυςΟ

59 1518 255 1568 σταδίους
275 1518 491 1574 διέχουσα,
529 1519 644 1577 παρὰ
667 1519 719 1563 τὰ
744 1517 934 1575 εὐώνυμα
955 1524 1030 1562 τοῦ
1061 1519 1255 1570 Εὐξείνου
1284 1516 1438 1561 πόντου
1463 1535 1546 1560 κει-

1 1587 159 1642 2ομένη
178 1587 348 1645 πλευρὰ,
388 1587 502 1639 εἴτις
520 1589 624 1646 πρὸς
647 1588 824 1646 ἄρκτους
840 1593 1051 1632 ποιεῖσθαι
1070 1588 1142 1631 τὸν
1163 1586 1372 1631 ἀνάπλουν
1391 1586 1544 1639 ἐθέλοι,

58 1657 126 1699 καὶ
160 1653 233 1699 τόν
267 1673 310 1699 τε
337 1655 500 1715 βόρειον
528 1656 657 1701 πόλον
689 1660 757 1701 καὶ
785 1658 861 1714 τὴν
877 1657 1037 1714 Ἑλίκην
1059 1656 1160 1712 ἔχειν
1180 1657 1261 1715 πρὸ
1291 1656 1542 1715 ὀφθαλμῶν.

59 1726 211 1776 εἰωθὸς
230 1725 308 1784 γὰρ
331 1733 419 1777 τοῖς
449 1728 682 1781 Λατίνοις,
730 1729 797 1771 καὶ
813 1725 996 1783 μάλιστα
1017 1735 1106 1777 τοῖς
1130 1728 1175 1770 ἐκ
1195 1730 1238 1770 Γ
1235 1725 1405 1777 εννοῦας
1416 1759 1431 1779 ,
1470 1726 1546 1780 ἒμ-

54 1799 214 1854 πορικῷ
237 1795 291 1838 τὰ
312 1800 482 1840 πλεῖστα
506 1799 574 1840 καὶ
593 1798 811 1857 θαλαττίῳ
842 1799 923 1857 βίῳ
945 1800 1411 1856 προσταλαιπωρεῖσθαι
1423 1828 1438 1848 ,
1477 1796 1546 1837 καὶ

56 1865 133 1915 τὰς
152 1869 237 1908 τῶν
254 1864 483 1923 χρημάτων
514 1865 750 1926 προσόδους
779 1871 863 1911 τῶν
891 1885 935 1910 τε
951 1871 1096 1911 κοινῶν
1123 1868 1190 1910 καὶ
1214 1867 1330 1909 ἰδίων
1346 1865 1540 1909 ἐντεῦθεν

58 1975 188 2011 chaelis
205 1976 372 2012 Comneni
390 1981 597 2024 potestatem
616 1990 778 2014 summam
798 1990 874 2014 esse
890 1979 934 2014 iis
953 1978 1146 2024 expediret.
1192 1977 1248 2012 Eo
1268 1978 1400 2012 factum
1422 1977 1489 2018 est,
1509 1978 1550 2010 ut

56 2022 126 2057 iste
151 2023 406 2069 imperatoriam
431 2026 673 2060 auctoritatem
698 2026 829 2061 firmam
851 2031 887 2060 et
903 2026 1059 2061 stabilem
1078 2025 1242 2067 haberet,
1266 2035 1377 2070 neque
1395 2021 1429 2058 ei
1448 2022 1550 2057 dein-

58 2081 139 2115 ceps
156 2070 337 2116 quisquam
356 2072 522 2114 obstaret,
540 2084 607 2118 quo
625 2072 733 2107 minus
752 2073 891 2120 quidvis
912 2085 956 2108 ex
976 2072 1151 2108 sententia
1169 2072 1287 2106 facere
1308 2074 1439 2117 posset.
1484 2070 1550 2104 At-

58 2127 126 2162 que
149 2118 236 2151 haec
258 2117 308 2152 ita
327 2118 435 2153 ferme
452 2130 490 2152 se
509 2119 714 2154 habuerunt.

151 2165 207 2198 12.
239 2163 370 2199 Eadem
396 2170 602 2211 tempestate
633 2167 838 2212 Byzantium
870 2170 906 2202 et
929 2165 1113 2212 pleraeque
1137 2163 1173 2199 in
1193 2163 1348 2199 Thracia
1370 2164 1545 2205 Romano-

57 2220 131 2244 rum
148 2210 251 2244 urbes
275 2210 326 2245 rei
344 2211 587 2247 frumentariae
611 2212 729 2258 inopia
759 2214 972 2248 laborabant.
1021 2211 1132 2248 Turci
1154 2210 1262 2254 enim,
1285 2211 1364 2245 dum
1380 2207 1543 2244 civilibus

57 2255 157 2290 bellis
176 2256 648 2304 Romanivdistringebantutg
672 2260 869 2305 frequentes
890 2272 932 2294 ex
951 2259 1036 2294 Asia
1051 2258 1267 2293 incursiones
1290 2257 1478 2298 faciebant,
1502 2260 1540 2290 et

57 2306 125 2337 tam
147 2304 341 2338 moneribus
368 2305 442 2339 sive
471 2305 570 2339 unius
595 2318 760 2341 remorum
786 2307 915 2342 ordinis
942 2306 1108 2347 navibus,
1134 2315 1233 2350 quam
1254 2303 1451 2338 triremibus
1473 2303 1540 2337 im-

56 2360 148 2394 pune
165 2351 201 2383 in
221 2350 404 2386 Thraciam
422 2352 572 2394 advecti,
597 2352 792 2398 vigentibus
812 2352 1013 2399 praesertim
1032 2351 1226 2397 segetibus,
1250 2362 1352 2396 agros
1374 2349 1541 2384 incende-

59 2396 152 2438 bant,
175 2395 326 2432 iumenta
341 2398 538 2443 abigebant,
562 2399 657 2433 viros
677 2400 903 2446 mulieresque
921 2399 956 2434 in
973 2399 1176 2434 servitutem
1194 2397 1409 2442 redigebant,
1427 2395 1541 2430 omnia

57 2443 204 2488 denique
222 2445 444 2480 acerbissima
459 2447 727 2491 perpetrabant3
750 2447 801 2481 sic
821 2452 858 2481 ut
876 2446 954 2492 agri
972 2445 1100 2480 deserti
1118 2449 1155 2479 et
1173 2444 1294 2479 inculti
1310 2447 1540 2478 remanerent.

57 2488 173 2524 Prima
190 2491 276 2525 baec
294 2490 400 2536 igitur
415 2493 505 2526 ratio
524 2492 671 2535 exstitit,
688 2504 751 2527 cur
767 2494 856 2528 fame
874 2492 1019 2528 Romani
1038 2496 1256 2537 urgerentur.
1288 2491 1408 2525 Altera
1425 2493 1540 2523 autem

57 2540 95 2570 et
109 2537 270 2580 gravior,
295 2539 387 2583 quod
410 2538 582 2573 frumenta
599 2539 680 2581 illa,
715 2551 806 2585 quae
827 2540 984 2574 solebant
1006 2539 1050 2574 ab
1067 2537 1205 2573 Euxino
1226 2541 1330 2583 ponto
1353 2534 1539 2582 quotannis

56 2593 264 2626 commeare,
289 2584 380 2618 haud
401 2589 580 2619 venerant.
629 2586 738 2620 Cuius
756 2586 892 2632 quidem
910 2587 963 2621 rei
980 2597 1086 2620 causa
1104 2585 1190 2619 haec
1207 2583 1285 2618 fuit.
1332 2582 1420 2628 (11.)
1447 2580 1544 2615 Fun-

55 2627 138 2663 data
162 2634 216 2663 est
238 2642 260 2664 a
278 2630 411 2675 Latinis
433 2632 677 2666 Genuensibus
704 2632 856 2675 colonia,
880 2645 979 2680 quam
1002 2631 1139 2667 accolae
1162 2631 1303 2677 Caphas
1331 2633 1542 2673 nuncupant,

55 2673 230 2720 distatque
248 2688 269 2711 a
289 2677 460 2712 Maeotico
477 2679 635 2724 Bosporo
658 2690 754 2714 mccc
778 2680 922 2722 stadiis,
947 2679 1015 2714 sita
1042 2682 1187 2724 propter
1217 2676 1392 2711 sinistrum
1410 2673 1542 2709 Euxini

57 2722 154 2766 ponti
178 2722 287 2765 latus,
318 2724 349 2758 si
375 2725 454 2770 quis
480 2726 748 2770 septentrionem
772 2738 893 2761 versus
914 2726 1080 2772 navigare
1101 2736 1142 2759 ac
1170 2723 1341 2758 borealem
1367 2722 1480 2768 polum
1506 2725 1543 2753 et

55 2767 200 2802 Helicen
226 2770 351 2805 babere
378 2771 422 2805 ob
450 2771 565 2806 oculos
589 2772 684 2806 velit.
733 2773 819 2807 Cum
845 2772 934 2808 enim
963 2784 1079 2807 omnes
1100 2770 1238 2812 Latini,
1270 2782 1312 2805 ac
1337 2766 1542 2815 praesertim

56 2814 278 2858 Genuenses,
300 2817 405 2852 vitam
423 2822 463 2852 ut
478 2817 656 2864 plurimum
677 2826 785 2865 agant
803 2826 1019 2854 mercaturae
1039 2823 1076 2853 et
1092 2816 1351 2862 navigationum
1366 2813 1542 2849 laboribus

55 2867 233 2904 vexatam,
258 2866 362 2910 atque
381 2864 464 2899 inde
483 2864 661 2912 pecuniam
685 2871 813 2913 cogant
831 2870 901 2902 tam
921 2866 1094 2914 publicam
1114 2875 1215 2911 quam
1234 2862 1427 2909 privatam,
1451 2872 1542 2896 ⁰⁰¹³·
