1794 3172
308 118 317 131 ⁴
354 146 671 194 HISTORIAE
699 145 1071 192 ΒΥΖΑΝΠΝΑΕ
1093 144 1210 190 XXI.
1229 151 1270 193 3.
1409 139 1541 188 1009

67 258 194 317 μόνον
212 260 257 303 ἐκ
273 263 348 316 τῆς
366 254 661 315 πολυγλώσσου
681 260 862 316 κραυγῆς
880 256 1031 313 ἐκείνης
1049 257 1116 299 καὶ
1137 257 1353 315 τρικυμίας
1375 257 1444 299 καὶ
1463 260 1539 313 τῆς
1560 263 1597 297 Α.
1615 265 1653 298 c.
1668 263 1757 300 1351

68 334 152 373 τῶν
201 329 426 386 λεγομένων
468 328 694 382 ἀκοσμίας·
752 325 859 370 ἀλλὰ
898 328 966 369 καὶ
998 324 1020 370 ὅ
1053 329 1137 369 τῶν
1169 330 1318 384 χειρῶν
1356 312 1758 392 πάταγοςῐωὲ“ἒὲξέ““

70 399 239 443 πλείονα
261 398 334 442 τὸν
351 395 540 455 θόρυβον
571 395 738 440 ἐνεποίει
765 399 826 455 τῷ
854 397 1075 454 συνεδρίῳ,
1112 395 1161 439 οὗ
1188 397 1425 454 παροδικῶς
1452 400 1577 448 πωςΟ

71 469 351 524 συνενεχθεὶς,
387 466 496 510 κατὰ
522 465 599 516 τὰς
630 463 969 523 ἀπροσδοκήτους
995 462 1191 516 ἐπιούσας
1222 463 1440 510 ὅπῶσποτε
1466 463 1543 510 τύ-

41 544 65 580 5
68 555 172 593 χας,
209 537 316 581 ἀλλὰ
342 537 410 580 καὶ
427 533 542 591 μάλα
561 535 609 592 γε’
623 552 688 579 τοι
710 536 939 591 ἐξεπίτηδες
954 548 964 559 ·
998 536 1066 578 ’ίνα
1091 535 1222 591 μηδὲν
1250 539 1334 579 τῶν
1351 534 1540 594 παρανό-

68 624 159 663 μως
177 607 261 649 ἐκεῖ
277 605 651 663 δογματιζομένων,
688 604 794 647 κατὰ
825 604 874 647 τὸ
897 602 1141 662 πρόσφατόν
1169 621 1214 648 τε
1237 606 1306 648 καὶ
1328 604 1458 662 ἄηθες
1487 610 1540 664 τῇ

67 680 144 720 τοῦ
168 679 273 719 θεοῦ
304 675 520 735 ἐκκλησία,
565 671 664 730 ἡμῖν
695 673 949 730 ἧκουσμίνον
978 674 1156 731 γένοιτο,
1193 675 1300 730 μηδὲ
1324 673 1453 734 μικρά
1478 686 1542 728 τις

69 745 299 802 ἀντιλογίας
335 745 418 788 ἐκεῖ·
445 743 549 802 πρὸς
583 741 703 799 ἡμῶν
737 744 966 800 τολμηθείη
997 740 1117 801 ῥοπή.
1173 742 1286 797 ὅμως
1313 746 1349 788 εἷ
1384 747 1452 788 καὶ
1477 746 1578 803 μὴυ

70 813 238 858 πάντων
264 816 306 858 ἐν
327 812 523 872 ἀκηράτῳ
551 811 769 870 γεγόναμεν
796 813 925 871 ἀκοῇ,
964 812 1060 855 ἀλλ’
1093 807 1166 855 οὖν
1194 813 1419 872 ἀπέχρησε,
1456 821 1540 860 τῶν

17 891 61 926 10
70 901 114 942 γε,
143 882 340 927 πλειόνων
371 881 616 939 ἀκηκοόσιν,
655 881 711 933 ὡς
740 882 841 938 ἔχειν
863 880 1030 935 εῗκάζειν
1052 882 1242 926 ἐντεῦθεν
1274 886 1343 927 καὶ
1369 890 1453 929 τῶν
1479 886 1539 943 μὴ

72 958 220 1012 σαφῶς
250 953 515 1009 ἠκουσμένων
541 952 617 1008 τὴν
647 950 784 1010 φύσιν.
842 951 938 996 οὐδὲ
963 951 1041 1009 γὰρ
1074 951 1170 995 οὐδ’
1202 953 1363 998 ἐκείνων
1394 955 1542 1006 τελέως

72 1022 275 1079 ἀνηκόους
299 1021 412 1079 ἡμᾶς
430 1022 620 1079 γενέσθαι
643 1022 943 1077 ξυμπέπτωκεν.
990 1021 1043 1065 τὰ
1068 1020 1148 1078 γὰρ
1175 1019 1444 1081 ὗστερόφωνα
1467 1029 1543 1081 τῆς

72 1096 267 1148 συνεχοῦς
286 1090 469 1135 ἑκάστων
487 1093 646 1134 ἐκείνων
666 1091 814 1147 ἠχοῦς,
849 1096 935 1135 τῶν
959 1091 1075 1148 πέριξ
1095 1095 1170 1147 τῆς
1195 1096 1412 1150 βασιλικῆς
1441 1094 1542 1137 ἐκεί-

72 1179 146 1218 νης
180 1162 311 1213 οἰκίας
345 1162 586 1217 ἐκπηδῶντα
627 1165 817 1218 σφαιρῶν
856 1162 925 1204 καὶ
960 1158 1262 1219 ἧμισφαιρίων,
1305 1164 1378 1206 καί
1418 1181 1542 1208 τινων

19 1236 63 1272 15
75 1233 198 1287 ἲχνῶν
221 1234 375 1276 ἐκεῖθεν
397 1231 670 1275 ἀποσυλῶντα
696 1228 887 1287 μιμήσεις
895 1256 927 1285 ‚v
947 1229 1256 1287 φιλανθρώπως
1281 1235 1404 1276 εἰπεῖν
1430 1231 1542 1289 ἡμᾶς

73 1300 274 1353 ἐδεξιοῦτό
292 1319 336 1345 τε
356 1302 422 1345 καὶ
445 1301 606 1354 ἐξένιζε,
643 1300 691 1344 τὸ
714 1298 966 1356 λυπούμενον
993 1305 1069 1356 τῆς
1087 1305 1227 1357 ψυχῆς
1245 1299 1363 1357 ἡμῶν
1385 1301 1576 1349 οὖτωσὶΕ

73 1370 362 1415 κολακεύοντα.
446 1369 537 1430 (Ι.)
583 1371 657 1421 Εἷς
686 1368 894 1426 τοσαύτην
920 1386 964 1427 γε
994 1370 1077 1426 μὴν
1108 1370 1155 1413 τὸ
1188 1375 1358 1428 πρᾶγμα
1392 1375 1539 1416 κακίαν

72 1439 200 1496 ἤλασε
229 1439 344 1494 τότε,
376 1441 444 1483 καὶ
465 1437 673 1495 τοσαύτην
700 1434 821 1497 εὗρον
841 1439 917 1495 τὴν
942 1438 1147 1496 εὐκαιρίαν
1174 1443 1436 1498 βλασφημίαι
1463 1460 1540 1498 με-

73 1511 176 1561 ταξὺ
197 1516 271 1567 τῆς
292 1507 447 1553 ἀτόπου
475 1511 542 1552 καὶ
560 1509 757 1563 ἀμαθοῦς
775 1513 860 1552 τῶν
881 1505 1110 1552 ἐπισκόπων
1133 1510 1285 1567 ἐκείνης
1308 1509 1534 1568 φάλαγγος,

17 1586 66 1622 20
76 1577 132 1629 ὥς
153 1582 221 1622 καὶ
240 1577 372 1638 ψήφῳ
396 1583 510 1636 κοινῇ
533 1578 734 1633 βασιλέως
754 1576 843 1633 ἅμα
862 1579 931 1620 καὶ
952 1575 1232 1635 πατριάρχου,
1263 1577 1335 1630 ξύν
1351 1597 1393 1637 γε
1413 1585 1538 1624 πᾶσιν

74 1649 236 1702 αὐτοῖς,
275 1646 427 1691 δεδιόσι
456 1647 531 1703 τὴν
551 1647 792 1703 ἀρχοντικὴν
809 1647 996 1698 ἐξουσίαν
1027 1654 1114 1698 τοῖς
1139 1649 1364 1703 πλείστοις,
1401 1664 1576 1708 κυρωοΕ

72 1723 204 1773 θῆναι
235 1718 334 1773 μέν,
371 1714 554 1773 θεότητα
581 1717 777 1773 λέγεσθαί
799 1733 887 1767 πως
917 1717 984 1759 καὶ
1007 1715 1083 1772 τὴν
1110 1716 1275 1760 οὐσίαν·
1319 1719 1468 1776 κυρίως
1493 1721 1540 1763 δὲ

73 1786 259 1844 θεότητα
293 1786 485 1830 ἅκτιστον
507 1787 574 1830 καὶ
591 1784 758 1845 σφόδρα
787 1783 988 1845 διάφορον
1012 1789 1088 1842 τῆς
1107 1787 1227 1838 θείας
1257 1786 1424 1843 οὐσίας,
1463 1789 1538 1846 τὴν

74 1921 302 1954 cumtonante.
350 1919 491 1966 Quippe
514 1932 582 1955 non
604 1919 712 1955 solum
733 1919 792 1955 ille
814 1919 994 1955 multorum
1017 1919 1178 1955 dissonus
1199 1919 1346 1964 clamor,
1368 1921 1538 1968 procello-

74 1977 215 2011 sumque
238 1978 399 2009 murmur,
423 1973 460 2001 et
481 1966 677 2002 inconditae
692 1966 903 2013 loquentium
924 1978 1042 2009 voces,
1065 1967 1126 2002 sed
1150 1972 1186 2002 et
1208 1968 1359 2022 crepitus
1381 1980 1538 2005 manuum

75 2012 337 2057 complosarum‚
358 2013 467 2048 maior
483 2017 524 2048 ut
541 2013 707 2048 tumultus
725 2014 761 2048 in
784 2025 827 2048 ea
849 2013 1010 2048 concione
1032 2013 1214 2049 exsisteret
1230 2014 1445 2058 efficiebant;
1469 2028 1538 2051 non

73 2058 134 2094 ille
157 2059 269 2093 obiter
292 2062 329 2094 et
351 2064 479 2094 temere
501 2060 685 2102 excitatus,
707 2065 748 2094 ut
771 2060 807 2094 in
829 2060 874 2094 iis
897 2060 1047 2103 casibus,
1072 2060 1130 2106 qui
1151 2060 1285 2095 fortuiti
1308 2065 1344 2096 et
1361 2061 1539 2108 improvisi

73 2116 282 2151 quocunque
304 2106 404 2140 modo
428 2105 608 2147 accidunt,
639 2107 702 2141 sed
724 2106 878 2141 consulto
901 2112 938 2141 et
960 2107 1042 2142 data
1064 2107 1165 2153 plane
1188 2119 1316 2153 opera:
1338 2120 1380 2143 ne
1404 2109 1539 2145 scilicet

72 2163 189 2187 eorum
213 2152 426 2196 dogmatum,
457 2164 547 2198 quae
569 2152 639 2186 illic
662 2157 783 2187 contra
813 2153 869 2187 fas
890 2154 1130 2188 statuebantur
1152 2165 1194 2189 ac
1215 2153 1251 2188 in
1273 2154 1448 2190 ecclesiam
1470 2156 1538 2192 Dei

74 2210 167 2233 nova
189 2202 226 2232 et
246 2197 400 2234 inaudita
424 2198 696 2241 invehebantur,
721 2199 826 2233 ullum
848 2199 893 2234 ad
915 2211 1018 2234 aures
1041 2204 1176 2235 nostras
1199 2201 1408 2247 perveniret,
1432 2206 1537 2248 atque

73 2248 114 2279 ut
134 2256 179 2279 ne
200 2244 328 2280 ibidem
350 2245 408 2280 vel
425 2245 594 2280 minimum
611 2245 866 2280 contradicendi
879 2246 989 2281 locum
1004 2247 1169 2282 audacius
1186 2251 1411 2293 captaremus.
1443 2250 1536 2283 Cae-

72 2295 186 2326 terum
209 2291 275 2326 etsi
298 2303 367 2326 non
390 2292 503 2327 omnia
524 2292 686 2327 distincte
710 2296 748 2326 et
770 2292 879 2336 clare,
905 2297 941 2327 at
962 2293 1127 2339 pleraque
1149 2306 1170 2328 a
1193 2294 1291 2328 nobis
1315 2300 1455 2329 eatenus
1473 2306 1537 2329 au-

72 2337 147 2372 dita
170 2342 272 2379 sunt,
303 2342 344 2373 ut
373 2350 462 2385 quae
490 2351 557 2373 non
579 2338 709 2384 liquido
738 2339 968 2382 audissemus,
1000 2351 1116 2375 eorum
1151 2340 1254 2375 etiam
1277 2353 1410 2375 sensum
1434 2340 1537 2375 facile

72 2383 154 2418 inde
175 2384 456 2420 coniectaremus.
502 2386 593 2420 Nam
615 2386 652 2419 in
674 2384 735 2419 illa
758 2386 920 2420 continua
941 2386 1150 2431 singulorum
1167 2387 1417 2422 vociferatione
1431 2398 1536 2422 voces

73 2429 214 2464 ultimae
236 2431 463 2476 superstites,
496 2443 539 2466 ex
566 2431 819 2477 circumpositis
844 2432 1057 2478 imperatorii
1079 2432 1172 2467 illius
1195 2433 1355 2468 domicilii
1376 2433 1536 2479 sphaeris

74 2481 113 2510 et
135 2475 393 2522 hemisphaeriis
414 2478 641 2520 resultantes,
674 2483 710 2513 et
738 2479 946 2524 quorundam
976 2479 1076 2525 quasi
1106 2479 1332 2524 vestigiorum
1354 2479 1535 2524 imaginem

74 2521 169 2556 illinc
191 2523 400 2566 referentes,
430 2524 538 2559 amice
568 2528 608 2559 ut
629 2525 681 2559 ita
711 2524 821 2559 dicam
843 2536 905 2560 nos
928 2525 973 2560 ad
996 2538 1035 2560 se
1057 2525 1280 2560 admittebant
1303 2530 1339 2560 et
1361 2525 1457 2560 velut
1478 2525 1536 2560 in-

72 2568 324 2611 troducebant,
346 2581 456 2616 eaque
484 2571 620 2606 ratione
651 2571 901 2616 aegritudinem
923 2571 1025 2607 animi
1047 2572 1156 2607 nostri
1178 2572 1302 2606 blande
1324 2571 1533 2607 solabantun

72 2614 159 2659 (X.)
183 2614 253 2649 Res
275 2626 380 2661 porro
401 2617 481 2662 ipsa
500 2617 535 2652 iu
558 2621 688 2653 tantum
711 2618 825 2652 scelus
846 2618 981 2664 erupit,
1012 2618 1064 2653 ita
1096 2618 1188 2664 apud
1209 2617 1300 2652 illam
1322 2617 1474 2652 insanam
1497 2623 1536 2654 et

72 2661 191 2696 rudem
220 2661 420 2706 pontificum
453 2669 626 2699 catervam
657 2667 869 2709 opportunus
891 2665 1110 2710 blasphemiis
1133 2665 1226 2698 locus
1258 2663 1404 2709 obtigit,
1436 2667 1476 2698 ut
1496 2669 1535 2700 et

73 2706 260 2753 imperator
282 2712 318 2742 et
339 2709 558 2754 patriarcha,
583 2716 620 2745 et
641 2710 691 2744 illi
715 2722 828 2745 omnes
845 2711 1010 2758 episcopi,
1034 2722 1212 2757 supremae
1231 2709 1448 2745 auctoritatis
1463 2721 1535 2745 me-

72 2759 111 2787 tu
138 2753 311 2799 plerique,
335 2756 500 2791 communi
522 2757 663 2792 decreto
687 2757 1002 2801 pronunciaverint,
1025 2758 1134 2803 ipsam
1153 2767 1289 2802 quoque
1310 2755 1536 2792 substantiam

73 2799 290 2834 divinitatem
312 2799 380 2836 dici
402 2802 640 2848 aliquatenus:
664 2808 701 2838 at
725 2803 865 2849 proprie
888 2803 1101 2839 divinitatem
1123 2803 1330 2842 increatam,
1353 2807 1390 2837 et
1415 2814 1437 2837 a
1452 2803 1536 2839 sub-

72 2846 202 2882 stantia
224 2845 342 2883 divina
362 2847 465 2896 longe
481 2849 675 2893 diversam,
698 2850 847 2897 [vocari]
871 2851 1123 2899 operationem3
1147 2860 1236 2895 quae
1258 2848 1396 2896 quidem
1417 2860 1482 2897 per
1497 2861 1537 2885 se
