1754 3164
553 100 1034 146 ANNOTATIONES.
1440 98 1571 146 '1279

35 204 149 244 febre
173 204 299 256 obiit,
330 205 430 245 adeo
456 213 502 244 ut
527 205 599 244 vix
620 205 655 244 is
685 206 902 246 existimari
924 208 1053 259 possit
1074 208 1262 249 Vatatzae
1280 221 1413 260 gener,
1446 224 1571 263 quan-

35 262 251 313 doquidem
277 277 367 302 cum
391 264 576 302 Vatatzes
600 277 741 302 caesus
764 264 930 313 interiit,
961 265 1094 304 adhuc
1119 273 1321 319 superstes
1345 273 1431 306 erat
1452 269 1567 321 Suly-

33 333 200 358 mannus
227 322 314 363 iste.
376 319 491 359 Alter
525 328 584 360 est
611 322 880 372 Sulymannus
912 321 1108 362 Orcbanis
1135 323 1242 362 filius
1265 324 1566 377 primogenitus,

33 377 85 415 de
117 391 197 428 quo
224 379 332 417 idem
359 379 660 421 Cantacuzenus
679 378 752 417 lib.
779 379 847 420 IV.
878 393 966 432 cap.
985 380 1054 420 IV.
1080 382 1268 422 XXXIV.
1302 388 1344 420 et
1366 382 1484 432 alibi,
1526 389 1567 422 et

32 434 231 474 Laonicus
264 435 334 475 lib.
359 436 393 476 I.
427 449 518 488 pag.
556 439 623 479 12.
661 436 818 475 Tertius
850 436 957 477 filius
985 437 1143 478 Aitinis.
1202 439 1374 478 Annales
1402 440 1566 480 Turcici

30 504 121 544 pag.
155 493 252 535 314.
283 494 367 531 eius
393 493 420 532 l.
446 493 560 533 Edit.
592 494 686 545 Reg.
720 495 893 533 Carasen
921 494 970 532 ab
997 509 1044 534 eo
1073 503 1339 548 expugnatam
1366 497 1565 549 scribunt,

29 548 173 588 urbem
200 550 303 589 forte
325 549 435 589 illam
456 550 524 589 cui
546 551 648 589 alter
667 551 934 603 solymannus
956 552 1194 605 imperabat.
1249 567 1422 594 nucsno.

145 607 246 661 Pag.
277 608 381 658 746,
414 611 480 651 13.
539 606 676 661 Μέχρι
706 612 857 649 στενῶν
887 606 1246 663 Χριστουπόλεως]
1297 613 1562 652 Cantacuzen.

29 662 100 702 lib.
127 663 162 707 Ι.
192 678 278 717 cap.
303 663 369 705 lV.
401 662 727 719 Χριστουπόλεως
753 662 979 720 φρούριον,
1009 663 1094 719 ἅμα
1121 666 1194 721 μὲν
1225 665 1276 709 ὂν
1300 667 1490 723 καρτερὸν
1518 670 1562 710 ἔκ

29 736 72 761 τε
93 723 167 773 τῆς
191 719 351 773 φύσεως
377 725 451 775 τῆς
480 726 728 776 κατασκευῆς
751 727 827 764 τοῦ
852 719 982 765 τόπου
1009 724 1079 766 καὶ
1107 728 1189 766 τῶν
1212 729 1374 778 τειχῶν,
1407 724 1492 780 ἅμα
1519 723 1562 767 δ’

26 774 90 819 ὅτι
117 777 185 818 καὶ
212 776 343 834 ὥσπερ
375 780 415 820 εἴ
439 796 477 820 τι
503 783 694 830 κλεῖθρον
719 785 846 822 κεῖται
866 784 948 821 τῶν
976 778 1179 834 κλιμάτων
1200 782 1396 836 ἑκατέρων
1425 783 1560 836 μέσον.

26 835 204 874 Meminit
226 850 385 876 rursum
403 837 602 887 Gregoras
624 836 704 876 hoc
729 852 816 890 cap.
837 835 1169 892 Χριστουπόλεως
1191 843 1353 881 στενῶν.
1382 855 1558 881 Ducum.

25 891 127 932 Vide
147 900 280 933 notam
304 894 355 934 ad
382 908 474 947 pag.
497 898 590 938 151.
613 895 658 933 A.
680 909 816 947 supra.
875 910 1032 936 BOIV1N.
1332 938 1334 940 ,

135 949 235 1005 Pag.
265 952 371 1002 747,
406 958 443 994 1.
502 951 675 992 Βασιλέα
698 949 907 1005 Ῥωμαίων
934 951 1078 994 ἑαυτόν
1110 948 1382 1009 οἷνηγόρευσε]
1415 956 1558 994 Canta-

25 1020 161 1046 cuzen.
182 1009 251 1048 lib.
267 1009 334 1049 ΙΙΙ.
356 1023 442 1062 cap.
465 1010 687 1050 LXXXIX.
715 1016 906 1051 extremo.
964 1024 1136 1049 DUCANG.

136 1064 233 1120 Pag.
263 1065 369 1116 747,
400 1070 438 1109 8.
505 1070 594 1107 Τῶν
624 1068 814 1108 Σκοπίων
845 1064 1025 1120 πόλεως]
1069 1068 1198 1116 Quam
1226 1066 1386 1119 quidem
1416 1068 1554 1106 urbem

22 1122 66 1160 in
90 1122 251 1174 Regiam
283 1123 472 1177 deinceps
501 1124 658 1176 delegit.
716 1126 930 1164 Cantacuz.
956 1124 1028 1164 lib.
1056 1125 1121 1165 IV.
1162 1138 1250 1176 cap.
1283 1125 1395 1162 XIX.
1456 1124 1556 1164 Vide

21 1179 239 1220 Laonicum
263 1181 331 1220 lib.
354 1182 384 1222 Ι.
406 1195 492 1234 pag.
522 1186 587 1225 14.
616 1187 656 1220 et
677 1182 962 1221 Leunclavium
985 1182 1026 1220 in
1053 1181 1174 1220 Pand.
1198 1182 1317 1221 Ture.
1354 1195 1527 1220 nuchc.

131 1236 231 1292 Pag.
263 1239 365 1286 747,
396 1242 436 1281 9.
488 1234 643 1288 Ἄξιός]
676 1238 776 1279 Vide
806 1239 877 1279 lib.
900 1239 1000 1279 VIII.
1031 1253 1121 1292 cap.
1142 1238 1211 1278 IV.
1235 1244 1330 1278 sect.
1358 1243 1398 1281 7.
1424 1245 1462 1278 et
1481 1239 1552 1281 lib.

19 1294 125 1334 XIII.
145 1309 233 1348 cap.
254 1297 305 1335 II.
326 1302 422 1335 sect.
444 1299 484 1340 7.
543 1310 695 1335 sorvm.

128 1351 230 1406 1³03·
260 1357 364 1397 747,
395 1356 459 1395 13.
520 1354 603 1394 Καὶ
627 1352 804 1406 Δέρκου]
837 1349 966 1403 Πόλις
993 1353 1038 1394 ἐν
1066 1355 1118 1410 τῇ
1138 1351 1272 1407 Δέρκῃ
1295 1352 1416 1407 λίμνῃ
1447 1353 1553 1390 Can-

21 1413 215 1447 tacuzeno
234 1411 302 1449 lib.
325 1411 392 1450 III.
416 1424 504 1464 cap.
526 1414 592 1453 81.
652 1425 823 1449 Ducsxo.

130 1466 233 1521 Pag.
262 1468 369 1517 749,
404 1469 470 1510 15.
520 1463 581 1507 'H
604 1468 677 1521 μία
704 1470 784 1509 τῶν
815 1467 1014 1521 αἰθερίων
1053 1464 1241 1518 ἆψίδων]
1284 1466 1546 1506 Cantacuzen.

18 1522 88 1561 lib.
107 1523 176 1564 IV.
201 1539 286 1578 cap.
304 1528 343 1567 4.
400 1539 571 1564 numme.
865 1571 870 1575 ‚

129 1581 233 1636 Pag-
267 1585 372 1631 750,
405 1586 471 1624 10.
530 1580 619 1622 Υἱοὶ
651 1577 801 1634 μητρός
829 1596 907 1633 μου
930 1597 967 1621 κ.
995 1595 1029 1620 τ.
1051 1579 1110 1632 λ.]
1141 1580 1257 1618 Cant.
1280 1585 1384 1617 cant.
1406 1592 1494 1631 cap.
1515 1578 1549 1617 Ι.

16 1651 57 1677 v.
80 1638 121 1681 5.
152 1644 190 1676 et
212 1653 301 1692 cap.
322 1639 369 1680 V.
388 1653 425 1678 v.
446 1643 484 1681 7.
506 1645 544 1677 et
565 1639 710 1679 Psalm.
733 1638 913 1678 LXXIII.
933 1651 974 1677 v.
997 1640 1066 1679 23.
1110 1648 1265 1675 nowm.

128 1695 230 1750 Pssg·
259 1697 363 1745 750,
396 1696 462 1738 14.
506 1695 603 1749 ,Βοὴ
641 1696 710 1737 καὶ
739 1698 897 1749 θρῆνος
936 1691 1116 1747 ἠγείρετο
1157 1690 1325 1744 μείζων]
1375 1691 1546 1731 Videtur

17 1753 215 1803 Gregoras
254 1754 480 1807 respexisse
517 1754 566 1792 ad
607 1754 676 1793 illa
722 1753 905 1804 Gregorii
942 1751 1179 1790 Nazianzeni
1222 1750 1273 1789 de
1314 1748 1546 1788 Anastasiae

13 1811 188 1864 templo,

184 1885 248 1932 Οὔ
274 1887 408 1941 τόσον,
437 1886 706 1944 Ἀσσυρίοισιν
736 1884 803 1930 ὅτ’
831 1885 950 1941 ἤγετο
979 1884 1122 1940 τηλόθι
1149 1881 1318 1939 πάτρης,

183 1945 300 1997 Λαός
332 1945 551 2002 δουριαλής
579 1945 681 2001 νηόν
711 1946 874 1988 {atavae
903 1943 1038 2000 μέγαν.
1097 1955 1256 1983 noxvm.

19 2067 21 2070 .
125 2027 228 2081 Pag·
261 2028 340 2071 751
355 2059 366 2078 ,
398 2030 463 2070 16.
508 2026 591 2068 Καὶ
609 2025 658 2068 τοέ
679 2027 891 2080 ἐρείσματα
912 2022 1045 2065 ὁπόσα
1069 2020 1171 2075 πρός
1191 2017 1450 2084 Ἀνδρονίκῳ
1466 2022 1541 2061 τοῦ

12 2084 226 2139 βασιλέως]
259 2085 390 2136 Atque
410 2084 504 2123 hinc
527 2084 717 2123 discimus
739 2099 760 2122 a
780 2097 859 2135 quo
879 2081 1074 2121 exstructi
1092 2079 1242 2119 suerint
1267 2078 1371 2116 muri
1391 2078 1450 2116 ilh
1471 2078 1540 2116 ob-

11 2145 182 2185 nitentes
211 2148 380 2193 quatuor
409 2142 627 2181 maioribus
651 2141 744 2194 pilis
773 2140 1060 2179 sustinentibus
1089 2134 1456 2188 Hemisphaerium,
1487 2134 1539 2173 de

13 2201 155 2253 quibus
179 2200 329 2251 egimus
351 2200 393 2238 in
412 2199 712 2251 Constantinop.
734 2197 884 2238 Christ.
914 2197 986 2237 lib.
1008 2196 1076 2235 ΙΙΙ.
1101 2200 1198 2234 sect.
1225 2196 1293 2235 36.
1334 2204 1506 2231 DUGANG.

127 2271 223 2323 Pag.
252 2269 355 2319 753,
388 2271 453 2311 17.
517 2264 570 2309 To*
594 2266 638 2308 δὲ
667 2262 757 2308 κατ’
777 2263 1000 2320 ἆμφὸτεροι·
1041 2259 1104 2313 τό,
1139 2257 1178 2303 τ’
1208 2257 1438 2314 α’βούλητον
1466 2258 1536 2323 κριὶ

11 2323 152 2380 ὁπρὸς
174 2322 336 2381 διόρθ.]
380 2326 438 2364 Ita
467 2325 587 2365 etiam
617 2325 854 2365 Vaticanum
884 2322 1109 2375 exemplat-3
1150 2333 1201 2358 ex
1232 2332 1333 2370 quo,
1365 2330 1464 2369 quae
1491 2329 1534 2354 m

10 2384 135 2436 Regio
158 2383 392 2437 apographo
414 2383 615 2432 deessent,
649 2382 930 2434 suppleturum
952 2394 1014 2419 me
1039 2377 1260 2431 sperabam.
1310 2386 1475 2439 somn.

123 2443 225 2496 Pag.
256 2443 360 2491 755,
390 2445 432 2484 6.
490 2441 647 2479 Annum
670 2438 819 2478 Christi
847 2435 1126 2477 MCCCXLVI.
1154 2434 1421 2485 ascripsimus,
1450 2442 1532 2481 quo

10 2499 172 2539 ineunte
197 2499 328 2537 datam
347 2505 533 2550 putamus
552 2498 660 2536 illam
679 2495 946 2536 Cantacuzeni
967 2494 1019 2533 ad
1047 2489 1316 2546 patriarcham
1333 2488 1531 2551 joannem

11 2557 231 2610 epistolam.
290 2556 395 2595 Huic
425 2556 678 2594 coniecturae
708 2554 818 2594 favet
848 2553 950 2592 ordo
979 2554 1068 2605 ipse
1101 2560 1241 2592 rerum
1267 2549 1529 2601 narratarum.

9 2627 223 2724 ¹³01V111‘3ag.
253 2671 358 2720 756,
386 2675 423 2714 2.
484 2668 570 2710 Καὶ
596 2666 651 2722 μὴ
678 2662 947 2721 πειθόμενον,
977 2661 1029 2706 ἄν
1058 2660 1169 2728 τινα]
1200 2654 1324 2710 Εἶχεν
1353 2653 1408 2697 ἅν
1437 2671 1528 2697 τινα

10 2728 148 2768 Codex
172 2728 408 2777 vaticanus,
439 2734 486 2766 ut
508 2726 644 2779 accepi
664 2739 713 2765 ex
738 2725 801 2768 Cl.
822 2725 869 2766 V.
891 2724 938 2764 L.
956 2724 1142 2772 Targnio.
1200 2727 1356 2754 noivm.
1465 2767 1475 2783 ι

122 2786 221 2839 Pog-
252 2788 355 2834 758,
386 2789 424 2828 2.
484 2785 561 2833 Εἰς
589 2787 718 2838 μῆκος
736 2781 920 2831 γἐκτείνας
947 2775 1150 2834 γράμμασι
1177 2770 1252 2827 τήν
1286 2769 1523 2823 ἐπιστολην]
