1794 3172
307 128 627 214 msToRIAE
654 162 1030 212 BYZANTINAE
1049 161 1171 208 xlv.
1190 169 1259 211 ιο.
1414 156 1516 204 739

28 279 110 338 γὰρ
136 278 188 323 ἃν
208 276 323 334 οἶμαι
343 277 565 337 δακρύσειν
587 276 778 327 ἅπαντας
795 277 839 320 ἔκ
859 279 935 319 τοῦ
963 272 1123 336 ῥᾴστου
1141 278 1337 333 θερμῶς,
1376 272 1517 319 οἷ’κτου
1542 280 1580 314 A.
1595 268 1744 317 e.1345'

28 352 97 394 καὶ
127 347 369 406 σπλάγχνων
399 353 585 408 φυσικῶν
612 347 943 403 ἔμπλησθέντας.
982 345 1096 400 ὅμως
1122 343 1224 400 εἶχεν
1253 343 1364 389 οὕτω
1382 329 1740 410 ταυτίιωιὲἐῶζξὼ

30 420 98 462 καὶ
118 419 166 462 τὸ
188 421 265 474 μὲν
285 419 388 463 ἄλλο
409 423 599 475 πλῆθος,
637 416 737 461 ὅσον
757 417 801 460 ἔκ
819 420 896 460 τοῦ
918 412 1135 473 σύρφακος
1154 413 1281 471 ι’)’χλου
1308 415 1417 458 κατὰ
1438 420 1558 459 πο-Β

28 489 191 543 ταμοῦς
215 489 422 548 συνέρῥει,
459 488 538 538 τὰς
565 485 754 542 καλύβας
770 490 855 530 τῶν
883 486 968 529 ἐκεῖ
979 482 1245 540 μοναζόντων
1263 484 1521 542 ἠνδραποδί-

0 557 149 612 5ζοντό
178 576 221 602 τε
251 562 320 603 καὶ
343 557 571 616 διήρπαζον
593 556 747 607 ἀδεῶς·
783 557 851 599 καὶ
874 555 1005 606 αῧτιὶς
1035 555 1083 598 δ’
1114 550 1188 599 οὖν
1204 555 1311 610 μετὰ
1331 560 1418 599 τῶν
1438 574 1522 599 πα-

27 626 196 672 στάδων
223 627 471 687 τὰςθῦρας
499 624 849 682 ἀναμοχλεύοντές
883 642 928 669 τε
969 626 1038 668 καὶ
1072 623 1398 682 διαμεριζόμενοι
1428 632 1519 677 τοῖς

22 699 339 754 χαμαιτυπείοις
358 702 583 756 προσῆγον,
614 696 824 753 ἀσελγείας
840 696 1061 751 μίσθωμα.
1084 695 1123 738 οἱ
1144 697 1170 738 δ
1178 695 1191 711 ²
1215 695 1397 746 ἀναιδεῖς
1416 696 1521 739 ἐκεῖ·-

28 785 93 811 νοι
125 769 194 811 καὶ
227 766 360 826 φόνου
390 768 581 818 πνέοντες
612 766 774 823 ἄνδρες,
808 770 895 809 τῶν
928 765 1196 823 ἀνῃρημένων
1229 765 1308 816 τὰς
1336 766 1521 824 κεφαλὰς

28 837 115 881 ἔστι
139 837 185 880 δ’
208 832 267 882 ὧν
284 839 352 881 καὶ
371 838 448 889 τὰς
473 845 615 895 χεῖρας
643 837 925 890 ἕκτέμνοντες,
962 833 1182 893 περιῄεσαν
1202 833 1523 891 ἕπιδεικνῦμενοί

0 923 72 957 οτε
92 907 142 951 τὸ
162 913 238 964 τῆς
257 909 403 959 κακίας
424 902 550 965 ἄγος,
588 909 647 957 εἷς
677 906 867 962 ἔκπληξιν
888 909 973 949 τῶν
994 903 1187 962 ὁρώντων
1206 907 1275 948 καὶ
1297 905 1411 959 δέος,
1450 908 1559 952 καὶῦ

27 982 170 1020 πᾶσαν
190 978 339 1034 ἀγυιὰν
369 979 650 1034 ἓμπιπλιῦντες
676 976 955 1033 ἀνθρωπίνων
980 972 1169 1030 αἱμάτων
1188 992 1233 1019 τε
1251 977 1320 1019 καὶ
1337 981 1517 1034 σαρκῶν.

27 1045 149 1104 (ῙΔ.)
186 1050 274 1091 Καὶ
301 1043 354 1104 ἦν
380 1049 459 1103 μὲν
484 1045 658 1104 θρήνων
687 1048 756 1088 καὶ
787 1043 978 1102 δακρύων
1015 1044 1111 1096 ἄξια
1136 1045 1191 1089 τὰ
1226 1043 1419 1103 δρώμενα
1451 1049 1521 1089 καὶ

26 1118 212 1175 θέατρον
238 1115 409 1162 ἀνόσιον
437 1121 490 1176 τῇ
511 1114 791 1174 βασιλευούσῃ
810 1114 943 1173 ταύτῃ
975 1119 1062 1159 τῶν
1092 1113 1277 1159 πόλεων·
1314 1115 1449 1166 οὐδεὶς
1471 1117 1518 1159 δ’

27 1185 183 1243 ἐτόλμα
212 1195 302 1238 τοῖς
330 1186 567 1245 ’ὁρωμένοις
597 1185 625 1243 ἢ
659 1193 748 1237 τοῖς
768 1193 928 1244 νεκροῖς
951 1185 1117 1236 ἐκείνοις
1151 1187 1424 1244 ἐπιδακρῦσαι
1451 1188 1521 1229 καὶ

0 1257 253 1315 5στεναγμὸν
270 1258 522 1312 ἀποδοῦναι,
562 1255 657 1301 οὕτε
676 1273 740 1306 τις
762 1261 848 1299 τῶν
880 1256 1037 1314 φίλων,
1077 1255 1172 1300 οὔτε
1186 1273 1250 1307 τις
1270 1260 1355 1299 τῶν
1373 1273 1522 1313 συγγε-

26 1332 123 1379 νῶν,
159 1326 255 1371 οὕτε
273 1329 358 1384 μὲν
373 1328 506 1379 οὐδεὶς
523 1331 609 1371 τῶν
627 1325 766 1377 ἄλλως
783 1327 995 1384 φίλοικτον
1007 1324 1186 1383 ἐχόντων
1205 1327 1395 1384 καρδίαν.
1421 1326 1557 1385 {spe-D

28 1399 121 1454 δροι
163 1398 241 1456 γὰρ
287 1398 507 1456 ὀφθαλμοὶ
550 1394 940 1454 παραπορευόμενοι
975 1394 1238 1454 συνήρπαζόν
1275 1413 1320 1440 τε
1353 1398 1423 1440 καὶ
1463 1396 1520 1440 τὰ

27 1465 172 1522 ἱμάτια
201 1466 463 1525 περιδύοντες
491 1467 636 1511 ἔπαιον
664 1465 722 1517 ὥς
748 1464 997 1522 ἐπιβούλους
1029 1468 1099 1510 καὶ
1127 1466 1375 1517 ἀντιθέτους
1393 1466 1519 1525 Ἄννῃ

25 1541 79 1594 τῇ
97 1539 295 1591 βασιλίδι.
332 1536 471 1582 πάντα
491 1537 572 1595 γὰρ
594 1533 647 1594 ἦν
665 1534 903 1594 εὐφροσύνη
917 1534 1089 1594 λαμπρά
1106 1553 1170 1587 τις
1188 1537 1255 1578 καὶ
1273 1535 1430 1593 τέρψις
1438 1535 1518 1594 ἄῤ-

0 1606 154 1664 )ῥητος
174 1609 304 1665 ἐκείνῃ
328 1609 382 1651 τὰ
406 1606 613 1666 δρώμενα,
651 1608 720 1650 καὶ
738 1603 846 1649 πάνυ
862 1623 928 1650 τοι
944 1604 1113 1664 σφόδρα
1135 1604 1243 1648 κατὰ
1262 1604 1430 1662 γνώμης
1451 1606 1518 1648 ἔν-

26 1675 251 1734 τρύφημα·
290 1675 348 1728 ὥς
378 1679 570 1722 ἐντεῦθεν
596 1678 664 1719 καὶ
694 1676 773 1719 δέει
801 1680 951 1734 μακρῷ
983 1675 1264 1732 συσχεθέντας
1285 1675 1384 1726 τοὺς
1402 1692 1518 1733 περι-

27 1747 208 1790 στέλλειν
243 1747 350 1790 κατὰ
378 1746 454 1790 τὸν
485 1744 752 1804 ἀνθρώπινον
778 1747 847 1789 καὶ
877 1743 999 1802 φύσει
1029 1735 1239 1803 πρέποντα
1265 1742 1395 1800 νόμον
1415 1745 1559 1792 ἒθέ-Ε

25 1820 202 1871 λοντας,
239 1814 386 1861 ὁπόσοι
418 1816 526 1860 κατὰ
555 1817 672 1874 γένος
699 1817 768 1859 καὶ
801 1816 942 1874 φιλίαν
970 1822 1059 1867 τοῖς
1075 1814 1272 1872 κειμένοις
1290 1819 1516 1874 προσῆκον,

1067 1877 1083 1896 0

119 1916 178 1952 20.
199 1913 351 1962 γνώμην
374 1915 462 1951 coni.
486 1914 588 1950 Boiv.

25 1994 149 2042 opinor
169 2007 370 2042 expressum
398 1996 444 2032 iri
473 1996 637 2031 facillime
667 2007 690 2031 a
713 2007 918 2042 quocunque
944 1995 1172 2042 lacrymarum
1200 1994 1407 2031 uberrimam
1433 1996 1517 2040 vim,

25 2043 182 2077 omnibus
201 2043 436 2080 misericordia
453 2049 490 2078 et
505 2043 655 2078 naturali
674 2044 896 2078 humanitatis
913 2054 1018 2078 sensu
1036 2042 1189 2077 imbutis.
1235 2044 1343 2089 Atqui
1361 2044 1447 2078 haec
1463 2043 1516 2078 ita

25 2101 66 2124 se
82 2090 286 2125 habuerunt.
331 2091 383 2126 Et
395 2091 531 2137 reliqua
547 2089 686 2137 quidem
707 2090 816 2125 omnis
833 2090 1013 2124 multitudo
1030 2089 1220 2124 infimorum
1238 2090 1430 2132 hominum,
1454 2090 1515 2136 qui

24 2136 190 2171 torrentis
209 2137 321 2172 instar
337 2137 557 2172 confluebant
569 2163 580 2180 ,
602 2137 800 2184 degentium
818 2137 868 2171 ibi
886 2137 1131 2172 monachorum
1150 2136 1293 2171 cellulas
1313 2137 1518 2182 expilabant

25 2195 68 2218 ac
89 2183 180 2218 nullo
198 2189 291 2219 metu
311 2184 544 2230 diripiebant,
568 2188 606 2219 et
620 2184 715 2230 ipsas
731 2195 807 2219 cum
825 2184 984 2229 postibus
1005 2183 1162 2218 revulsas
1179 2183 1275 2218 fores
1294 2183 1418 2230 partiti
1433 2183 1516 2218 libi-

25 2230 118 2264 dinis
137 2230 287 2276 pretium
306 2231 350 2265 ad
371 2231 550 2278 lupanaria
567 2232 766 2277 portabant.
811 2231 998 2265 Enimvero
1019 2230 1184 2265 immanes
1205 2230 1294 2273 viri,
1319 2236 1356 2265 et
1373 2230 1517 2276 sangui-

26 2288 103 2311 nem
127 2277 325 2323 spirantes,
348 2278 629 2324 interemptorum
652 2278 821 2312 hominum
840 2278 979 2323 capita,
1012 2277 1225 2323 quorundam
1247 2282 1284 2312 et
1307 2289 1426 2312 manus
1451 2278 1516 2312 ab·

26 2323 153 2358 scissas
173 2324 454 2367 circumferendo,
479 2324 739 2360 abominandum
757 2325 871 2359 scelus
887 2325 1122 2365 ostentabant,
1144 2329 1320 2370 stuporem
1337 2330 1374 2359 et
1389 2328 1515 2358 metum

24 2369 240 2405 intuentibus
259 2371 456 2418 quibusque
473 2371 693 2414 incutientes,
715 2375 753 2406 et
769 2383 886 2406 omnes
902 2371 980 2405 vias
997 2371 1181 2406 cruoribus
1200 2372 1431 2416 carnibusque
1448 2371 1515 2405 hu-

25 2417 134 2451 manis
158 2417 352 2464 implentes.
400 2419 537 2464 (xlv.)
562 2419 675 2453 Erant
690 2430 775 2453 sane
792 2429 836 2452 ea
860 2429 951 2464 quae
978 2418 1272 2464 perpetrabantur
1295 2417 1453 2452 lamentis
1476 2419 1515 2451 et

26 2462 187 2509 lacrymis
204 2464 427 2510 dignissima3
451 2465 630 2511 dirumque
645 2465 731 2500 illud
749 2466 819 2499 fuit
839 2464 919 2499 huic
934 2465 1071 2500 urbium
1093 2465 1247 2511 principi
1264 2463 1513 2510 spectaculum.

26 2510 138 2544 Nemo
154 2515 268 2546 tamen
287 2523 331 2546 ea
348 2512 514 2547 intuendo
531 2511 619 2547 flere
629 2537 639 2554 ,
663 2523 761 2547 nemo
779 2511 859 2546 illos
875 2511 935 2558 qni
951 2511 1078 2546 mortui
1097 2517 1198 2546 erant
1213 2512 1334 2556 lugere
1349 2510 1514 2552 audebat,

27 2561 89 2590 aut
110 2558 273 2602 gemitum
290 2558 408 2600 edere,
431 2559 508 2593 sive
525 2559 665 2602 amicus,
687 2559 765 2593 site
781 2559 988 2603 cognatione
1005 2558 1154 2602 iunctus,
1178 2570 1241 2592 seu
1260 2557 1405 2603 quilibet
1422 2557 1513 2591 alius

26 2603 140 2637 animo
160 2603 206 2637 ad
227 2604 495 2640 misericordiam
513 2605 653 2640 aliunde
669 2616 852 2652 propenso.
899 2605 1006 2640 Oculi
1028 2605 1117 2640 enim
1140 2605 1377 2651 exploratores
1395 2604 1513 2639 obam-
1571 2641 1575 2643 λ

25 2649 212 2692 bulabant3
244 2650 282 2685 hi
304 2663 389 2686 vero
416 2652 698 2698 abripiebantur,
722 2656 760 2687 et
782 2651 999 2687 vestimentis
1025 2652 1193 2687 detractis
1211 2651 1447 2692 feriebantur,
1471 2654 1513 2684 ut

25 2696 250 2732 insidiatores
266 2702 302 2732 et
319 2699 442 2733 Annae
461 2699 676 2744 imperatrici
692 2699 931 2734 adversantes.
978 2699 1082 2741 Quae
1099 2699 1190 2734 enim
1206 2702 1278 2732 tum
1296 2697 1446 2738 fiebant,
1468 2707 1513 2731 ea

25 2742 137 2777 omnia
154 2742 226 2788 ipsi
245 2755 406 2779 summum
426 2746 610 2790 gaudium,
633 2745 847 2792 voluptatem
863 2745 1147 2789 inenarrabilem,
1170 2749 1207 2779 et
1224 2745 1344 2790 quales
1367 2743 1512 2778 maxime

26 2790 165 2824 volebat
179 2789 322 2825 delicias
345 2791 550 2827 afferebant.
597 2793 721 2838 ltaque
737 2803 862 2837 magno
880 2793 1026 2837 posthac
1043 2797 1136 2826 metu
1151 2791 1298 2825 cohibiti
1313 2790 1511 2837 quicunque

25 2842 199 2878 mortuos,
231 2837 435 2883 quibuscum
461 2838 667 2884 cognatione
693 2843 754 2874 aut
779 2838 933 2873 amicitia
955 2838 1063 2873 iuncti
1087 2837 1255 2881 fuissent,
1277 2837 1426 2884 sepelire
1444 2847 1510 2883 pro

24 2883 179 2927 gentium
197 2887 234 2919 et
251 2889 396 2920 naturae
413 2885 491 2921 iure
514 2885 720 2933 cupiebant,
742 2885 941 2921 abstinuere
965 2886 1011 2921 ab
1030 2885 1076 2920 iis
1096 2884 1280 2931 continuo,
1304 2896 1349 2920 ne
1364 2895 1432 2920 non
1451 2895 1511 2919 so-
