1794 3172
236 143 338 189 798
651 142 969 189 NICEPHORI
998 141 1323 186 GREGORAE

20 265 58 297 A.
76 264 120 297 M.
140 263 231 299 6855
243 258 310 300 καὶ
335 253 423 299 ὅσοι
443 254 518 305 τὰς
539 253 667 304 ἄλλας
688 253 879 308 νέμονται
901 248 1065 306 νήσους.
1103 251 1312 308 ἐπενέμετο
1340 252 1385 295 δὲ
1405 250 1455 295 τό
1478 248 1619 302 πάθος
1639 250 1730 294 ἐπί-

67 312 194 347 Ind.15
240 342 317 382 σης
339 325 492 381 ἄνδρας
514 325 581 366 καὶ
608 329 824 380 γυναῖκας,
856 322 1080 372 πλουσίους
1109 323 1176 363 καὶ
1211 321 1416 378 πένητας,
1447 320 1643 378 γηραιοὺς
1662 323 1732 363 καὶ

239 395 355 444 νέους
369 427 381 447 ,
407 395 475 436 καὶ
497 391 637 442 ἅπλῶς
657 394 795 444 εἰπεῖν,
821 390 1014 444 οὐδεμιᾶς
1033 388 1137 433 οὔθ’
1169 388 1326 447 ἡλικίας
1351 390 1445 434 οὕτε
1467 389 1595 446 τύχης
1617 391 1729 447 ἐφεί-

242 467 348 508 δετο.
372 464 579 505 ἒκενοῦντο
602 463 627 503 δ
635 461 646 477 ²
669 462 790 504 οἴκίαι
813 464 998 503 πλεῖσται
1020 457 1222 512 καθάπαξ
1242 465 1327 504 τῶν
1347 457 1572 517 οἰκητόρων
1593 457 1729 502 ἁπάν-

239 551 322 577 των
353 536 452 587 μιᾶς
486 529 665 586 ἡμέρας,
708 529 733 586 ἢ
765 531 832 573 καὶ
852 531 968 571 δυοῖν
998 529 1147 583 ἐνίοτε,
1185 529 1362 586 μηδενὸς
1382 531 1527 587 μηδενὶ
1549 533 1758 585 βοηθεῖνδ

200 601 494 656 Βδυναμένου,
527 598 630 655 μήτε
660 599 711 655 δὴ
740 603 823 642 τῶν
846 596 1159 655 γειτονούντων,
1192 598 1296 656 μήτε
1317 600 1403 656 μὴν
1424 604 1508 643 τῶν
1530 598 1638 641 κατὰ
1665 599 1731 654 γέ-

241 688 311 722 νος
337 672 402 713 καὶ
424 669 533 712 καθ’
568 667 672 723 αἷμα
703 666 996 725 προσηκόντων
1022 667 1200 719 οὐδενός.
1240 669 1289 712 οὗ
1310 667 1467 725 μόνους
1486 686 1528 726 γε
1554 668 1639 724 μὴν
1655 667 1733 710 ἇν-

243 738 445 797 θρώπους
464 738 511 782 τό
534 736 675 789 πάθος
695 736 846 781 οὑτωσὶ
866 738 1028 780 διετέλει
1047 740 1269 792 μαστίζον·
1297 739 1404 782 ἀλλὰ
1426 740 1492 781 καὶ
1514 737 1555 781 εἴ
1570 755 1608 781 τι
1629 737 1729 780 κατ’,

243 809 356 853 οἶκον
381 807 436 860 ὥς
460 808 512 851 τὰ
536 807 670 852 πολλὰ
694 814 780 858 τοῖς
803 805 1045 863 ἀνθρώποις
1075 808 1240 859 ἐκείνοις
1264 809 1408 864 συνέζη
1438 826 1481 851 τε
1501 808 1570 851 καὶ
1595 805 1732 866 συνῴ-

243 897 301 922 κει
339 883 421 922 τῶν
457 878 593 922 ἄλλων
627 874 740 930 ζώων
756 891 767 901 ·
825 875 954 927 κύνας
995 879 1101 934 φημὶ
1139 880 1207 921 καὶ
1245 879 1401 928 ἵππους
1439 879 1508 920 καὶ
1546 876 1731 934 ὀρνίθων
1744 886 1790 920 10

242 955 419 991 παντοῖα
439 948 555 1004 γένη,
592 949 660 990 καὶ
693 947 735 990 εἴ
760 964 866 996 τινες
898 947 941 989 ἓν
968 953 1056 997 τοΐς
1088 951 1172 991 τῶν
1201 947 1323 991 οἷ’κων
1352 948 1507 1003 τοίχοις
1527 948 1734 997 οἲκοῦντες

242 1017 386 1073 ἔτυχον
414 1015 526 1072 μύες.
565 1024 712 1073 σημεῖα
742 1017 788 1059 δὲ
817 1020 892 1059 τοῦ
923 1018 1082 1060 τοιοῦδε
1111 1015 1349 1073 νοσήματος
1380 1012 1432 1073 ἧν
1454 1017 1730 1068 ἐξανθοῦντα,

201 1087 312 1130 Εκαὶ
333 1091 407 1130 τοῦ
440 1084 601 1143 ἀθρόου
625 1084 845 1143 πρόδρομα
871 1084 1062 1129 θανάτου
1083 1087 1234 1130 ἐκείνου
1247 1120 1260 1140 ,
1294 1084 1480 1143 ὀγκώδης
1497 1104 1541 1129 τε
1563 1085 1734 1144 ἕκφυσίς

242 1173 304 1206 τις
320 1157 410 1212 περὶ
432 1156 508 1207 τὰς
530 1156 660 1213 ἀρχὰς
681 1160 763 1199 τῶν
790 1160 937 1213 μηρῶν
968 1157 1036 1198 καὶ
1065 1160 1150 1200 τῶν
1179 1155 1414 1214 βραχιόνων
1447 1157 1515 1199 καὶ
1547 1154 1636 1211 ἅμα
1665 1155 1733 1198 αἶ-

243 1223 442 1281 ματιῦδης
476 1223 617 1283 φθόη·
667 1223 693 1267 ἃ
733 1225 830 1275 τοὺς
864 1225 1142 1280 συσχεθέντας
1184 1226 1426 1283 αὐθημερὸν
1461 1226 1611 1278 ἐνίοτε,
1654 1243 1731 1267 κα-
1746 1238 1790 1275 15

245 1295 453 1350 θημένους
472 1294 497 1351 ἢ
515 1297 774 1350 βαδίζοντας,
799 1299 873 1338 τοῦ
891 1293 1096 1352 παρόντος
1117 1295 1244 1352 ἀπῆγε
1267 1294 1443 1351 τάχιστα
1462 1297 1572 1350 βίου.
1598 1293 1663 1338 ὅτε
1679 1294 1732 1350 δὴ

246 1365 313 1406 καὶ
330 1363 610 1422 Ἀνδρόνικος,
650 1362 670 1407 ὅ
694 1369 776 1407 τῶν
793 1365 914 1408 υἱέων
933 1369 1007 1407 τοῦ
1027 1365 1231 1421 βασιλέως
1253 1363 1473 1423 νεώτερος,
1506 1362 1729 1420 ἐτεθνήκει.

116 1438 239 1503 Ιζ.502
348 1433 404 1488 β’.
446 1438 543 1476 Τῶν
571 1434 709 1489 μέντοι
751 1432 1003 1492 πραγμάτων
1048 1435 1090 1478 ἐν
1121 1433 1284 1486 τούτοις
1316 1433 1447 1478 ι’)’ντων
1465 1468 1479 1488 ,
1530 1434 1643 1485 ἔδοξε
1671 1437 1733 1492 τῷ

114 1484 366 1545 Χ’406Ἀσιὶν
393 1501 586 1560 Ἰωάννῃ,
635 1511 723 1554 τοῖς
751 1506 841 1562 περὶ
872 1503 948 1559 τὴν
969 1502 1306 1561 Ἀδριανούπολιν
1333 1505 1502 1562 χωρίοις
1530 1503 1624 1562 ἄρτι
1655 1503 1734 1554 τὰς

244 1571 459 1629 διατριβὰς
490 1574 743 1632 ποιουμένῳ,
790 1573 862 1617 τὸν
893 1573 1142 1632 ἀδελφιδοῦν
1179 1576 1265 1634 ἰδία
1293 1571 1565 1631 παρειληφότι
1598 1575 1791 1622 Mar-20

248 1645 375 1684 θαΐον
406 1640 470 1700 (ὃς
501 1641 606 1685 καθ’
637 1640 797 1698 ἡλικίαν
816 1641 1008 1701 προῦχων
1039 1648 1123 1687 τῶν
1151 1644 1354 1698 βασιλέως
1383 1645 1543 1687 παίδων
1574 1647 1659 1686 τῶν
1688 1659 1733 1685 τε

247 1710 290 1752 ἓν
322 1709 467 1770 Θρᾴκῃ
499 1709 655 1755 πόλεων
680 1712 756 1768 τὴν
784 1713 1008 1770 ἐπιτροπὴν
1037 1713 1140 1770 πρὸς
1167 1718 1242 1757 τοῦ
1262 1713 1421 1771 πατρὸς
1439 1715 1507 1756 καὶ
1529 1712 1734 1766 βασιλέως

245 1778 507 1837 ἐκληρώσατο
527 1786 776 1836 τηνικαῦτα,
811 1783 883 1825 καί
903 1782 943 1824 οἷ
965 1783 1222 1839 συμβέβηκεν
1248 1785 1290 1826 ἕν
1309 1783 1450 1841 ταύτῷ
1472 1782 1646 1834 ’ξυνιέναι
1672 1785 1732 1840 τῷ

246 1849 350 1908 θείῳ
359 1881 374 1902 ,
407 1850 475 1892 καὶ
496 1852 743 1907 κυνηγεσίοις
758 1844 1007 1909 χρήσασθαι
1024 1859 1112 1903 τοῖς
1133 1851 1292 1913 αὐτοῖς)
1317 1846 1375 1896 ὧν
1395 1852 1440 1895 αἶ
1460 1853 1634 1910 καρδίας
1653 1850 1732 1894 αὕ-

247 2001 322 2048 git,
344 2005 380 2057 et
399 2003 551 2058 Cyprios
565 2030 576 2047 ‚
600 2009 636 2041 et
653 2006 846 2053 quicunque
873 2010 1028 2043 caeteras
1054 2008 1183 2044 insulas
1210 2008 1338 2046 colunt.
1383 2007 1596 2043 Absumebat
1617 2010 1731 2042 autem

244 2050 342 2084 tabes
358 2049 417 2083 illa
434 2062 528 2084 Vlros
547 2064 655 2098 aeque
675 2059 711 2088 et
726 2054 896 2097 mulieres,
921 2056 1101 2100 opulentos
1120 2061 1156 2090 et
1176 2055 1306 2101 inopes,
1331 2056 1485 2090 seniores
1502 2061 1538 2090 et
1557 2055 1731 2096 iuniores;

245 2106 315 2150 uno
331 2097 461 2150 verbo,
485 2098 567 2131 nulli
583 2110 647 2133 nec
669 2101 775 2134 aetati
797 2112 861 2135 nec
879 2101 1067 2136 conditioni
1090 2103 1263 2148 parcebat.
1311 2102 1441 2136 Domus
1460 2102 1647 2147 pleraeque
1667 2102 1732 2136 ha·-

246 2141 453 2176 b1tator1bus
474 2144 606 2178 omnino
624 2146 910 2181 exhauriebantur
927 2159 994 2182 uno
1013 2148 1070 2182 die
1082 2174 1092 2191 ,
1116 2149 1287 2183 interdum
1302 2149 1426 2191 biduo;
1447 2160 1520 2183 cum
1540 2160 1636 2182 nemo
1656 2149 1732 2182 cui-

244 2199 349 2242 fluam
370 2188 496 2223 afferre
524 2190 687 2226 auxilium
711 2197 848 2237 posset,
874 2193 946 2228 sive
970 2194 1126 2237 vicinus,
1159 2195 1231 2230 sive
1259 2208 1387 2241 genere
1407 2200 1443 2229 et
1463 2195 1630 2239 sanguine
1647 2206 1733 2230 con-

243 2239 393 2289 lunctus.
441 2235 518 2289 N.e⁰
542 2248 625 2290 yero
647 2238 799 2273 homines
826 2239 917 2274 solos
943 2242 1079 2275 morbus
1106 2242 1164 2277 ille
1189 2254 1297 2287 usque
1317 2242 1538 2287 flagellabat;
1563 2242 1625 2276 sed
1646 2246 1683 2275 et
1699 2241 1732 2274 si

244 2291 315 2336 gua
334 2280 401 2315 alla
417 2281 576 2316 ammana
595 2295 671 2318 cum
693 2285 882 2320 hominibus
903 2286 1100 2333 plerumque
1123 2289 1293 2333 degerent
1317 2293 1352 2322 et
1371 2288 1589 2330 habitarent3
1614 2299 1730 2329 canem

246 2338 398 2381 mquaqn,
419 2331 454 2362 et
473 2339 589 2373 equoS‚
614 2334 651 2364 et
667 2331 924 2376 cuiusquemodi
944 2334 1054 2369 avium
1068 2347 1217 2380 genera3
1242 2335 1337 2381 ipsos
1356 2335 1458 2369 etiam
1477 2345 1603 2376 mures,
1622 2334 1651 2369 si
1671 2333 1740 2380 qui>

245 2373 338 2427 forte
364 2385 401 2407 m
425 2373 598 2429 doxnorurn
628 2377 818 2421 parietibus
846 2379 1039 2415 latitabant.
1088 2381 1197 2426 Signa
1224 2387 1334 2416 autem
1359 2381 1438 2415 mali
1467 2380 1671 2422 eminentia,
1695 2383 1733 2414 et.

246 2419 383 2454 subitae
402 2425 521 2455 mortis
538 2423 768 2466 praenuncia,
795 2425 879 2459 haec
903 2432 1019 2461 erant:
1044 2431 1155 2462 tumor
1174 2428 1268 2462 circa
1286 2439 1420 2462 crurum
1443 2427 1732 2472 brachiorumque

246 2474 400 2500 extrema
427 2478 614 2521 enascens,
639 2474 675 2503 et
702 2471 963 2514 sanguinolenta
988 2473 1085 2508 simul
1112 2475 1235 2515 tabes3
1269 2487 1359 2519 quae
1390 2486 1469 2514 eos,
1500 2474 1559 2519 qui
1577 2473 1731 2519 correpti

247 2517 368 2552 erant,
393 2524 435 2547 ea
453 2525 531 2558 ipsa
549 2525 786 2561 nonnunquam
808 2516 886 2559 die,
910 2519 1068 2554 sedentes
1086 2527 1147 2555 aut
1161 2521 1373 2555 ambulantes
1390 2533 1410 2555 e
1424 2519 1514 2555 vivis
1538 2520 1653 2554 statim
1677 2520 1731 2553 ef-

245 2558 416 2593 ferebant.
463 2561 516 2594 Eo
532 2564 688 2607 tempore
711 2567 747 2597 et
766 2563 994 2608 Andronicus,
1018 2566 1236 2613 imperatoris
1254 2567 1436 2602 liberorum
1456 2572 1541 2602 natu
1559 2566 1730 2608 minimus,

244 2609 398 2639 mortuus
422 2609 490 2640 est.

305 2696 313 2705 ι
336 2653 369 2685 2.
394 2651 428 2686 Is
446 2655 523 2707 erat
539 2664 656 2688 rerum
674 2657 800 2697 status,
823 2667 899 2691 cum
918 2656 1038 2692 Ioanni
1056 2658 1177 2702 Asani,
1200 2659 1260 2705 qui
1276 2663 1348 2694 tum
1369 2659 1403 2693 in
1423 2659 1518 2704 agris
1535 2659 1731 2694 Hadriano-

244 2696 321 2751 poh-
333 2699 562 2754 clrcumgectis
580 2701 801 2744 versabatur,
826 2701 1042 2739 Matthaeum
1060 2710 1218 2750 nepotem
1234 2717 1330 2740 suum
1352 2706 1452 2740 libuit
1468 2706 1630 2751 privatim
1649 2717 1732 2740 con-

243 2754 375 2779 venire.
421 2746 492 2780 H1c
514 2747 732 2792 imperatoris
756 2747 939 2784 liberorum
964 2756 1048 2785 natu
1071 2751 1234 2787 maximus
1257 2753 1400 2787 urbibus
1427 2752 1601 2788 Thraciae
1629 2763 1733 2797 prae-

243 2789 358 2824 fectus
379 2802 400 2825 a
421 2796 521 2837 patre
542 2797 612 2827 tum
639 2794 764 2829 fuerat.
811 2795 905 2830 Casu
926 2802 1045 2832 -autem
1067 2797 1215 2840 accidit,
1239 2803 1280 2832 ut
1299 2798 1335 2833 in
1356 2799 1500 2834 eundem
1520 2810 1596 2833 cum
1619 2810 1731 2832 avun-

244 2835 322 2872 culo
342 2836 452 2874 locum
470 2838 662 2885 deveniret,
686 2844 723 2878 et
741 2840 864 2878 iisdem
882 2846 1030 2891 uterque
1048 2844 1289 2881 venationibus
1306 2849 1497 2883 uterentur.
1542 2844 1662 2881 Libuit
1677 2844 1731 2879 in-
