1794 3172
243 155 268 201 1
279 154 302 201 1
310 155 377 202 30
646 155 964 204 NICEPHORI
988 153 1314 202 GREGORAE

22 278 62 314 Α.
77 274 122 311 Μ.
139 274 232 312 6859
246 269 299 314 λὰ
326 268 375 314 τὸ
405 271 532 313 ποιεῖν
542 267 586 321 ,”
615 267 742 325 φησὶ,
780 267 886 322 ,,καὶ
918 266 1088 325 ἐνεργεῖν
1119 268 1205 310 τῶν
1240 267 1460 320 πολλαχῶς
1495 263 1720 320 λεγομένων

85 321 193 359 Ind'4
246 340 369 384 ἐστίν.
407 337 456 381 οὗ
479 337 558 394 γὰρ
582 337 630 380 τὸ
653 338 796 390 κτίζειν
814 337 1001 392 σημαίνει
1027 332 1181 393 μόνον,
1203 334 1311 378 ἀλλὰ
1330 335 1433 393 πρὸς
1450 338 1615 379 πολλοῖς
1634 332 1721 376 ἐτέ-

245 426 332 468 ροις
353 408 421 450 καὶ
440 406 488 449 τὸ
510 410 695 463 φυσικῶς
722 407 912 465 ἐνεργεῖν·
942 403 999 456 ὥς
1029 406 1098 449 καὶ
1121 404 1194 449 τὸν
1215 402 1332 460 ἥλιόν
1355 421 1491 462 φαμεν
1513 402 1723 459 ποιητικὸν

209 482 327 534 Βτῆς
343 475 524 534 ἡμέρας,
561 473 634 519 ἅτε
663 480 849 534 φυσικῶς
864 474 995 532 αὐτὴν
1018 475 1259 519 ἐκτελοῦντα
1269 506 1284 527 ,
1310 471 1420 517 οὕτω
1442 474 1510 517 καὶ
1529 472 1577 516 τὸ
1599 475 1722 516 πνεῦ-

245 565 306 603 μα
338 550 412 602 τῆς
444 545 647 601 ἀληθείας
657 577 671 599 ,
702 547 770 588 καὶ
800 544 855 588 τὰ
881 543 1016 605 τούτῳ
1047 543 1472 601 συναπηριθμημένα,
1509 543 1753 585 διατελῶ-5

246 633 313 660 σιν
340 614 537 668 ὄίκτιστα,
576 616 659 658 ἐπεὶ
691 621 801 658 ποιεῖ
824 615 892 658 καὶ
924 615 1073 672 ἐνεργεῖ
1098 617 1233 657 ταῦτα
1259 612 1309 656 τὸ
1341 617 1500 669 πνεῦμα
1522 611 1568 655 τό
1595 611 1723 668 ἅγιον,

247 684 304 737 ὦς
319 681 529 743 ἐμφύτους
548 683 790 742 ἐνεργείας.”
819 680 983 727 ἀκούετε
1005 683 1201 740 γραϊδίων
1220 679 1465 740 φληνάφων,
1484 679 1727 738 αὐτόχρημα

247 753 393 813 φάναι,
430 750 664 811 ληρήματα.
702 750 1063 809 Πνευματομάχος
1082 751 1161 810 γὰρ
1185 749 1383 810 ὑπάρχων
1402 751 1565 809 σαφὴς,
1592 750 1728 793 ἔπειτα

207 821 413 884 Εφεῦγειν
435 821 683 879 πειρώμενος
702 822 912 879 τοῦνομα,
950 823 1099 879 γίνεται
1126 822 1275 879 χείρων
1305 820 1363 864 ἔτι
1393 825 1552 876 μᾶλλον
1573 821 1731 863 ἐκείνων

250 899 425 951 μακροῖς
455 907 537 936 τισι
568 893 756 950 μέτροις·
793 894 861 935 καὶ
889 891 1015 934 κακὸν
1040 895 1169 934 ποιῶν
1195 889 1343 934 ἑαυτὸν
1373 888 1726 947 ἀλλοπρόσαλλον,
1744 896 1787 930 10

248 965 320 1007 ἵνα
349 965 480 1018 δῆθεν
503 960 695 1021 λανθάνῃ
732 958 1035 1019 διαδιδράσκων
1063 960 1162 1011 τοὺς
1184 964 1259 1016 τῆς
1286 961 1431 1010 κακίας
1461 960 1669 1016 ἐλέγχους,
1709 955 1731 1001 ὃ

255 1034 300 1076 δὲ
319 1032 468 1087 λέληθε
491 1035 650 1087 μᾶλλον
672 1030 798 1082 αὐτὸς
825 1029 972 1074 ἑαυτὸν
994 1027 1262 1085 ἁλισκόμενος
1281 1027 1558 1085 πανταχόθεν.
1598 1029 1637 1072 οἱ
1654 1027 1732 1085 γὰρ

253 1106 329 1157 τῆς
351 1100 480 1144 αὐτοῦ
501 1102 645 1151 κακίας
661 1101 833 1157 πατέρες
852 1097 1203 1156 Πνευματομάχοι
1212 1132 1226 1153 ,
1249 1100 1406 1155 ποίημα
1429 1098 1612 1156 λέγοντες
1633 1096 1734 1141 εἶναι

255 1171 305 1214 τὸ
332 1174 516 1225 πνεῦμα,
554 1167 747 1227 καθάπερ
768 1169 927 1227 Ἄρειος
959 1169 1032 1212 τὸν
1063 1169 1176 1221 υἱὸν,
1215 1167 1463 1219 ἀκολούθως
1485 1170 1552 1211 καὶ
1581 1169 1734 1222 κτίσμα

222 1239 384 1284 Ε’τοῦτ’
406 1240 448 1290 ἐξ
476 1235 655 1295 ἀνάγκης
678 1239 884 1297 ἔφασκον·
920 1236 993 1281 ἅτε
1016 1238 1076 1294 μὴ
1110 1238 1338 1294 δυναμένης
1365 1236 1468 1294 μήτε
1494 1242 1570 1294 τῆς
1601 1254 1733 1292 τεχνι-
1747 1241 1791 1278 15

257 1313 332 1365 κῆς
352 1306 565 1364 μεθόδου,
602 1306 706 1364 μήτε
727 1312 903 1366 φυσικῆς
921 1312 1004 1351 τῶν
1031 1305 1269 1364 ἀνθρώπων
1292 1305 1502 1364 γνώσεως,
1542 1306 1736 1350 ἄκτιστον

256 1379 416 1434 ποίημα
443 1376 567 1434 λέγειν
596 1377 707 1422 ποτέ.
757 1376 778 1421 ὃ
809 1378 853 1420 δὲ
881 1378 1011 1434 μηδὲν
1037 1375 1328 1433 αἷσχυνόμενος
1363 1376 1555 1420 ἄκτιστον
1576 1377 1737 1432 ποίημα

258 1445 505 1503 τετόλμηκεν
535 1445 618 1503 ἤδη
655 1451 897 1503 νομοθετεῖν
935 1447 978 1490 ἐν
1004 1453 1096 1497 ταῖς
1132 1445 1325 1502 ἐσχάταις
1351 1444 1524 1496 ταύταις
1548 1443 1735 1503 ἡμέραις.

262 1518 386 1573 ἐχρῆν
408 1512 481 1559 οὖν
502 1517 569 1559 καὶ
598 1515 710 1573 ἡμᾶς
740 1518 943 1561 ἐνταυθοῖ
960 1520 1093 1573 σιωπῇ
1122 1515 1176 1558 τὰ
1207 1520 1383 1560 τοιαῦτα
1414 1513 1673 1572 μισησαντάς
1694 1531 1738 1557 τε

263 1587 332 1630 καὶ
362 1585 417 1629 τὰ
450 1580 538 1629 ὦτα
578 1584 791 1641 βύσαντας
824 1592 963 1644 φυγεῖν
993 1584 1076 1629 ἀπὸ
1104 1584 1232 1642 ἀκοῆς
1262 1589 1457 1643 πονηρᾶς.
1505 1584 1601 1628 ἀλλ’
1635 1585 1734 1638 ἐπεὶ,
1749 1590 1794 1626 20

119 1661 158 1699 P.
178 1658 249 1698 708
272 1655 343 1700 διὰ
361 1658 437 1699 τοῦ
456 1648 673 1713 ἀνέλεγκτα
692 1654 928 1713 ψεύδεσθαι
947 1660 1097 1700 τοῦτον
1117 1653 1282 1700 ἀνόσιόν
1301 1673 1345 1700 τε
1364 1657 1432 1699 καὶ
1455 1651 1743 1713 αὐτοχειροτό-
1786 1644 1791 1654 “

359 1778 395 1815 3.
418 1775 491 1825 γὰρ
508 1776 599 1815 coni.
619 1775 732 1824 Capp.
765 1787 831 1823 pro
849 1779 979 1825 poster.
996 1777 1072 1814 καί.

268 1880 435 1924 Christe,
456 1879 643 1928 patientia!
698 1880 817 1927 (VII.)
839 1878 1030 1924 ‚‚Verum‚’'
1054 1879 1179 1927 inquit,
1202 1878 1335 1924 „verba
1344 1876 1431 1915 haec
1446 1879 1572 1916 ποιεῖν
1591 1880 1627 1914 et
1645 1876 1743 1924 ἐνερ-

269 1931 367 1975 γεῖν,
390 1928 427 1962 id
448 1931 503 1963 est
527 1928 644 1963 facere
669 1933 705 1962 et
732 1927 889 1974 operari,
912 1931 993 1962 sunt
1016 1927 1061 1961 de
1087 1927 1221 1962 illorum
1242 1938 1405 1969 numero,
1430 1938 1517 1972 quae
1536 1927 1653 1973 plures
1683 1928 1746 1960 ha-

269 1976 357 2010 bent
372 1974 598 2019 significatus.
644 1975 722 2010 Nec
737 1974 825 2008 enim
843 1985 962 2009 creare
977 1974 1181 2008 solummodo
1202 1973 1411 2019 significant,
1436 1974 1499 2008 sed
1518 1977 1659 2019 praeter
1676 1973 1745 2007 alia

271 2021 382 2057 multa
410 2020 610 2067 significant
632 2021 734 2056 etiam
759 2020 962 2055 naturaliter
979 2021 1128 2067 operari.
1176 2021 1268 2055 Nam
1295 2020 1572 2066 quemadmodum
1597 2031 1619 2054 a
1646 2019 1747 2054 nobis

274 2067 403 2102 dicitur
423 2068 475 2102 sol
496 2067 585 2102 diem
606 2067 724 2103 iacere
737 2092 748 2110 ,
771 2071 892 2112 utpote
912 2078 1012 2112 quam
1031 2067 1236 2101 naturaliter
1263 2066 1422 2113 perficit3
1445 2067 1501 2101 ita
1511 2071 1582 2101 tum
1602 2066 1746 2112 spiritus

274 2113 455 2156 veritatis,
479 2117 549 2148 tum
568 2114 640 2156 alii,
665 2125 750 2160 quos
770 2113 879 2148 eidem
910 2113 1228 2156 annumeravimus,
1250 2113 1396 2148 increati
1413 2116 1634 2159 permanent3
1660 2124 1747 2158 quo-

275 2160 366 2195 niam
387 2171 446 2194 eos
465 2159 540 2206 ipse
562 2160 718 2207 Spiritus
738 2164 889 2202 sanctus,
913 2164 952 2195 ut
971 2161 1108 2194 innatas
1127 2165 1162 2195 et
1178 2160 1302 2195 insitas
1323 2159 1562 2205 operationes,
1586 2159 1673 2194 facit
1692 2162 1748 2193 at-

277 2218 346 2252 que
362 2205 560 2251 operatur.’'
605 2207 763 2249 Auditis,
786 2211 826 2241 ut
850 2207 961 2241 dicam
979 2207 1084 2253 plane
1100 2206 1191 2252 quod
1211 2218 1267 2242 res
1298 2211 1371 2248 est,
1395 2206 1575 2251 nugacium
1595 2205 1749 2239 anicula-

277 2263 353 2288 rum
371 2252 601 2287 deliramenta.
650 2253 735 2288 Cum
754 2253 842 2288 enim
861 2253 972 2300 ipsum
989 2265 1065 2289 esse
1084 2253 1426 2288 Pneumatomachum
1448 2252 1578 2298 liquido
1600 2255 1748 2293 constet,

280 2310 323 2335 ac
344 2298 470 2334 deinde
494 2298 598 2334 istam
622 2299 883 2346 appellationem
908 2300 1067 2346 effugere
1092 2304 1252 2344 conetur,
1276 2299 1659 2333 Pneumatomachorum
1684 2298 1749 2332 im-

279 2345 487 2392 probitatem
506 2345 609 2390 longo
629 2350 770 2393 superat
786 2346 989 2390 intervallo,
1013 2350 1050 2381 et
1068 2346 1232 2381 mutabile
1250 2345 1372 2381 malum
1389 2357 1427 2379 se
1442 2345 1547 2387 facit,
1573 2349 1610 2379 ut
1626 2355 1749 2391 nempe

279 2392 369 2427 clam
397 2392 495 2427 nobis
519 2391 683 2437 effugiat,
706 2404 769 2427 nec
798 2392 870 2427 eius
895 2393 1098 2448 improbitas
1124 2396 1304 2438 arguatur.
1358 2392 1486 2426 Verum
1504 2391 1750 2437 undequaque,

282 2438 376 2484 quod
394 2449 462 2473 non
480 2438 734 2481 animadvertit,
751 2440 817 2474 hac
832 2440 1045 2486 potismmum
1061 2439 1197 2474 ratione
1215 2442 1310 2474 certe
1329 2442 1452 2484 captus
1469 2442 1534 2472 est.
1569 2438 1659 2473 Nam
1677 2437 1751 2472 Pa-

280 2484 456 2520 lamitioae
474 2483 704 2531 improbitatis
725 2491 843 2532 patres
870 2486 1190 2527 Pneumatomachi‚
1214 2497 1290 2520 cum
1316 2488 1469 2521 sanctum
1484 2483 1652 2530 Spiritum
1673 2495 1750 2518 esse

281 2531 412 2566 factum
430 2531 586 2566 dicerent
605 2531 715 2576 (sicut
731 2533 852 2567 Filium
873 2532 1024 2568 divinum
1041 2533 1143 2567 Arius
1164 2532 1292 2567 factum
1308 2543 1385 2567 esse
1402 2531 1569 2576 dixerat),
1589 2541 1752 2565 necessa-

282 2578 339 2612 ria
366 2578 512 2624 quadam
544 2579 782 2613 consecutione
805 2584 956 2615 creatum
980 2590 1057 2614 esse
1082 2577 1193 2624 ipsum
1222 2579 1446 2621 asserebant3
1478 2576 1751 2623 quandoquidem

285 2623 362 2659 sive
389 2630 464 2660 arte
487 2629 724 2670 comparatas,
748 2625 823 2660 sive
847 2637 868 2660 a
885 2631 1009 2660 natura
1028 2625 1149 2660 insitas
1170 2625 1337 2660 hominum
1363 2624 1578 2670 cognitiones
1596 2622 1752 2658 consula-

286 2681 383 2713 mus,
405 2671 442 2704 id
467 2670 558 2726 quod
575 2671 704 2706 factum
726 2677 798 2716 est,
820 2671 1010 2707 increatum
1029 2671 1097 2706 dici
1116 2683 1285 2718 nunquam
1330 2671 1444 2707 oterit.
1492 2670 1562 2704 Sed
1581 2669 1752 2711 Palamas,

287 2727 391 2762 quem
413 2717 536 2752 nullius
554 2717 607 2752 rei
622 2717 752 2764 pudet,
776 2718 968 2753 novissimis
988 2718 1086 2753 hisce
1104 2717 1239 2761 diebus,
1262 2719 1274 2752 i
1318 2718 1409 2764 quod
1425 2717 1554 2752 factum
1572 2720 1676 2757 esset,
1698 2715 1753 2749 in-

287 2766 441 2797 creatum
467 2766 619 2799 statuere
647 2775 713 2799 non
739 2763 924 2799 dubitavit.
971 2764 1161 2810 oporteret
1179 2764 1297 2811 itaque
1319 2770 1357 2799 ut
1378 2764 1463 2798 haec
1487 2762 1599 2798 omnia
1625 2772 1751 2796 summo

289 2810 491 2856 prosequuti
510 2810 588 2845 odio
600 2810 774 2846 sileremus
787 2836 798 2853 ,
821 2814 858 2845 et
873 2810 1061 2846 obstructis
1080 2810 1221 2845 auribus
1239 2812 1283 2846 ab
1303 2810 1478 2846 auditione
1496 2809 1585 2844 mala
1602 2807 1754 2843 declina-

287 2866 416 2892 remus.
464 2856 588 2893 Verum
602 2857 762 2904 quoniam
777 2857 840 2903 (ex
852 2869 895 2893 eo
909 2857 1002 2904 quod
1019 2857 1157 2904 impune
1173 2858 1357 2894 mentiatur
1374 2855 1527 2893 nefarius
1543 2855 1601 2892 ille
1617 2858 1655 2891 et
1672 2865 1753 2888 suo-
