1794 3172
306 135 626 183 HISTORIAE
654 132 1026 179 BYZANTINAE
1046 131 1207 179 XXIV.
1224 138 1266 180 2.
1398 127 1531 176 1143

50 251 184 293 καῦτα
211 244 420 303 παρόντος
443 246 512 289 καὶ
541 247 821 300 πολεμοῦντος
838 236 1076 300 συχνὰβτοΐς
1096 241 1417 301 Εἰκονομάχοις,
1458 243 1580 289 ἅτεΑ.
1601 250 1640 283 c.
1658 247 1747 286 1351

51 319 94 361 ἐν
107 319 224 373 χερσὶ
246 321 323 372 τῆς
342 314 480 371 μα’χης
492 313 813 369 καθισταμένης.
848 346 862 367 ,
867 313 934 368 ,τὸ
947 314 1022 368 μὲν
1041 313 1238 371 φθαρτὸν
1256 315 1427 368 τοῦτο,”
1446 297 1749 380 φη-Ῑωέζέζὲἓὼ

51 388 132 439 σὶν,
168 384 460 439 »ἐνδύσασθαι
480 386 563 428 δεῖν
585 383 848 442 ἀφθαρσίαν,
874 385 942 426 καὶ
961 383 1008 427 τὸ
1029 383 1188 439 θνητὸν
1209 383 1473 438 ἀθανασίαν,
1507 403 1529 429 ο

50 457 179 512 με’γας
195 461 458 511 μυσταγωγεῖ
473 451 706 503 ἀπόστολος
718 467 728 476 ·
761 452 809 495 τὸ
830 453 875 495 δὲ
890 457 1011 508 σῶμα
1030 451 1336 510 ἀσωματότητα
1354 452 1530 498 ἐνδύσα-

23 530 159 568 5σθαι
173 557 188 578 ,
224 523 251 580 ἢ
283 523 332 567 τὸ
365 522 528 566 κτιστὸν
559 516 751 579 γενέσθαι
778 521 997 576 ἄκτιστον,
1038 521 1066 578 ἢ
1095 522 1143 566 τὸ
1170 525 1444 581 περίγραπτον
1470 526 1564 574 εῗςΒ

52 593 358 652 ἀπεριγραψίαν
376 595 717 648 μετατεθεῖσθαι,
733 591 848 635 οὕπω
866 591 985 649 μέχρι
1006 593 1074 635 καὶ
1093 590 1271 650 τήμερον
1287 592 1533 649 ἤκουσται.”

53 665 122 707 καὶ
147 661 293 706 πάλιν·
327 664 419 716 „⁸1³5-
439 660 643 717 θεότητος
664 659 789 719 φύσιν
809 661 885 704 οὐκ
903 660 955 704 ἄν
981 678 1021 704 τι
1040 665 1124 704 τῶν
1147 667 1349 719 γεννητῶν
1376 665 1443 707 καὶ
1464 680 1533 707 τε-

52 730 236 776 λούντων
267 732 310 775 ἓν
331 733 525 786 κτίσμασι
554 732 782 787 μετασταιή
808 729 860 774 ἄν
886 748 1000 785 ποτε,
1026 729 1102 774 κᾶν
1121 730 1312 789 μυριάκις
1334 736 1533 790 βλασφη-

52 807 227 858 μοῦντες
246 801 286 845 οἷ
301 798 578 856 Εἷκονομοῖχοι
597 800 868 858 φαίνωνται.”
899 802 967 843 καὶ
988 798 1110 843 πάλιν
1123 814 1133 824 ·
1162 803 1240 854 ,,τί
1257 797 1344 855 οὖν,
1370 805 1533 860 φθείρει

0 870 82 928 1οἥ
110 872 355 929 ἀφθαρσία,
389 873 455 913 καὶ
481 868 507 926 ἦ
532 870 747 913 ἀθανασία
775 867 1002 913 ἀπόλλυσιν
1012 889 1028 926 ,-
1065 869 1162 913 ἀλλ’
1194 871 1270 914 οὐκ
1293 870 1377 915 ἔστι
1411 870 1533 929 λόγον

53 941 145 997 ἕχον
163 939 287 985 τοῦτό
306 940 393 998 γε.”
417 937 585 983 ἀκούετε
604 944 693 989 πῶς
703 941 771 982 καὶ
789 937 1086 995 Εἰκονομάχοις
1097 939 1230 984 ταύτὰ
1250 939 1572 998 φθεγγόμενοςῦ

53 1014 288 1066 Παλαμᾶς,
327 1008 348 1054 ὅ
370 1013 447 1065 τῆς
470 1013 542 1053 νῦν
562 1010 778 1064 ἐκκλησίας
797 1006 1070 1064 διδάσκαλος,
1102 1015 1190 1060 τοῖς
1218 1010 1360 1061 αὐτοῖς
1380 1009 1547 1065 βάλλε--

53 1097 122 1123 ται
151 1081 287 1135 βέλεσι
313 1079 418 1136 πρὸς
443 1083 517 1122 τοῦ
545 1083 878 1136 στρατηγοῦντος
899 1080 1091 1135 γενναίως
1109 1076 1212 1135 ὑπὲρ
1230 1083 1305 1136 τῆς
1323 1079 1533 1133 εὐσεβείας

55 1149 213 1207 πατρὸς
242 1150 310 1192 καὶ
341 1146 593 1192 διδασκάλου
629 1152 705 1204 τῆς
735 1149 961 1205 ἐκκλησίας.
1011 1150 1079 1191 καὶ
1108 1153 1243 1192 ταῦτα
1271 1150 1347 1205 μὲν
1381 1154 1532 1194 τοῦτον

0 1226 44 1263 15
56 1218 146 1274 ἴσχε
173 1219 247 1263 τὸν
278 1216 461 1276 τρόπον·
497 1219 565 1261 καὶ
599 1216 710 1261 οὕτω
734 1216 811 1262 σύν
830 1235 874 1275 γε
902 1222 992 1277 θεῷ
1014 1217 1112 1268 τοὺς
1138 1215 1286 1275 λόγους
1305 1217 1528 1275 ἧνύσαμεν,

51 1286 152 1338 τούς
183 1305 226 1332 τε
251 1292 326 1332 νῦν
362 1285 459 1342 ὖμΐν
492 1287 801 1346 προστεθέντας
830 1289 899 1331 καὶ
931 1287 1005 1338 οὓς
1030 1288 1185 1343 μεταξὺ
1217 1289 1294 1344 μὲν
1328 1287 1422 1333 τότε
1454 1293 1530 1333 τοῦ

52 1357 211 1414 ἀγῶνος
239 1355 502 1414 ἐνεστηκότος
527 1359 594 1401 καὶ
625 1361 701 1414 τῆς
724 1359 866 1417 χρείας
888 1355 1194 1415 ἀναγκαζούσης
1215 1355 1418 1418 διῄειμεν,
1452 1363 1571 1403 νῦνῙ)

53 1428 99 1470 δὲ
121 1428 191 1471 διὰ
209 1432 342 1483 μῆκος
363 1428 651 1485 παρελίπομεν.

154 1495 211 1551 β’.
244 1496 433 1547 Ἕκείνοις
447 1497 523 1552 μὲν
553 1495 610 1539 δι’
637 1495 862 1550 ἀπεχθείας
880 1496 948 1538 καὶ
970 1493 1133 1553 βάρους
1151 1500 1316 1555 μακροῦ
1337 1496 1392 1541 τὰ
1415 1494 1533 1554 λεγό-

0 1571 159 1621 musra
174 1560 262 1621 ἧκε,
288 1568 354 1608 καὶ
374 1566 416 1616 ἐς
436 1565 566 1609 πολὺν
589 1565 637 1609 τὸ
658 1563 922 1619 θυμούμενον
943 1570 1019 1621 τῆς
1036 1569 1179 1622 ψυχῆς
1199 1564 1393 1624 ἐξερράγη
1412 1567 1532 1625 σφίσι

53 1633 233 1692 πυρσόν·
271 1637 338 1678 καὶ
359 1634 495 1694 ὥσπερ
529 1635 722 1690 ἐμμανεῖς
749 1632 955 1691 γενόμενοι
983 1636 1099 1678 δυοῖν
1117 1634 1299 1692 ἔφασκον
1320 1634 1421 1679 εἶναι
1441 1633 1532 1680 θά-

52 1721 172 1763 τερον
192 1705 235 1756 ἐξ
255 1702 458 1762 ἀνάγκης·
497 1703 526 1761 ἢ
544 1704 648 1763 γὰρ,
682 1701 823 1761 ἁγίους
851 1702 975 1755 ὄντας
982 1737 997 1759 ‚
1028 1704 1088 1761 μὴ
1117 1704 1242 1762 λέγειν
1268 1709 1466 1749 τοιαῦτα·
1501 1703 1531 1761 ἢ

144 1793 179 1828 6.
202 1790 527 1838 μετατεθήσεσθαι
547 1791 592 1826 al.
612 1794 648 1826 et
667 1791 805 1837 quidem
818 1791 971 1836 rectius,
991 1790 1098 1828 iudic.
1117 1791 1231 1838 Capp.
1331 1794 1388 1830 16.
1411 1802 1531 1838 προσ-

145 1838 323 1880 τεθέντας
335 1850 399 1874 em.
415 1836 816 1886 Capp-‚uoootaests'vtes
832 1849 954 1885 apogr.
1024 1841 1081 1877 19.
1102 1835 1305 1885 ἀπεχθείας
1321 1851 1386 1876 em.
1400 1840 1531 1886 capp..

143 1883 350 1931 ἀπεχθείαν
364 1897 487 1932 apogr.

52 1954 227 1990 nemachis
248 1955 388 1990 assidue
407 1955 631 1999 decertabat,
655 1957 781 2001 utpote
798 1965 874 1989 cum
892 1953 936 1989 ad
955 1965 1075 1990 manus
1102 1959 1185 1990 tunc
1205 1959 1344 1991 ventum
1374 1957 1468 1990 esset
1493 1957 1531 1990 et

38 1997 172 2048 'pugna
200 2002 372 2037 ferveret:
402 2001 575 2044 ‚‚Quod‚’'
598 2001 733 2047 inquit,
766 2001 859 2043 „hoc
884 2001 1020 2047 quidem
1045 2003 1270 2048 corruptibile
1296 2006 1456 2049 oporteat
1473 2000 1530 2036 in-

53 2049 162 2082 duere
178 2047 539 2094 incorruptibilitatem
549 2073 560 2090 ‚
583 2052 620 2082 et
635 2048 780 2083 mortale
798 2049 864 2082 hoe
877 2047 1161 2084 immortalitatem
1171 2075 1182 2092 ‚
1205 2061 1346 2095 magnus
1363 2061 1427 2083 nos
1443 2048 1530 2083 edo·-

54 2098 111 2128 cet
126 2094 335 2140 Apostolus:
363 2098 401 2129 at
419 2095 599 2140 hucusque
618 2106 685 2129 non
703 2099 757 2129 est
773 2094 924 2129 auditum
935 2120 946 2137 ‚
971 2096 1062 2141 quod
1081 2107 1207 2141 corpus
1222 2096 1526 2142 incorporeitatem

53 2140 200 2176 induere
217 2141 363 2183 debeat,
396 2145 458 2175 aut
484 2141 673 2176 increatum
697 2141 795 2183 fieri,
818 2141 912 2187 quod
939 2146 1092 2177 creatum
1122 2147 1198 2186 est,
1222 2148 1284 2178 aut
1309 2141 1526 2177 circumscri-

54 2191 152 2232 ptum
180 2187 216 2222 in
244 2187 578 2234 incircumscriptum
599 2187 830 2222 commutari.”
874 2188 924 2223 Et
952 2188 1093 2224 iterum:
1117 2189 1185 2231 „In
1207 2189 1398 2224 divinitatis
1424 2193 1527 2223 natu-

54 2244 129 2268 ram
158 2234 242 2268 nihil
265 2245 379 2270 rerum
406 2235 576 2269 factarum
595 2237 632 2268 et
653 2245 744 2279 quae
768 2234 804 2269 in
827 2239 1061 2270 creaturarum
1077 2236 1155 2270 albo
1170 2241 1394 2271 recensentur
1407 2261 1417 2277 ‚
1441 2245 1526 2269 con-

54 2278 145 2314 verti
168 2281 319 2326 poterit,
344 2281 498 2336 quamvis
524 2281 561 2315 id
583 2280 797 2315 Iconomachi
818 2282 1010 2317 sexcenties
1037 2282 1302 2329 blasphemando
1332 2278 1526 2316 effutiant.”

54 2325 106 2360 Et
123 2337 261 2361 rursus:
279 2327 402 2369 „de
422 2327 558 2372 igitur?
580 2327 887 2374 incorruptibilitas
903 2329 1103 2375 corrumpit,
1126 2335 1164 2364 et
1173 2329 1412 2365 immortalitas
1433 2337 1525 2361 mor-

54 2377 123 2406 tem
144 2372 280 2408 infert?
303 2378 340 2408 at
357 2374 423 2409 hoc
432 2375 476 2408 ab
495 2374 583 2409 omni
592 2373 726 2408 ratione
743 2374 890 2408 alienum
899 2374 985 2410 est.”
1011 2376 1159 2419 Auditis,
1178 2375 1343 2422 quomodo
1353 2374 1525 2414 Palamas,

53 2419 248 2464 praesentis
268 2420 435 2455 ecclesiae
453 2421 595 2462 doctor,
618 2420 736 2456 eadem
762 2431 837 2454 cum
852 2421 1085 2458 Iconomachis
1105 2424 1213 2458 verba
1239 2422 1437 2468 proferens,
1462 2418 1526 2453 iis-

54 2464 131 2498 dem
153 2476 291 2512 quoque
314 2466 393 2501 telis
415 2468 607 2514 configatur
625 2478 646 2502 a
673 2471 792 2502 sancto
823 2467 930 2502 Patre
949 2473 986 2503 et
1004 2469 1172 2504 ecclesiae
1189 2469 1345 2511 doctore,
1367 2466 1427 2511 qui
1446 2476 1526 2500 sus-

55 2510 149 2556 cepti
177 2523 241 2558 pro
266 2513 434 2548 catholica
460 2514 529 2549 fide
553 2513 634 2548 belli
658 2525 859 2559 generosum
886 2526 962 2549 sese
984 2515 1104 2551 ducem
1132 2514 1306 2562 praebuit.
1362 2513 1412 2547 Et
1437 2512 1525 2547 haec

55 2557 190 2603 quidem
217 2557 266 2593 ita
294 2570 332 2593 se
351 2559 563 2595 habuerunt:
594 2560 713 2605 sicque
738 2560 813 2595 Deo
843 2559 986 2597 iuvante
1005 2568 1178 2598 sermones
1201 2561 1279 2595 illos
1304 2558 1524 2600 absolvimus,

53 2607 125 2637 tum
145 2616 230 2650 quos
252 2616 342 2639 nunc
360 2606 397 2641 in
417 2607 562 2642 medium
580 2607 679 2641 vobis
699 2606 881 2641 referendo
902 2609 1157 2654 proposuimus,
1182 2613 1251 2642 tum
1280 2617 1367 2651 quos
1392 2604 1525 2639 calente

3 2658 6 2665 ·
55 2656 396 2731 ρυςυιῖῃῇςοςοιιω
418 2658 501 2688 tunc
526 2653 735 2689 necessitate
753 2653 913 2698 habitos,
936 2655 981 2689 ob
997 2655 1132 2690 nimiam
1154 2650 1398 2699 longitudinem
1423 2649 1524 2687 modo

53 2706 140 2742 prae
226 2708 354 2732 mimus.

147 2744 182 2780 2.
206 2743 270 2778 Isti
285 2755 388 2790 porro
410 2757 584 2781 semones
599 2745 669 2781 illis
683 2745 786 2780 valde
799 2745 910 2781 odiosi
922 2757 964 2782 ac
981 2747 1115 2783 molesti
1129 2745 1339 2786 acciderunt,
1362 2746 1400 2778 et
1412 2753 1524 2777 erum·

53 2792 161 2835 pente
176 2789 328 2835 ipsorum
347 2802 390 2825 ex
406 2793 526 2827 animis
546 2794 601 2828 ira
620 2792 900 2836 excanduerunt3
926 2799 963 2829 et
981 2794 1090 2830 veluti
1108 2793 1250 2839 quodam
1266 2790 1382 2824 furore
1394 2787 1524 2844 perciti

55 2845 78 2869 e
97 2835 234 2872 duobus
254 2836 400 2874 alterum
413 2839 610 2876 necessario
629 2838 798 2886 consequi
814 2841 1034 2877 asserebant:
1057 2840 1140 2884 „vel
1159 2835 1285 2880 enim,''
1306 2836 1523 2884 inqmebssnt,
