1794 3172
240 145 373 195 1038
623 147 940 197 NICEPHORI
968 146 1295 194 GREGORAE

20 268 61 304 A.
81 249 131 305 Μ..
146 267 292 322 6859χῇ
303 296 317 317 ,
354 265 430 320 τῆς
460 260 667 317 συνεχείας
693 259 847 316 ἐκείνης
867 261 951 302 τῶν
969 255 1029 302 ἀεὶ
1050 253 1308 316 προσιόντων
1332 253 1591 313 παμπόλλων
1616 255 1715 314 ἦμΐν

76 320 143 354 1nd.
156 317 180 356 4
197 367 228 404 B
241 330 378 389 λήθης
396 331 479 389 ἤδη
497 328 682 385 πυθμέσι
701 329 934 387 κρυβείσης.
980 324 1331 385 διασαφησάντων
1359 326 1402 370 ‹5'
1427 325 1541 382 ὅμως
1558 327 1718 371 ἐκείνων

241 403 385 452 οἵτινες
406 399 507 453 εἶεν,
546 399 594 443 αἵ
608 415 651 442 τε
671 395 806 457 θύραι
825 397 931 456 πρὸς
956 394 1075 453 ἡμῶν
1101 393 1351 456 ἄνεῴγνυντο
1387 395 1563 440 κάκεῖνοι
1587 394 1718 454 εῗσῄε-

239 488 331 516 σαν.
378 465 666 526 ἀγγελιαφόροι
700 467 745 511 ‹5’
775 462 885 524 ἦσαν
914 460 1052 511 οὗτοι·
1088 465 1193 524 πρὸς
1214 466 1290 521 μὲν
1306 465 1534 521 βασιλέως,
1571 464 1719 524 ἄνδρες

238 544 317 596 τῆς
336 535 563 596 συγκλήτου
583 538 652 580 καὶ
672 535 865 594 εὐγενῶν·
901 535 1008 595 πρὸς
1027 530 1080 579 αὖ
1096 539 1172 580 τοῦ
1194 532 1468 593 πατριάρχου,
1505 535 1723 579 ἐπίσκοποί
1728 545 1752 582 5

238 626 283 653 τε
319 610 386 651 καὶ
421 611 504 651 τῶν
542 605 680 657 ἄλλως
706 606 930 664 ἐλλογίμων
962 604 1072 649 ἔνιοι.
1125 602 1415 664 προσειπόντες
1439 599 1513 649 οὖν
1541 604 1596 648 τὰ
1625 606 1721 648 εἴω-

236 675 351 722 θότα
404 678 474 720 καὶ
523 676 803 728 καθεσθέντες
847 675 1043 733 ἤγγελλον
1081 674 1135 718 τὰ
1178 674 1482 730 ἐπιταχθέντα,
1535 674 1721 732 λέγοντες

239 745 296 798 ὥς
313 746 396 802 ,,ἐκ
416 745 546 803 μέσου
568 745 793 803 γενομένων
811 750 894 790 τῶν
913 744 1159 803 καινοτέρων
1179 744 1341 788 ἐκείνων
1363 747 1538 802 φωνῶν,
1575 743 1637 787 δι’
1669 742 1721 794 ἃς

206 817 320 873 Οτὴν
350 817 568 873 ἐκκλησίαν
592 818 772 874 ταρᾶξαι
805 815 1098 872 συμπέπτωκε,
1136 815 1416 872 τομογραφίαι
1446 815 1515 858 καὶ
1541 813 1613 857 νέα
1644 831 1722 857 κα-

240 887 362 942 τέστη
383 887 641 943 ψηφίσματα
662 885 768 943 πρὸς
797 882 991 929 ἁπάντων
1023 882 1163 941 ημῶν,
1198 888 1282 928 τῶν
1310 901 1354 928 τε
1384 881 1617 928 ἐπισκόπων
1644 884 1722 939 δη·-
1735 892 1779 927 10

240 956 348 1012 λαὸὴ
368 957 436 998 καὶ
457 959 758 1012 συγκλητικῶν,
794 952 883 1011 ἅμα
911 958 1079 1010 βασιλεῖ’
1098 971 1142 998 τε
1162 955 1230 997 καὶ
1254 951 1490 1012 πατριάρχῃ
1503 985 1518 1008 ,
1557 951 1725 1009 ἔχουσαι

240 1025 346 1083 πρὸς
372 1024 582 1083 ἀκρίβειαν
605 1023 756 1082 ἄριστα
779 1022 1073 1083 ἦρμοσμένως·
1109 1022 1165 1074 ὦς
1187 1022 1293 1067 εἶναι’
1309 1040 1375 1076 σοι
1399 1022 1447 1067 τὸ
1469 1020 1630 1067 κωλόον
1650 1021 1725 1066 οὗ-

242 1095 311 1138 ὃὲν
337 1093 395 1137 ἔτι
408 1127 422 1147 ,
460 1093 680 1144 κοινωνοὺς
702 1093 803 1149 ἔχειν
829 1091 941 1150 ἡμᾶς
968 1098 1044 1136 τοῦ
1078 1096 1223 1136 λοιποῦ
1258 1094 1326 1136 καὶ
1360 1090 1496 1136 ταῧτῶ
1520 1108 1587 1136 σοι
1617 1109 1726 1150 φρο-

196 1163 457 1214 Βνοῧντας.”
513 1162 606 1223 (B.)
642 1160 825 1207 Πολλῶν
847 1159 920 1206 οὗν
938 1162 1093 1218 μεταξὺ
1117 1167 1343 1219 τηνικαῦτα
1365 1161 1572 1220 ῥαγέντων
1591 1160 1726 1219 λόγων

239 1235 308 1277 καὶ
329 1231 603 1286 ἀντιθέσεων,
641 1232 758 1283 τέλος
777 1230 1058 1291 ἀπῃτήθησαν
1086 1232 1318 1290 ἐμφανίζειν
1349 1229 1403 1274 τά
1425 1249 1470 1275 τε
1489 1231 1561 1274 νέα
1591 1232 1722 1274 ἐκεῖνα
1738 1242 1779 1276 15

238 1303 495 1360 ψηφίσματα
530 1303 599 1345 καὶ
634 1300 722 1357 ἅμα
756 1301 829 1346 τὸν
860 1300 1125 1360 ὀφειλόμενον
1158 1300 1321 1352 τούτοις
1342 1304 1418 1344 τοῦ
1449 1304 1641 1356 Παλαμᾶ
1661 1302 1725 1343 λί-

240 1375 412 1428 βελλον,
451 1371 557 1415 κατὰ
583 1371 659 1428 τὴν
687 1376 772 1415 τῶν
803 1373 932 1415 θείων
958 1369 1142 1415 κανόνων
1172 1371 1332 1415 ἔκδοσιν
1362 1371 1430 1413 καὶ
1454 1371 1722 1426 νομοθεσίαν.

243 1443 345 1500 φησὶ
365 1440 443 1498 γὰρ
466 1440 593 1491 εὐθὺς
613 1438 640 1497 ἦ
667 1440 770 1498 πρὸς
791 1445 866 1497 τῆς
882 1439 1000 1499 ἁγίας
1018 1442 1086 1484 καὶ
1106 1440 1386 1496 οἶκουμενικῆς
1407 1440 1527 1496 ἕκτης
1548 1438 1726 1484 συνόδου

241 1515 538 1569 προενεχθεΐσα
571 1514 718 1567 ψῆφος
760 1510 866 1567 πρὸς
900 1511 1000 1562 τοὺς
1037 1508 1190 1566 ὁμοίως
1222 1510 1394 1566 ἔχοντας
1435 1507 1622 1562 τούτοις,
1672 1508 1729 1560 ὥς

242 1580 357 1634 „ofin
383 1579 524 1630 ἄλλοις
540 1577 653 1636 ἡμᾶς
674 1583 972 1638 πληροφορεῖτε
995 1578 1133 1636 ὑμεῖς,
1170 1580 1211 1623 οἳ
1240 1578 1495 1637 ἐπιστρέφειν
1519 1579 1625 1637 πρὸς
1650 1579 1726 1636 τὴν
1738 1593 1782 1626 520

243 1648 448 1706 ἀλήθειαν
465 1649 667 1705 λέγοντες,
705 1650 741 1692 εἰ
760 1649 820 1705 μὴ
841 1648 1072 1709 ἐγγράφους
1090 1649 1303 1704 λιβέλλους
1322 1653 1398 1705 τῆς
1418 1649 1595 1700 πίστεως
1610 1647 1728 1705 ὑμῶν

89 1726 133 1764 Ρ.
155 1725 224 1763 653
248 1718 425 1776 ἆγάγητε
446 1719 554 1762 καθ’
586 1716 729 1776 ἐτέραν
750 1715 952 1773 σύνοδον,
990 1718 1108 1775 ἡμῶν
1133 1718 1370 1777 ἔμπροσθεν
1402 1717 1636 1776 ὀφείλοντες
1664 1721 1727 1762 ἐπὶ

242 1793 326 1834 τῶν
350 1787 474 1846 ἁγίων
494 1789 563 1832 καὶ
584 1786 800 1848 ἀχράντιον
820 1793 895 1833 τοῦ
915 1794 1020 1834 θεοῦ
1042 1789 1190 1848 λογίων
1209 1786 1385 1840 τούτους
1403 1788 1658 1834 ἐπιδοῦναι.”
1695 1791 1729 1832 εἷ

335 1913 396 1950 20.
417 1907 535 1953 ἄλλως
557 1910 646 1948 coni.
667 1910 769 1948 Boiv.

246 2014 434 2062 pidationis
461 2014 570 2050 animo
600 2015 730 2051 iniecit.
785 2014 876 2051 Nam
909 2015 1103 2050 continuam
1133 2013 1225 2050 illam
1262 2016 1298 2050 et
1331 2017 1531 2062 perpetuam
1557 2012 1728 2050 hominum

247 2061 570 2108 quamplurimorum
593 2063 639 2098 ad
662 2075 724 2097 nos
747 2062 988 2097 ventitantium
1017 2062 1231 2097 affluentiam
1256 2063 1394 2109 penitus
1410 2062 1490 2096 >iam
1519 2060 1618 2096 obliti
1650 2072 1729 2095 era-

246 2119 331 2143 mus.
379 2108 562 2144 Caeterum
583 2109 657 2151 illi,
680 2108 739 2143 ubi
760 2108 898 2155 quinam
922 2113 1038 2144 essent
1061 2108 1277 2150 indicarunt,
1302 2109 1435 2144 foribus
1460 2119 1523 2154 per
1546 2119 1609 2142 nos
1633 2119 1729 2142 rese·-

246 2154 334 2189 ratis
358 2154 498 2190 admissi
520 2155 773 2201 ingrediuntur.
826 2155 940 2191 Erant
963 2167 1067 2202 porro
1090 2155 1319 2198 internuncii,
1345 2156 1389 2191 ab
1412 2155 1624 2200 imperatore
1649 2154 1729 2200 qui-

247 2202 325 2235 (lem
352 2200 467 2243 missi,
500 2207 676 2237 senatores
707 2207 743 2236 et
775 2202 934 2247 patricii3
966 2214 987 2237 a
1019 2202 1218 2248 patriarcha
1242 2205 1378 2244 autem,
1411 2200 1568 2247 episcopi
1600 2205 1637 2236 et
1668 2201 1730 2235 ho-

248 2247 374 2282 minum
405 2251 588 2293 praeterea
612 2248 824 2283 eruditorum
848 2249 1019 2283 nonnulli:
1057 2249 1117 2294 qui
1141 2249 1186 2283 de
1209 2260 1303 2283 more
1329 2247 1498 2293 alloquuti
1523 2259 1576 2282 me
1607 2259 1730 2282 conse·

249 2293 387 2336 derunt,
408 2305 449 2329 ac
465 2296 627 2329 mandata
639 2299 860 2340 exponentes,
879 2294 1051 2337 „sublatis
1069 2295 1112 2330 de
1129 2295 1241 2332 medio
1260 2294 1500 2341 (inquiebant)
1518 2293 1562 2327 iis
1574 2293 1731 2334 vocibus,

249 2351 315 2385 per
339 2352 425 2386 quas
448 2342 571 2375 turbae
593 2340 629 2375 in
653 2340 800 2376 ecclesia
823 2341 994 2377 excitatae
1013 2342 1176 2383 fuerant,
1201 2353 1316 2376 omnes
1334 2343 1505 2386 quotquot
1522 2351 1637 2374 sumus
1654 2351 1729 2374 cum

249 2387 458 2431 imperatore
480 2391 516 2422 et
542 2388 742 2433 patriarcha
771 2387 924 2434 episcopi
951 2400 991 2423 ac
1017 2388 1086 2423 ‘viri
1116 2387 1302 2428 senatorii,
1337 2398 1444 2421 novos
1463 2387 1616 2431 Tomos,
1640 2398 1732 2421 nova

250 2433 393 2468 decreta
411 2434 675 2479 composuimus,
701 2434 746 2468 ad
765 2440 959 2470 accuratam
976 2435 1144 2470 rationem
1162 2432 1416 2481 perfectissime
1441 2437 1585 2475 exacta3
1610 2437 1650 2468 ut
1676 2433 1731 2468 ni-

250 2480 300 2515 hil
327 2479 394 2514 iam
425 2481 575 2524 obstet,
593 2480 772 2528 quominus
795 2492 858 2516 nos
883 2481 918 2516 iu
944 2486 1118 2528 posterum
1147 2480 1380 2515 communione
1399 2485 1510 2514 tecum
1532 2479 1669 2514 iunctos
1695 2482 1731 2514 et

248 2526 338 2561 idem
362 2527 549 2562 sentientes
570 2526 770 2562 admittas.''
819 2528 898 2572 (ΙΙ.)
923 2528 1042 2563 Multis
1067 2531 1139 2562 tum
1167 2527 1269 2562 dictis
1291 2525 1539 2572 responsisque
1562 2531 1598 2561 et
1621 2526 1731 2561 inter-

250 2573 494 2619 pellationibus
526 2573 743 2616 interiectis,
776 2573 908 2609 demum
937 2587 1026 2609 nova
1053 2574 1113 2609 illa
1142 2574 1285 2608 decreta
1320 2573 1486 2607 exhibere
1512 2572 1600 2607 iussi
1630 2576 1732 2614 sunt3

250 2621 332 2654 item
362 2620 524 2655 Pal-amne
544 2619 719 2662 libellum,
753 2631 827 2656 cum
851 2620 904 2655 his
935 2621 1229 2666 coniungendum‚
1265 2623 1369 2666 prout
1397 2619 1506 2655 sacris
1543 2619 1732 2654 canonibus

250 2666 412 2702 traditum
433 2672 469 2701 et
489 2667 709 2702 constitutum
737 2671 841 2702 esset.
888 2667 1025 2702 Etenim
1047 2667 1223 2703 decretum
1236 2691 1247 2709 ,
1281 2677 1344 2712 per
1364 2669 1517 2700 sanctam
1537 2665 1732 2700 oecumeni-

252 2724 327 2758 cam
355 2713 530 2759 Synodum
560 2717 690 2748 sextam
715 2714 984 2758 promulgatum,
1017 2714 1067 2748 sic
1093 2725 1175 2757 eos,
1207 2724 1350 2759 quorum
1377 2711 1496 2747 similis
1513 2723 1621 2746 causa
1643 2715 1732 2753 erat,

252 2759 457 2804 alloquitur:
481 2759 581 2803 „Qui
607 2758 724 2794 dicitis
742 2770 803 2794 vos
828 2760 984 2795 converti
1002 2760 1047 2795 ad
1069 2759 1272 2801 veritatem,
1296 2770 1363 2794 non
1395 2758 1480 2793 alias
1500 2758 1600 2793 nobis
1628 2757 1731 2792 satis-

249 2805 386 2847 facitis,
410 2806 477 2842 nisi
505 2806 654 2854 scriptos
672 2805 755 2840 fidei
776 2810 913 2841 vestrae
932 2806 1065 2842 libellos
1085 2805 1282 2852 producatis
1307 2804 1399 2850 apud
1419 2804 1519 2839 aliam
1542 2804 1730 2850 Synodum,

250 2851 415 2888 debentes
436 2864 551 2890 coram
576 2852 676 2890 nobis
705 2863 813 2900 super
840 2852 971 2889 sanctis
995 2858 1034 2890 et
1051 2851 1266 2899 intemeratis
1291 2851 1358 2889 Dei
1376 2850 1528 2889 oraculis
1546 2863 1608 2887 eos
1624 2850 1731 2898 depo—

1384 3010 1405 3017 v-
