1794 3172
267 136 368 187 810
696 137 1008 185 NICEPHORI
1034 138 1357 185 GREGORAE

63 271 101 304 A.
119 241 270 313 ”⁴685ss
281 251 373 299 τότε
403 248 613 303 θάνατον,
644 245 793 292 τούτου
822 246 900 291 σὺν
929 247 995 290 σοὶ
1028 246 1097 290 διὰ
1130 248 1180 291 σε’
1206 250 1308 299 πως
1331 250 1659 308 παραπολαῦσαί
1681 269 1754 308 μοι

107 315 175 352 lad.
188 314 452 395 ¹5Eye'v272'0‘1·
490 318 552 370 οἷς
580 319 653 375 μὲν
679 317 757 379 γὰρ
792 316 999 366 ἀκουσίως
1028 314 1152 360 ἔπεισι
1181 317 1235 361 τὰ
1268 319 1404 372 δεινὰ,
1447 318 1663 377 συγγνώμη
1692 338 1755 372 τις

282 394 427 438 εἴωθεν
456 389 589 448 οἴκτῳ
616 384 916 444 συγκεκραμὲνη
954 388 1334 437 συνεξακολουθεΐν.
1388 386 1520 439 οἶς,δ’
1565 391 1607 440 ἐξ
1647 391 1755 440 ἰδίας

149 461 480 517 Ἷ.412ἇβουλίας
504 458 718 513 συμβαίνει
754 454 885 512 πηγὰς
915 452 1151 512 ἀνορύττειν
1182 461 1319 500 κακῶν
1337 455 1524 510 ἕαυτοΐς,
1553 463 1754 503 τοσοῦτον

277 528 534 586 νεμεσᾶσθαί
554 542 694 584 σφισιν
715 525 841 578 εῗκός,
875 522 973 567 ὅσον
996 524 1091 567 οὐδὲ
1117 525 1215 576 τούς
1233 523 1475 582 ἐλεήσοντας
1492 526 1782 582 καταλιμπά-5

279 616 421 646 νουσιν
452 596 613 646 ἑαυτοῖς
647 592 719 647 ξύν
752 611 795 651 γε
831 592 937 652 λόγῳ
964 597 1024 652 τῷ
1047 594 1254 651 πρέπον-τι.
1292 597 1345 639 Εἰ
1366 596 1414 639 δέ
1428 614 1499 651 μοι
1518 597 1651 640 πολλὰ
1671 602 1754 641 τῶν

282 668 409 714 πάλαι
429 666 533 725 πρὸς
549 665 675 721 μέσον
696 662 804 721 ἄγεις
821 660 1151 719 ὑποδειγμάτων,
1185 662 1320 708 ὁπόσα
1339 665 1444 722 πρὸς
1469 666 1567 716 τοὺς
1587 664 1755 720 ὁμοίους

245 731 329 783 Fas
349 729 509 796 φόβους
533 733 744 792 ἓνάγουσι,
782 734 849 775 καὶ
879 730 949 783 ’ξύν
984 749 1027 789 γε
1054 739 1142 784 τοῖς
1175 733 1338 788 ἄλλοις,
1371 734 1434 778 ὅτι
1461 736 1526 778 καὶ
1559 733 1754 793 Μάρκιον

281 810 457 859 ἐκεῖνον,
495 804 568 848 τὸν
599 807 651 862 τῇ
682 801 809 846 πάλαι
839 799 1183 859 στρατηγήσαντα
1205 801 1341 861 Ῥώμῃ
1372 805 1492 857 ποτὲ,
1527 804 1569 854 ἐς
1585 803 1753 848 τοσόνδε

280 877 335 921 τὰ
365 875 523 933 μητρὸς
553 873 703 930 ἔσφηλε
734 869 916 929 δάκρυα,
958 869 1014 922 ὥς
1049 874 1216 930 μυριάις
1239 870 1318 930 ὕφ’
1354 867 1411 917 ὧν
1441 877 1753 931 στεφανοῦσθαι
1767 879 1794 914 1⁴

282 948 404 1003 ἐχρῆν
426 943 690 1000 καλυφθέντα
708 942 841 985 λίθων
861 945 1011 997 βολαῖς,
1025 945 1169 985 θανεΐν
1190 944 1427 997 δυστυχῶς,
1462 942 1568 985 ἀλλὰ
1587 942 1754 999 τάληθῆ

282 1016 378 1073 περί
408 1031 451 1071 γε
488 1012 663 1068 τάνδρὸς
698 1012 848 1054 ἐκείνου
884 1009 1040 1065 μαθὼν
1078 1011 1155 1067 τὴν
1196 1011 1347 1066 ἀμείνω
1377 1013 1509 1070 κρίσιν
1549 1012 1655 1055 ἕλοιο
1687 1011 1751 1056 ἄν.

281 1082 418 1139 πάσης
433 1082 512 1140 γὰρ
535 1083 682 1131 ἐκεῖνος
701 1080 946 1130 ἀποκλείσας
963 1077 1110 1124 ἑαυτὸν
1141 1079 1362 1137 ἀπολογίας
1370 1114 1384 1134 ,
1420 1083 1487 1124 καὶ
1518 1079 1658 1139 θύραν
1681 1081 1754 1124 οὗ-

282 1154 424 1208 δεμίαν
455 1147 693 1208 συγγνώμης
721 1157 812 1200 ταΐς
839 1147 1046 1199 ἐπιούσαις
1075 1150 1380 1201 καταλελοιπὼς
1405 1151 1585 1204 ἐλπίσιν,
1625 1149 1754 1194 αὐτὸν

156 1221 418 1280 Ρ.510,ἓαυτῷ
439 1218 665 1277 κατήγορον
686 1220 729 1262 ἐκ
754 1223 828 1262 τοῦ
847 1216 1039 1275 σύνεγγυς
1064 1217 1140 1275 εἶχε
1153 1252 1166 1272 ,
1202 1221 1270 1262 καὶ
1293 1219 1426 1263 πολλὰ
1446 1226 1538 1270 ταῖς
1558 1223 1633 1263 τοῦ
1653 1236 1752 1263 συν-
1765 1225 1794 1261 13

284 1289 440 1341 ειδότος
469 1297 634 1346 σκηναῖς
663 1286 904 1344 αὖλιζόμενά
922 1288 961 1332 οἱ
980 1289 1245 1347 παραπέπηγε
1264 1289 1424 1345 κέντρα.
1450 1288 1526 1339 τὰς
1540 1289 1617 1347 γὰρ
1639 1290 1753 1332 πλεί-

284 1377 389 1411 στας
412 1357 621 1415 Ῥωμαίων
649 1356 791 1414 χώρας
817 1359 884 1401 καὶ
925 1355 1062 1409 πόλεις
1096 1362 1257 1402 θᾶττον
1291 1357 1318 1414 ’ἢ
1351 1356 1470 1415 λόγος
1500 1356 1749 1416 ἀφελόμενος

282 1430 360 1481 τὰς
380 1430 454 1485 μὲν
487 1435 572 1479 τοῖς
602 1428 799 1478 ἐναντίοις
826 1428 1069 1484 ἐχαρίσατο,
1104 1427 1181 1477 τὰς
1200 1429 1227 1471 δ
1236 1427 1249 1443 ’
1282 1428 1658 1484 ἐξηνδραποδίσατο
1684 1429 1753 1470 καὶ

283 1499 515 1553 κατέσκαψε
528 1504 664 1554 χεῖρον
683 1496 709 1554 ἢ
732 1497 807 1548 τὰς
827 1495 975 1552 Θήβας
986 1496 1263 1553 Ἀλέξανδρος.
1301 1498 1368 1540 καὶ
1387 1496 1454 1539 διὰ
1475 1501 1598 1540 τοῦτο
1617 1495 1752 1555 Μάρ-

283 1585 369 1619 κιος
390 1566 545 1617 εὔελπις
569 1566 717 1623 ἣκιστα
740 1562 791 1622 ἦν
802 1599 816 1620 ,
851 1566 948 1609 οὐδὲ
976 1564 1160 1623 πάροδον
1180 1565 1286 1616 ὅλως
1306 1568 1363 1616 εἷς
1381 1567 1515 1609 πίστιν
1535 1564 1642 1621 εἶχον
1661 1573 1751 1617 ταῖς
1762 1574 1794 1610 2(

276 1635 486 1692 Ῥωμαίων
506 1643 659 1692 ψυχαῖς
682 1637 725 1679 αἱ
744 1636 942 1694 Μαρκίου
966 1636 1200 1686 συνθέσεις·
1238 1637 1280 1678 οῗ
1300 1652 1342 1678 τε
1358 1633 1569 1690 Ῥωμαίων
1598 1629 1651 1678 αὖ
1672 1652 1751 1678 πο-

243 1706 411 1761 Βλίμιοι
430 1703 672 1764 φρικώδεσιν
693 1704 829 1763 ὅρκοις
846 1705 972 1749 αὐτὸν
990 1702 1373 1763 προκατειληφότες,
1403 1703 1540 1748 ἔπειτα
1561 1704 1687 1759 με’γαν
1708 1704 1752 1756 ἐξ

281 1776 485 1827 ἀσθενοῦς
506 1782 597 1826 ταῖς
623 1777 786 1826 οἲκείαις
817 1773 1178 1831 ξυμμεμαχηκότες
1205 1772 1427 1829 δυνάμεσιν
1445 1771 1747 1830 ἐπεπράχεσαν·

283 1843 332 1896 ἃς
348 1842 483 1903 βραχύ
506 1861 544 1888 τι
565 1842 942 1903 παρακρούσασθαι
963 1844 1032 1887 διὰ
1049 1844 1103 1887 τὰ
1128 1843 1287 1902 μητρὸς
1315 1841 1441 1895 δόξας
1473 1841 1634 1902 δάκρυα
1653 1841 1750 1886 ἔλα-

374 1933 430 1968 19.
452 1928 625 1981 Μᾷρκιος
646 1931 766 1975 Boiv.‚
789 1929 975 1977 μακάριος
998 1942 1118 1977 apogr.
1138 1930 1221 1966 Par.

284 2005 361 2047 pter
376 2004 412 2037 te
431 2002 674 2047 quodammodo
699 2001 826 2036 fierem.
873 2001 965 2035 Sane
989 2000 1112 2045 quibus
1135 1999 1328 2035 nolentibus
1345 1999 1522 2034 calamitas
1540 1999 1752 2045 supervenit,

284 2060 343 2083 eos
361 2052 472 2083 manet
486 2049 588 2083 venia
607 2047 783 2093 quaedam,
807 2046 1013 2082 miserationi
1027 2046 1220 2082 coniuncta.
1267 2046 1402 2088 Quibus
1425 2052 1538 2081 autem
1559 2045 1752 2080 temeritate

286 2105 349 2129 sua
371 2095 520 2137 accidit,
542 2101 581 2129 ut
604 2095 763 2129 malorum
787 2094 900 2128 fontes
925 2093 991 2128 sibi
1014 2092 1100 2139 ipsis
1122 2093 1299 2135 foderent,
1322 2093 1366 2127 iis
1384 2092 1558 2138 indignari
1582 2104 1622 2127 eo
1644 2092 1753 2136 magis

273 2151 427 2185 'aequum
451 2146 522 2182 est,
546 2141 634 2187 quod
653 2153 695 2176 ne
712 2152 772 2176 eos
793 2140 928 2187 quidem
947 2139 1014 2174 sibi
1030 2139 1244 2185 relinquant,
1269 2139 1327 2186 qui
1344 2140 1418 2174 iure
1438 2144 1475 2174 et
1491 2139 1613 2174 merito
1631 2138 1752 2173 miser-

285 2187 355 2220 turi
375 2186 455 2222 sint.
502 2188 603 2228 Quod
622 2187 649 2222 si
669 2187 751 2222 mihi
770 2187 875 2222 multa
896 2187 932 2221 in
955 2186 1099 2221 medium
1121 2187 1276 2231 proferas
1295 2191 1447 2220 veterum
1466 2185 1639 2231 exempla,
1662 2195 1752 2230 quae

271 2235 323 2266 ⁴vte
345 2233 388 2266 ad
404 2233 529 2267 similes
549 2246 646 2268 casus
668 2234 866 2268 metuendos
884 2233 1099 2278 compellant,
1124 2236 1227 2278 atque
1248 2232 1340 2267 inter
1357 2237 1494 2267 caetera
1516 2232 1566 2274 id,
1600 2231 1691 2277 quod
1707 2231 1751 2264 de

284 2277 414 2322 Martio
434 2279 512 2322 illo,
536 2280 593 2325 qui
616 2281 743 2316 Romae
766 2280 844 2315 olim
861 2279 984 2315 bellum
1003 2279 1138 2321 intulit,
1162 2285 1342 2321 narratur3
1366 2278 1399 2313 ei
1419 2290 1540 2324 nempe
1559 2277 1679 2312 matris
1699 2276 1751 2310 la-

285 2335 420 2370 crymas
439 2326 478 2360 in
497 2331 625 2360 tantum
643 2327 757 2361 fraudi
774 2326 893 2369 fuisse,
915 2331 955 2360 ut
973 2338 994 2360 a
1015 2326 1135 2372 quibus
1154 2325 1310 2359 coronari
1328 2336 1402 2359 eum
1421 2326 1621 2371 oportebat,
1647 2324 1691 2358 ab
1707 2322 1751 2357 iis

285 2370 487 2406 densissima
515 2373 664 2418 lapidum
690 2374 861 2418 grandine
886 2373 1027 2407 obrutus
1058 2371 1292 2407 infelicissime
1319 2371 1462 2406 obieritz
1506 2375 1687 2417 postquam
1707 2368 1751 2403 de

282 2416 340 2451 illo
353 2429 437 2452 vera
454 2417 639 2461 audiveris,
656 2420 827 2455 meliorem
845 2423 939 2454 certe
956 2418 1157 2454 sententiam
1175 2417 1402 2464 amplecteris.
1442 2416 1666 2452 Praeciderat
1683 2414 1751 2450 sibi

279 2462 341 2498 ille
364 2475 493 2499 omnem
513 2465 759 2501 defensionem:
782 2466 906 2502 nullam
927 2465 994 2500 sibi
1019 2466 1055 2500 iu
1083 2468 1255 2511 posterum
1284 2475 1378 2510 spem
1403 2464 1525 2498 veniae
1553 2463 1749 2508 reliquerat.

276 2509 412 2544 >Aderat
427 2511 536 2556 igitur
554 2512 675 2547 suimet
693 2513 769 2559 ipse
783 2515 974 2555 accusator,
999 2516 1034 2546 et
1052 2511 1088 2546 in
1105 2511 1181 2546 eius
1201 2510 1413 2546 conscientia
1425 2510 1549 2544 stimuli
1566 2509 1684 2556 plures
1698 2508 1753 2542 in·-

281 2554 342 2608 {ixi
362 2556 495 2601 penitus
513 2558 719 2594 insidebant.
764 2560 950 2605 Plerosque
971 2570 1073 2603 agros
1095 2562 1131 2592 et
1153 2558 1255 2592 urbes
1275 2556 1439 2592 Romanis
1458 2567 1532 2591 cum
1553 2555 1751 2596 ademisset,

280 2603 383 2647 idque
400 2614 527 2639 summa
543 2604 740 2648 celeritate,
763 2606 888 2652 partim
909 2606 1065 2640 hostibus
1084 2608 1311 2646 concesserat,
1335 2603 1462 2649 partim
1485 2602 1691 2648 diripuerat,
1715 2607 1752 2636 et

274 2649 397 2726 peius,
419 2660 519 2694 quam
537 2651 679 2686 Thebas
698 2652 904 2694 Alexander,
925 2655 1136 2686 vastaverat.
1183 2649 1315 2706 ssdcirco
1334 2649 1504 2684 minimum
1524 2653 1602 2683 erat
1620 2647 1751 2682 Martio

306 2705 391 2728 onae
412 2696 508 2741 spei;
532 2708 642 2742 neque
663 2698 756 2732 illius
781 2699 960 2744 pactiones
984 2697 1074 2743 apud
1093 2698 1318 2731 Romanorum
1343 2695 1471 2730 animos
1496 2695 1626 2730 aditum
1649 2694 1750 2728 ullum

275 2738 451 2794 habebant
474 2742 518 2776 ad
535 2743 635 2778 fidem
654 2745 904 2790 acquirendam.
953 2744 1178 2778 Romanorum
1196 2754 1279 2777 vero
1303 2743 1422 2777 hostes
1442 2742 1584 2776 eundem
1605 2741 1752 2776 horren-

279 2785 337 2839 dis
354 2788 550 2822 iuramentis
576 2790 1012 2834 primum=obstrinxerant3
1035 2789 1159 2824 deinde
1179 2789 1252 2823 suis
1277 2789 1410 2823 viribus
1438 2787 1587 2822 adiutum
1616 2797 1659 2821 ex
1687 2787 1751 2820 hu-

278 2830 349 2866 mili
369 2843 523 2879 magnum
542 2835 739 2871 effecerant.
786 2837 909 2882 Itaque
931 2836 989 2872 ille
1015 2840 1157 2883 propter
1174 2835 1295 2871 matris
1321 2836 1488 2881 lacrymas
1506 2845 1584 2869 cum
1601 2844 1660 2869 eos
1686 2831 1752 2867 ali-
