<?xml version="1.0" encoding="UTF-8"?>
<!DOCTYPE html PUBLIC "-//W3C//DTD XHTML 1.0 Transitional//EN"
    "http://www.w3.org/TR/xhtml1/DTD/xhtml1-transitional.dtd">
<html xmlns="http://www.w3.org/1999/xhtml" xml:lang="en" lang="en">
 <head>
  <title>
</title>
<meta http-equiv="Content-Type" content="text/html;charset=utf-8" />
  <meta name='ocr-system' content='tesseract 3.04.00' />
  <meta name='ocr-capabilities' content='ocr_page ocr_carea ocr_par ocr_line ocrx_word'/>
</head>
<body>
  <div class='ocr_page' id='page_1' title='image "./corpusscriptorum39niebuoft_0797.png"; bbox 0 0 1754 3164; ppageno 0'>
   <div class='ocr_carea' id='block_1_1' title="bbox 476 162 1151 207">
    <p class='ocr_par' dir='ltr' id='par_1_1' title="bbox 476 162 1151 207">
     <span class='ocr_line' id='line_1_1' title="bbox 476 162 1151 207; baseline 0.007 -5"><span class='ocrx_word' id='word_1_1' title='bbox 476 162 723 204; x_wconf 78' lang='lat' dir='ltr'>NOMINUM</span> <span class='ocrx_word' id='word_1_2' title='bbox 750 164 819 204; x_wconf 80' lang='lat' dir='ltr'><strong>ET</strong></span> <span class='ocrx_word' id='word_1_3' title='bbox 846 164 1151 207; x_wconf 78' lang='lat' dir='ltr'><strong>VERBORUM.</strong></span> 
     </span>
    </p>
   </div>
   <div class='ocr_carea' id='block_1_2' title="bbox 0 262 804 2024">
    <p class='ocr_par' dir='ltr' id='par_1_2' title="bbox 47 262 482 308">
     <span class='ocr_line' id='line_1_2' title="bbox 47 262 482 308; baseline 0.011 -11"><span class='ocrx_word' id='word_1_4' title='bbox 47 262 180 308; x_wconf 82' lang='lat' dir='ltr'><strong>Iapyx,</strong></span> <span class='ocrx_word' id='word_1_5' title='bbox 204 267 330 300; x_wconf 79' lang='lat' dir='ltr'><strong>ventus</strong></span> <span class='ocrx_word' id='word_1_6' title='bbox 344 264 427 308; x_wconf 85' lang='lat'>455,</span> <span class='ocrx_word' id='word_1_7' title='bbox 447 266 482 302; x_wconf 92' lang='lat'><strong>5.</strong></span> 
     </span>
    </p>

    <p class='ocr_par' dir='ltr' id='par_1_3' title="bbox 47 310 804 401">
     <span class='ocr_line' id='line_1_3' title="bbox 47 310 804 347; baseline 0.004 -3"><span class='ocrx_word' id='word_1_8' title='bbox 47 310 238 345; x_wconf 79' lang='lat' dir='ltr'><strong>Iathatines</strong></span> <span class='ocrx_word' id='word_1_9' title='bbox 254 312 420 346; x_wconf 82' lang='lat' dir='ltr'><strong>Sultanus</strong></span> <span class='ocrx_word' id='word_1_10' title='bbox 440 311 594 347; x_wconf 83' lang='lat' dir='ltr'><strong>Alexium</strong></span> <span class='ocrx_word' id='word_1_11' title='bbox 619 311 724 346; x_wconf 86' lang='lat' dir='ltr'><strong>armis</strong></span> <span class='ocrx_word' id='word_1_12' title='bbox 747 312 804 347; x_wconf 86' lang='lat' dir='ltr'><strong>iu-</strong></span> 
     </span>
     <span class='ocr_line' id='line_1_4' title="bbox 94 358 801 401; baseline 0.003 -10"><span class='ocrx_word' id='word_1_13' title='bbox 94 364 157 391; x_wconf 83' lang='lat' dir='ltr'><strong>vat</strong></span> <span class='ocrx_word' id='word_1_14' title='bbox 178 360 232 398; x_wconf 87' lang='grc'><strong>17,</strong></span> <span class='ocrx_word' id='word_1_15' title='bbox 245 360 279 393; x_wconf 91' lang='grc'><strong>8.</strong></span> <span class='ocrx_word' id='word_1_16' title='bbox 294 370 318 393; x_wconf 84' lang='lat' dir='ltr'><strong>a</strong></span> <span class='ocrx_word' id='word_1_17' title='bbox 336 358 487 393; x_wconf 75' lang='lat' dir='ltr'><strong>bascare</strong></span> <span class='ocrx_word' id='word_1_18' title='bbox 497 358 665 393; x_wconf 81' lang='lat' dir='ltr'><strong>occiditur</strong></span> <span class='ocrx_word' id='word_1_19' title='bbox 673 361 732 401; x_wconf 80' lang='lat'>20,</span> <span class='ocrx_word' id='word_1_20' title='bbox 745 361 801 396; x_wconf 89' lang='grc'><strong>13.</strong></span> 
     </span>
    </p>

    <p class='ocr_par' dir='ltr' id='par_1_4' title="bbox 47 403 619 447">
     <span class='ocr_line' id='line_1_5' title="bbox 47 403 619 447; baseline 0.009 -11"><span class='ocrx_word' id='word_1_21' title='bbox 47 403 204 438; x_wconf 79' lang='lat' dir='ltr'>Iaxartes</span> <span class='ocrx_word' id='word_1_22' title='bbox 220 403 303 439; x_wconf 80' lang='lat' dir='ltr'><strong>fluv.</strong></span> <span class='ocrx_word' id='word_1_23' title='bbox 321 406 381 447; x_wconf 91' lang='grc'><strong>35,</strong></span> <span class='ocrx_word' id='word_1_24' title='bbox 406 407 466 441; x_wconf 87' lang='grc'><strong>22.</strong></span> <span class='ocrx_word' id='word_1_25' title='bbox 484 407 543 446; x_wconf 90' lang='grc'><strong>38,</strong></span> <span class='ocrx_word' id='word_1_26' title='bbox 564 407 619 441; x_wconf 90' lang='grc'><strong>15.</strong></span> 
     </span>
    </p>

    <p class='ocr_par' dir='ltr' id='par_1_5' title="bbox 45 450 804 532">
     <span class='ocr_line' id='line_1_6' title="bbox 45 450 804 532; baseline 0.003 -48"><span class='ocrx_word' id='word_1_27' title='bbox 45 450 140 532; x_wconf 66' lang='grc' dir='ltr'><strong>1δὲιὲ</strong></span> <span class='ocrx_word' id='word_1_28' title='bbox 164 451 419 494; x_wconf 84' lang='lat' dir='ltr'><strong>occidentales,</strong></span> <span class='ocrx_word' id='word_1_29' title='bbox 450 464 472 487; x_wconf 86' lang='lat' dir='ltr'><strong>a</strong></span> <span class='ocrx_word' id='word_1_30' title='bbox 493 451 636 498; x_wconf 81' lang='lat' dir='ltr'><strong>Scythis</strong></span> <span class='ocrx_word' id='word_1_31' title='bbox 666 451 804 487; x_wconf 82' lang='lat' dir='ltr'>subacti</span> 
     </span>
    </p>

    <p class='ocr_par' dir='ltr' id='par_1_6' title="bbox 45 543 801 625">
     <span class='ocr_line' id='line_1_7' title="bbox 45 543 801 625; baseline 0.005 -48"><span class='ocrx_word' id='word_1_32' title='bbox 45 543 172 625; x_wconf 52' lang='lat' dir='ltr'><strong>Ibgria2</strong></span> <span class='ocrx_word' id='word_1_33' title='bbox 184 543 360 588; x_wconf 78' lang='lat' dir='ltr'><strong>(Hispan.)</strong></span> <span class='ocrx_word' id='word_1_34' title='bbox 382 544 466 586; x_wconf 86' lang='grc'>238,</span> <span class='ocrx_word' id='word_1_35' title='bbox 479 545 537 580; x_wconf 90' lang='grc'><strong>10.</strong></span> <span class='ocrx_word' id='word_1_36' title='bbox 555 543 702 579; x_wconf 78' lang='lat' dir='ltr'><strong>inferior</strong></span> <span class='ocrx_word' id='word_1_37' title='bbox 718 545 801 587; x_wconf 88' lang='lat'>218,</span> 
     </span>
    </p>

    <p class='ocr_par' dir='ltr' id='par_1_7' title="bbox 43 592 802 716">
     <span class='ocr_line' id='line_1_8' title="bbox 117 592 366 632; baseline 0.004 -6"><span class='ocrx_word' id='word_1_38' title='bbox 117 616 127 623; x_wconf 86' lang='lat'>.</span> <span class='ocrx_word' id='word_1_39' title='bbox 176 594 234 632; x_wconf 73' lang='lat'>40,</span> <span class='ocrx_word' id='word_1_40' title='bbox 257 592 294 627; x_wconf 79' lang='lat'><strong>2.</strong></span> <span class='ocrx_word' id='word_1_41' title='bbox 358 610 366 616; x_wconf 91' lang='lat'><em>·</em></span> 
     </span>
     <span class='ocr_line' id='line_1_9' title="bbox 43 634 802 716; baseline 0.001 -46"><span class='ocrx_word' id='word_1_42' title='bbox 43 636 172 716; x_wconf 50' lang='grc' dir='ltr'><strong>Ιὺεήεί1</strong></span> <span class='ocrx_word' id='word_1_43' title='bbox 178 637 336 671; x_wconf 83' lang='lat' dir='ltr'><strong>Caucaso</strong></span> <span class='ocrx_word' id='word_1_44' title='bbox 357 635 503 671; x_wconf 83' lang='lat' dir='ltr'><strong>finitima</strong></span> <span class='ocrx_word' id='word_1_45' title='bbox 518 634 602 680; x_wconf 87' lang='grc'>348,</span> <span class='ocrx_word' id='word_1_46' title='bbox 625 636 683 674; x_wconf 87' lang='grc'><strong>14.</strong></span> <span class='ocrx_word' id='word_1_47' title='bbox 717 636 802 672; x_wconf 90' lang='lat' dir='ltr'><strong>Col-</strong></span> 
     </span>
    </p>

    <p class='ocr_par' dir='ltr' id='par_1_8' title="bbox 0 683 315 725">
     <span class='ocr_line' id='line_1_10' title="bbox 0 683 315 725; baseline 0.003 -9"><span class='ocrx_word' id='word_1_48' title='bbox 0 686 2 689; x_wconf 82' lang='grc'>’</span> <span class='ocrx_word' id='word_1_49' title='bbox 92 683 149 717; x_wconf 87' lang='lat' dir='ltr'><strong>chi</strong></span> <span class='ocrx_word' id='word_1_50' title='bbox 173 683 261 725; x_wconf 85' lang='lat' dir='ltr'>i39,</span> <span class='ocrx_word' id='word_1_51' title='bbox 281 685 315 719; x_wconf 88' lang='lat'>1.</span> 
     </span>
    </p>

    <p class='ocr_par' dir='ltr' id='par_1_9' title="bbox 43 728 799 774">
     <span class='ocr_line' id='line_1_11' title="bbox 43 728 799 774; baseline 0.003 -11"><span class='ocrx_word' id='word_1_52' title='bbox 43 729 159 764; x_wconf 85' lang='lat' dir='ltr'><strong>Icaria</strong></span> <span class='ocrx_word' id='word_1_53' title='bbox 176 729 243 764; x_wconf 90' lang='lat' dir='ltr'><strong>ins.</strong></span> <span class='ocrx_word' id='word_1_54' title='bbox 263 732 368 774; x_wconf 80' lang='lat' dir='ltr'><strong>capta</strong></span> <span class='ocrx_word' id='word_1_55' title='bbox 387 739 408 763; x_wconf 90' lang='lat' dir='ltr'><strong>a</strong></span> <span class='ocrx_word' id='word_1_56' title='bbox 426 728 553 763; x_wconf 81' lang='lat' dir='ltr'><strong>Ioanne</strong></span> <span class='ocrx_word' id='word_1_57' title='bbox 568 729 667 764; x_wconf 85' lang='lat' dir='ltr'><strong>Duca</strong></span> <span class='ocrx_word' id='word_1_58' title='bbox 687 731 745 772; x_wconf 88' lang='lat'><strong>29,</strong></span> <span class='ocrx_word' id='word_1_59' title='bbox 764 731 799 765; x_wconf 87' lang='lat'><strong>2.</strong></span> 
     </span>
    </p>

    <p class='ocr_par' dir='ltr' id='par_1_10' title="bbox 43 775 799 962">
     <span class='ocr_line' id='line_1_12' title="bbox 43 775 799 822; baseline 0 -12"><span class='ocrx_word' id='word_1_60' title='bbox 43 776 177 811; x_wconf 86' lang='lat' dir='ltr'><strong>Icarius</strong></span> <span class='ocrx_word' id='word_1_61' title='bbox 205 777 250 811; x_wconf 90' lang='lat' dir='ltr'><strong>ab</strong></span> <span class='ocrx_word' id='word_1_62' title='bbox 276 776 440 810; x_wconf 77' lang='lat' dir='ltr'>Euboeae</span> <span class='ocrx_word' id='word_1_63' title='bbox 474 776 631 822; x_wconf 82' lang='lat' dir='ltr'>principe</span> <span class='ocrx_word' id='word_1_64' title='bbox 660 775 799 810; x_wconf 86' lang='lat' dir='ltr'><strong>deficit:</strong></span> 
     </span>
     <span class='ocr_line' id='line_1_13' title="bbox 90 822 799 862; baseline 0 -6"><span class='ocrx_word' id='word_1_65' title='bbox 90 822 298 857; x_wconf 81' lang='lat' dir='ltr'><strong>confirmatis</strong></span> <span class='ocrx_word' id='word_1_66' title='bbox 317 822 468 862; x_wconf 84' lang='lat' dir='ltr'><strong>viribus,</strong></span> <span class='ocrx_word' id='word_1_67' title='bbox 499 823 701 857; x_wconf 84' lang='lat' dir='ltr'><strong>societatem</strong></span> <span class='ocrx_word' id='word_1_68' title='bbox 732 822 799 857; x_wconf 89' lang='lat' dir='ltr'><strong>init</strong></span> 
     </span>
     <span class='ocr_line' id='line_1_14' title="bbox 90 869 798 913; baseline -0.001 -9"><span class='ocrx_word' id='word_1_69' title='bbox 90 881 169 904; x_wconf 91' lang='lat' dir='ltr'><strong>cum</strong></span> <span class='ocrx_word' id='word_1_70' title='bbox 186 869 414 913; x_wconf 82' lang='lat' dir='ltr'><strong>Palaeologo:</strong></span> <span class='ocrx_word' id='word_1_71' title='bbox 441 869 621 904; x_wconf 80' lang='lat' dir='ltr'><strong>Euboeam</strong></span> <span class='ocrx_word' id='word_1_72' title='bbox 632 870 798 904; x_wconf 85' lang='lat' dir='ltr'><strong>subactu-</strong></span> 
     </span>
     <span class='ocr_line' id='line_1_15' title="bbox 88 915 566 962; baseline -0.002 -12"><span class='ocrx_word' id='word_1_73' title='bbox 88 927 166 951; x_wconf 89' lang='lat' dir='ltr'><strong>rnm</strong></span> <span class='ocrx_word' id='word_1_74' title='bbox 183 928 221 951; x_wconf 84' lang='lat' dir='ltr'><strong>se</strong></span> <span class='ocrx_word' id='word_1_75' title='bbox 238 915 411 962; x_wconf 84' lang='lat' dir='ltr'><strong>promittit</strong></span> <span class='ocrx_word' id='word_1_76' title='bbox 428 916 488 957; x_wconf 84' lang='lat'><strong>95,</strong></span> <span class='ocrx_word' id='word_1_77' title='bbox 507 916 566 951; x_wconf 83' lang='grc'><strong>20.</strong></span> 
     </span>
    </p>

    <p class='ocr_par' dir='ltr' id='par_1_11' title="bbox 41 961 797 1148">
     <span class='ocr_line' id='line_1_16' title="bbox 41 961 796 1004; baseline -0.001 -7"><span class='ocrx_word' id='word_1_78' title='bbox 41 962 151 998; x_wconf 89' lang='lat' dir='ltr'><strong>Iconii</strong></span> <span class='ocrx_word' id='word_1_79' title='bbox 173 962 357 1004; x_wconf 85' lang='lat' dir='ltr'><strong>Sultanns,</strong></span> <span class='ocrx_word' id='word_1_80' title='bbox 388 962 593 996; x_wconf 86' lang='lat' dir='ltr'><strong>Michaelem</strong></span> <span class='ocrx_word' id='word_1_81' title='bbox 614 961 796 996; x_wconf 86' lang='lat' dir='ltr'><strong>Palaeolo-</strong></span> 
     </span>
     <span class='ocr_line' id='line_1_17' title="bbox 87 1008 797 1056; baseline -0.001 -12"><span class='ocrx_word' id='word_1_82' title='bbox 87 1021 169 1054; x_wconf 78' lang='lat' dir='ltr'><strong>gum</strong></span> <span class='ocrx_word' id='word_1_83' title='bbox 178 1010 305 1056; x_wconf 80' lang='lat' dir='ltr'><strong>legioni</strong></span> <span class='ocrx_word' id='word_1_84' title='bbox 315 1009 487 1043; x_wconf 81' lang='lat' dir='ltr'>Romanae</span> <span class='ocrx_word' id='word_1_85' title='bbox 503 1008 682 1053; x_wconf 82' lang='lat' dir='ltr'><strong>praeficit;</strong></span> <span class='ocrx_word' id='word_1_86' title='bbox 706 1009 797 1054; x_wconf 82' lang='lat' dir='ltr'>Scy-</span> 
     </span>
     <span class='ocr_line' id='line_1_18' title="bbox 86 1055 796 1103; baseline -0.001 -13"><span class='ocrx_word' id='word_1_87' title='bbox 86 1056 156 1095; x_wconf 81' lang='lat' dir='ltr'><strong>this</strong></span> <span class='ocrx_word' id='word_1_88' title='bbox 182 1056 348 1103; x_wconf 84' lang='lat' dir='ltr'><strong>opponit:</strong></span> <span class='ocrx_word' id='word_1_89' title='bbox 381 1055 518 1089; x_wconf 78' lang='lat' dir='ltr'><strong>Sultani</strong></span> <span class='ocrx_word' id='word_1_90' title='bbox 547 1061 717 1100; x_wconf 81' lang='lat' dir='ltr'><strong>cognatus</strong></span> <span class='ocrx_word' id='word_1_91' title='bbox 749 1055 796 1089; x_wconf 89' lang='lat' dir='ltr'><strong>ad</strong></span> 
     </span>
     <span class='ocr_line' id='line_1_19' title="bbox 89 1102 535 1148; baseline -0.002 -11"><span class='ocrx_word' id='word_1_92' title='bbox 89 1103 239 1148; x_wconf 78' lang='lat' dir='ltr'><strong>Scythas</strong></span> <span class='ocrx_word' id='word_1_93' title='bbox 255 1102 381 1137; x_wconf 75' lang='lat' dir='ltr'><strong>transit</strong></span> <span class='ocrx_word' id='word_1_94' title='bbox 394 1103 454 1143; x_wconf 88' lang='lat'><strong>58,</strong></span> <span class='ocrx_word' id='word_1_95' title='bbox 480 1102 535 1136; x_wconf 84' lang='lat'>15.</span> 
     </span>
    </p>

    <p class='ocr_par' dir='ltr' id='par_1_12' title="bbox 41 1147 795 1289">
     <span class='ocr_line' id='line_1_20' title="bbox 41 1147 793 1190; baseline -0.003 -7"><span class='ocrx_word' id='word_1_96' title='bbox 41 1148 280 1184; x_wconf 80' lang='lat' dir='ltr'><strong>Iconomachia</strong></span> <span class='ocrx_word' id='word_1_97' title='bbox 301 1150 383 1190; x_wconf 67' lang='lat'>940,</span> <span class='ocrx_word' id='word_1_98' title='bbox 413 1150 468 1184; x_wconf 72' lang='grc'><strong>12.</strong></span> <span class='ocrx_word' id='word_1_99' title='bbox 492 1149 574 1189; x_wconf 83' lang='grc'>952,</span> <span class='ocrx_word' id='word_1_100' title='bbox 597 1149 631 1184; x_wconf 89' lang='grc'><strong>7.</strong></span> <span class='ocrx_word' id='word_1_101' title='bbox 666 1147 793 1181; x_wconf 83' lang='lat' dir='ltr'><strong>Icono·</strong></span> 
     </span>
     <span class='ocr_line' id='line_1_21' title="bbox 88 1193 795 1240; baseline -0.003 -10"><span class='ocrx_word' id='word_1_102' title='bbox 88 1196 243 1230; x_wconf 86' lang='lat' dir='ltr'><strong>machiae</strong></span> <span class='ocrx_word' id='word_1_103' title='bbox 267 1196 405 1230; x_wconf 83' lang='lat' dir='ltr'>morbus</span> <span class='ocrx_word' id='word_1_104' title='bbox 435 1194 494 1238; x_wconf 82' lang='grc'><strong>26,</strong></span> <span class='ocrx_word' id='word_1_105' title='bbox 520 1196 580 1230; x_wconf 86' lang='grc'><strong>22.</strong></span> <span class='ocrx_word' id='word_1_106' title='bbox 613 1193 795 1240; x_wconf 80' lang='lat' dir='ltr'><strong>utriusque</strong></span> 
     </span>
     <span class='ocr_line' id='line_1_22' title="bbox 87 1244 391 1289; baseline 0 -12"><span class='ocrx_word' id='word_1_107' title='bbox 87 1248 245 1289; x_wconf 86' lang='lat' dir='ltr'><strong>tempora</strong></span> <span class='ocrx_word' id='word_1_108' title='bbox 261 1244 340 1284; x_wconf 89' lang='grc'>172,</span> <span class='ocrx_word' id='word_1_109' title='bbox 359 1245 391 1278; x_wconf 91' lang='grc'><strong>1.</strong></span> 
     </span>
    </p>

    <p class='ocr_par' dir='ltr' id='par_1_13' title="bbox 59 1286 796 1614">
     <span class='ocr_line' id='line_1_23' title="bbox 59 1286 796 1333; baseline -0.005 -9"><span class='ocrx_word' id='word_1_110' title='bbox 59 1288 258 1325; x_wconf 86' lang='lat' dir='ltr'><strong>conomachi</strong></span> <span class='ocrx_word' id='word_1_111' title='bbox 280 1286 447 1330; x_wconf 83' lang='lat' dir='ltr'><strong>homiliis,</strong></span> <span class='ocrx_word' id='word_1_112' title='bbox 470 1286 627 1333; x_wconf 78' lang='lat' dir='ltr'>hymnis,</span> <span class='ocrx_word' id='word_1_113' title='bbox 651 1290 687 1322; x_wconf 90' lang='lat' dir='ltr'><strong>et</strong></span> <span class='ocrx_word' id='word_1_114' title='bbox 714 1297 796 1321; x_wconf 71' lang='lat' dir='ltr'><strong>mn-</strong></span> 
     </span>
     <span class='ocr_line' id='line_1_24' title="bbox 85 1335 795 1382; baseline -0.004 -12"><span class='ocrx_word' id='word_1_115' title='bbox 85 1335 166 1370; x_wconf 85' lang='lat' dir='ltr'><strong>ticis</strong></span> <span class='ocrx_word' id='word_1_116' title='bbox 196 1339 428 1382; x_wconf 87' lang='lat' dir='ltr'><strong>pepercerunt</strong></span> <span class='ocrx_word' id='word_1_117' title='bbox 462 1336 566 1376; x_wconf 74' lang='grc'>1146,</span> <span class='ocrx_word' id='word_1_118' title='bbox 602 1336 635 1370; x_wconf 91' lang='grc'><strong>6.</strong></span> <span class='ocrx_word' id='word_1_119' title='bbox 677 1344 795 1368; x_wconf 89' lang='lat' dir='ltr'><strong>eorum</strong></span> 
     </span>
     <span class='ocr_line' id='line_1_25' title="bbox 88 1379 794 1426; baseline -0.007 -9"><span class='ocrx_word' id='word_1_120' title='bbox 88 1394 188 1417; x_wconf 91' lang='lat' dir='ltr'><strong>error</strong></span> <span class='ocrx_word' id='word_1_121' title='bbox 206 1383 250 1417; x_wconf 92' lang='lat' dir='ltr'><strong>de</strong></span> <span class='ocrx_word' id='word_1_122' title='bbox 266 1381 403 1416; x_wconf 90' lang='lat' dir='ltr'><strong>Domini</strong></span> <span class='ocrx_word' id='word_1_123' title='bbox 423 1379 664 1426; x_wconf 85' lang='lat' dir='ltr'><strong>transfigurati</strong></span> <span class='ocrx_word' id='word_1_124' title='bbox 689 1391 794 1415; x_wconf 86' lang='lat' dir='ltr'><strong>carne</strong></span> 
     </span>
     <span class='ocr_line' id='line_1_26' title="bbox 85 1426 795 1473; baseline -0.008 -8"><span class='ocrx_word' id='word_1_125' title='bbox 85 1428 179 1471; x_wconf 84' lang='grc'>940,</span> <span class='ocrx_word' id='word_1_126' title='bbox 216 1431 271 1465; x_wconf 92' lang='grc'><strong>11.</strong></span> <span class='ocrx_word' id='word_1_127' title='bbox 297 1427 452 1463; x_wconf 80' lang='lat' dir='ltr'><strong>haeresis</strong></span> <span class='ocrx_word' id='word_1_128' title='bbox 484 1432 632 1473; x_wconf 88' lang='lat' dir='ltr'><strong>quantas</strong></span> <span class='ocrx_word' id='word_1_129' title='bbox 661 1426 698 1460; x_wconf 91' lang='lat' dir='ltr'><strong>in</strong></span> <span class='ocrx_word' id='word_1_130' title='bbox 736 1437 795 1460; x_wconf 89' lang='lat' dir='ltr'><strong>ec-</strong></span> 
     </span>
     <span class='ocr_line' id='line_1_27' title="bbox 87 1473 794 1514; baseline -0.007 -3"><span class='ocrx_word' id='word_1_131' title='bbox 87 1476 195 1511; x_wconf 86' lang='lat' dir='ltr'><strong>clesia</strong></span> <span class='ocrx_word' id='word_1_132' title='bbox 221 1475 343 1509; x_wconf 79' lang='lat' dir='ltr'><strong>turbas</strong></span> <span class='ocrx_word' id='word_1_133' title='bbox 366 1474 575 1508; x_wconf 76' lang='lat' dir='ltr'>excitaverit</span> <span class='ocrx_word' id='word_1_134' title='bbox 598 1473 709 1514; x_wconf 86' lang='lat'>1137,</span> <span class='ocrx_word' id='word_1_135' title='bbox 737 1473 794 1507; x_wconf 90' lang='grc'><strong>17.</strong></span> 
     </span>
     <span class='ocr_line' id='line_1_28' title="bbox 84 1518 793 1565; baseline -0.006 -8"><span class='ocrx_word' id='word_1_136' title='bbox 84 1523 195 1557; x_wconf 83' lang='lat' dir='ltr'><strong>verba</strong></span> <span class='ocrx_word' id='word_1_137' title='bbox 205 1521 248 1556; x_wconf 88' lang='lat' dir='ltr'><strong>de</strong></span> <span class='ocrx_word' id='word_1_138' title='bbox 258 1518 499 1555; x_wconf 79' lang='lat' dir='ltr'><strong>Eucharistiae</strong></span> <span class='ocrx_word' id='word_1_139' title='bbox 508 1518 672 1565; x_wconf 80' lang='lat' dir='ltr'><strong>mysterio</strong></span> <span class='ocrx_word' id='word_1_140' title='bbox 690 1519 793 1560; x_wconf 86' lang='lat'>1138,</span> 
     </span>
     <span class='ocr_line' id='line_1_29' title="bbox 86 1568 422 1614; baseline -0.015 -9"><span class='ocrx_word' id='word_1_141' title='bbox 86 1570 144 1605; x_wconf 87' lang='lat'><strong>23.</strong></span> <span class='ocrx_word' id='word_1_142' title='bbox 168 1568 287 1614; x_wconf 88' lang='lat' dir='ltr'><strong>ibique</strong></span> <span class='ocrx_word' id='word_1_143' title='bbox 304 1572 422 1601; x_wconf 85' lang='lat' dir='ltr'><strong>annot.</strong></span> 
     </span>
    </p>

    <p class='ocr_par' dir='ltr' id='par_1_14' title="bbox 40 1611 793 1699">
     <span class='ocr_line' id='line_1_30' title="bbox 40 1611 793 1659; baseline -0.005 -9"><span class='ocrx_word' id='word_1_144' title='bbox 40 1615 240 1650; x_wconf 76' lang='lat' dir='ltr'>Idololatria</span> <span class='ocrx_word' id='word_1_145' title='bbox 265 1614 362 1659; x_wconf 84' lang='lat'>(928</span> <span class='ocrx_word' id='word_1_146' title='bbox 375 1638 385 1655; x_wconf 92' lang='lat'><strong>‚</strong></span> <span class='ocrx_word' id='word_1_147' title='bbox 402 1613 487 1657; x_wconf 85' lang='lat'>21.)</span> <span class='ocrx_word' id='word_1_148' title='bbox 528 1615 565 1645; x_wconf 88' lang='lat' dir='ltr'><strong>et</strong></span> <span class='ocrx_word' id='word_1_149' title='bbox 582 1611 743 1645; x_wconf 83' lang='lat' dir='ltr'><strong>haereses</strong></span> <span class='ocrx_word' id='word_1_150' title='bbox 771 1623 793 1646; x_wconf 85' lang='lat' dir='ltr'><strong>a</strong></span> 
     </span>
     <span class='ocr_line' id='line_1_31' title="bbox 87 1659 664 1699; baseline -0.009 -3"><span class='ocrx_word' id='word_1_151' title='bbox 87 1662 233 1697; x_wconf 87' lang='lat' dir='ltr'><strong>Diabolo</strong></span> <span class='ocrx_word' id='word_1_152' title='bbox 250 1661 410 1695; x_wconf 79' lang='lat' dir='ltr'><strong>invectae</strong></span> <span class='ocrx_word' id='word_1_153' title='bbox 429 1662 511 1693; x_wconf 85' lang='lat' dir='ltr'><strong>sunt</strong></span> <span class='ocrx_word' id='word_1_154' title='bbox 527 1659 607 1699; x_wconf 81' lang='lat'>905,</span> <span class='ocrx_word' id='word_1_155' title='bbox 631 1660 664 1693; x_wconf 89' lang='lat'><strong>9.</strong></span> 
     </span>
    </p>

    <p class='ocr_par' dir='ltr' id='par_1_15' title="bbox 39 1702 791 1800">
     <span class='ocr_line' id='line_1_32' title="bbox 39 1702 791 1755; baseline -0.009 -11"><span class='ocrx_word' id='word_1_156' title='bbox 39 1709 197 1755; x_wconf 81' lang='lat' dir='ltr'><strong>Ignatius</strong></span> <span class='ocrx_word' id='word_1_157' title='bbox 222 1708 417 1747; x_wconf 89' lang='lat' dir='ltr'><strong>Diaconus,</strong></span> <span class='ocrx_word' id='word_1_158' title='bbox 450 1709 573 1740; x_wconf 85' lang='lat' dir='ltr'><strong>auctor</strong></span> <span class='ocrx_word' id='word_1_159' title='bbox 592 1704 698 1738; x_wconf 80' lang='lat' dir='ltr'><strong>Vitae</strong></span> <span class='ocrx_word' id='word_1_160' title='bbox 722 1702 791 1738; x_wconf 82' lang='lat' dir='ltr'><strong>Ni-</strong></span> 
     </span>
     <span class='ocr_line' id='line_1_33' title="bbox 86 1752 667 1800; baseline -0.009 -10"><span class='ocrx_word' id='word_1_161' title='bbox 86 1754 231 1800; x_wconf 82' lang='lat' dir='ltr'><strong>cephori</strong></span> <span class='ocrx_word' id='word_1_162' title='bbox 248 1753 466 1800; x_wconf 82' lang='lat' dir='ltr'><strong>patriarchae</strong></span> <span class='ocrx_word' id='word_1_163' title='bbox 489 1752 591 1792; x_wconf 84' lang='lat'>1299,</span> <span class='ocrx_word' id='word_1_164' title='bbox 609 1752 667 1787; x_wconf 82' lang='lat'><strong>36.</strong></span> 
     </span>
    </p>

    <p class='ocr_par' dir='ltr' id='par_1_16' title="bbox 39 1796 791 1886">
     <span class='ocr_line' id='line_1_34' title="bbox 39 1796 791 1848; baseline -0.009 -11"><span class='ocrx_word' id='word_1_165' title='bbox 39 1803 189 1848; x_wconf 85' lang='lat' dir='ltr'><strong>Ignatii,</strong></span> <span class='ocrx_word' id='word_1_166' title='bbox 213 1800 433 1847; x_wconf 77' lang='lat' dir='ltr'><strong>patriarchae</strong></span> <span class='ocrx_word' id='word_1_167' title='bbox 459 1797 683 1839; x_wconf 77' lang='lat' dir='ltr'><strong>Antiocheni,</strong></span> <span class='ocrx_word' id='word_1_168' title='bbox 715 1796 791 1832; x_wconf 86' lang='lat' dir='ltr'><strong>To-</strong></span> 
     </span>
     <span class='ocr_line' id='line_1_35' title="bbox 85 1846 518 1886; baseline -0.012 -2"><span class='ocrx_word' id='word_1_169' title='bbox 85 1860 160 1884; x_wconf 87' lang='lat' dir='ltr'><strong>mus</strong></span> <span class='ocrx_word' id='word_1_170' title='bbox 176 1848 350 1882; x_wconf 86' lang='lat' dir='ltr'><strong>indicatus</strong></span> <span class='ocrx_word' id='word_1_171' title='bbox 366 1846 467 1886; x_wconf 83' lang='lat'>1285,</span> <span class='ocrx_word' id='word_1_172' title='bbox 484 1846 518 1880; x_wconf 85' lang='lat'><strong>8.</strong></span> 
     </span>
    </p>

    <p class='ocr_par' dir='ltr' id='par_1_17' title="bbox 38 1889 790 1940">
     <span class='ocr_line' id='line_1_36' title="bbox 38 1889 790 1940; baseline -0.008 -10"><span class='ocrx_word' id='word_1_173' title='bbox 38 1895 134 1940; x_wconf 83' lang='lat' dir='ltr'><strong>Ignis</strong></span> <span class='ocrx_word' id='word_1_174' title='bbox 154 1897 413 1938; x_wconf 75' lang='lat' dir='ltr'><strong>Atramyttenus</strong></span> <span class='ocrx_word' id='word_1_175' title='bbox 438 1893 526 1932; x_wconf 87' lang='lat'>166,</span> <span class='ocrx_word' id='word_1_176' title='bbox 554 1891 605 1926; x_wconf 85' lang='lat'>13.</span> <span class='ocrx_word' id='word_1_177' title='bbox 635 1890 723 1930; x_wconf 89' lang='grc'>171,</span> <span class='ocrx_word' id='word_1_178' title='bbox 753 1889 790 1924; x_wconf 87' lang='grc'><strong>5.</strong></span> 
     </span>
    </p>

    <p class='ocr_par' dir='ltr' id='par_1_18' title="bbox 39 1937 790 2024">
     <span class='ocr_line' id='line_1_37' title="bbox 39 1937 790 1988; baseline -0.009 -12"><span class='ocrx_word' id='word_1_179' title='bbox 39 1942 160 1988; x_wconf 74' lang='lat' dir='ltr'><strong>Illyria</strong></span> <span class='ocrx_word' id='word_1_180' title='bbox 176 1953 197 1976; x_wconf 88' lang='lat' dir='ltr'><strong>a</strong></span> <span class='ocrx_word' id='word_1_181' title='bbox 216 1940 380 1985; x_wconf 84' lang='lat' dir='ltr'><strong>Bulgaris</strong></span> <span class='ocrx_word' id='word_1_182' title='bbox 396 1942 586 1983; x_wconf 82' lang='lat' dir='ltr'><strong>occupatur</strong></span> <span class='ocrx_word' id='word_1_183' title='bbox 601 1938 660 1978; x_wconf 89' lang='grc'><strong>27,</strong></span> <span class='ocrx_word' id='word_1_184' title='bbox 680 1937 714 1972; x_wconf 88' lang='grc'><strong>3.</strong></span> <span class='ocrx_word' id='word_1_185' title='bbox 725 1946 790 1970; x_wconf 81' lang='lat' dir='ltr'><strong>va-</strong></span> 
     </span>
     <span class='ocr_line' id='line_1_38' title="bbox 87 1984 727 2024; baseline -0.011 -1"><span class='ocrx_word' id='word_1_186' title='bbox 87 1993 202 2023; x_wconf 85' lang='lat' dir='ltr'><strong>statur</strong></span> <span class='ocrx_word' id='word_1_187' title='bbox 218 1988 262 2022; x_wconf 86' lang='lat' dir='ltr'><strong>ab</strong></span> <span class='ocrx_word' id='word_1_188' title='bbox 284 1986 483 2021; x_wconf 82' lang='lat' dir='ltr'><strong>Andronico</strong></span> <span class='ocrx_word' id='word_1_189' title='bbox 497 1985 566 2018; x_wconf 91' lang='lat' dir='ltr'><strong>iun.</strong></span> <span class='ocrx_word' id='word_1_190' title='bbox 591 1984 672 2024; x_wconf 72' lang='lat'>545,</span> <span class='ocrx_word' id='word_1_191' title='bbox 693 1984 727 2018; x_wconf 92' lang='lat'><strong>6.</strong></span> 
     </span>
    </p>
   </div>
   <div class='ocr_carea' id='block_1_3' title="bbox 40 2039 791 2331">
    <p class='ocr_par' dir='ltr' id='par_1_19' title="bbox 40 2039 791 2184">
     <span class='ocr_line' id='line_1_39' title="bbox 40 2039 789 2088; baseline -0.012 -6"><span class='ocrx_word' id='word_1_192' title='bbox 40 2047 81 2082; x_wconf 90' lang='lat' dir='ltr'><strong>Ill</strong></span> <span class='ocrx_word' id='word_1_193' title='bbox 107 2047 153 2081; x_wconf 86' lang='lat' dir='ltr'><strong>rii</strong></span> <span class='ocrx_word' id='word_1_194' title='bbox 182 2048 263 2088; x_wconf 89' lang='grc'>116,</span> <span class='ocrx_word' id='word_1_195' title='bbox 281 2047 315 2081; x_wconf 92' lang='grc'>8.</span> <span class='ocrx_word' id='word_1_196' title='bbox 341 2044 422 2084; x_wconf 89' lang='grc'>276,</span> <span class='ocrx_word' id='word_1_197' title='bbox 448 2042 480 2075; x_wconf 89' lang='grc'><strong>6.</strong></span> <span class='ocrx_word' id='word_1_198' title='bbox 506 2042 627 2076; x_wconf 88' lang='lat' dir='ltr'><strong>bellum</strong></span> <span class='ocrx_word' id='word_1_199' title='bbox 648 2039 789 2075; x_wconf 86' lang='lat' dir='ltr'><strong>Palaeo-</strong></span> 
     </span>
     <span class='ocr_line' id='line_1_40' title="bbox 99 2086 791 2138; baseline -0.014 -9"><span class='ocrx_word' id='word_1_200' title='bbox 99 2106 165 2138; x_wconf 84' lang='lat' dir='ltr'><strong>0go</strong></span> <span class='ocrx_word' id='word_1_201' title='bbox 182 2093 334 2127; x_wconf 82' lang='lat' dir='ltr'><strong>inferunt</strong></span> <span class='ocrx_word' id='word_1_202' title='bbox 359 2088 439 2131; x_wconf 89' lang='grc'>146,</span> <span class='ocrx_word' id='word_1_203' title='bbox 456 2091 488 2124; x_wconf 91' lang='grc'><strong>1.</strong></span> <span class='ocrx_word' id='word_1_204' title='bbox 513 2087 640 2135; x_wconf 85' lang='lat' dir='ltr'><strong>perfidi</strong></span> <span class='ocrx_word' id='word_1_205' title='bbox 657 2091 694 2121; x_wconf 92' lang='lat' dir='ltr'><strong>et</strong></span> <span class='ocrx_word' id='word_1_206' title='bbox 713 2086 791 2120; x_wconf 79' lang='lat' dir='ltr'><strong>foe-</strong></span> 
     </span>
     <span class='ocr_line' id='line_1_41' title="bbox 86 2134 395 2184; baseline -0.013 -9"><span class='ocrx_word' id='word_1_207' title='bbox 86 2139 217 2184; x_wconf 79' lang='lat' dir='ltr'><strong>difragi</strong></span> <span class='ocrx_word' id='word_1_208' title='bbox 239 2138 320 2179; x_wconf 85' lang='grc'>544,</span> <span class='ocrx_word' id='word_1_209' title='bbox 338 2134 395 2172; x_wconf 89' lang='grc'><strong>24.</strong></span> 
     </span>
    </p>

    <p class='ocr_par' dir='ltr' id='par_1_20' title="bbox 40 2189 790 2331">
     <span class='ocr_line' id='line_1_42' title="bbox 40 2189 790 2243; baseline -0.013 -10"><span class='ocrx_word' id='word_1_210' title='bbox 40 2198 157 2243; x_wconf 83' lang='lat' dir='ltr'><strong>Imago</strong></span> <span class='ocrx_word' id='word_1_211' title='bbox 178 2196 354 2241; x_wconf 84' lang='lat' dir='ltr'><strong>Deiparae</strong></span> <span class='ocrx_word' id='word_1_212' title='bbox 369 2194 450 2234; x_wconf 83' lang='grc'>462,</span> <span class='ocrx_word' id='word_1_213' title='bbox 474 2191 529 2227; x_wconf 89' lang='grc'><strong>15.</strong></span> <span class='ocrx_word' id='word_1_214' title='bbox 552 2189 790 2235; x_wconf 82' lang='lat' dir='ltr'><strong>Hodegetriae</strong></span> 
     </span>
     <span class='ocr_line' id='line_1_43' title="bbox 86 2236 789 2286; baseline -0.018 -5"><span class='ocrx_word' id='word_1_215' title='bbox 86 2246 148 2286; x_wconf 87' lang='grc'><strong>87,</strong></span> <span class='ocrx_word' id='word_1_216' title='bbox 172 2246 227 2279; x_wconf 93' lang='grc'><strong>16.</strong></span> <span class='ocrx_word' id='word_1_217' title='bbox 254 2243 336 2283; x_wconf 87' lang='grc'>298,</span> <span class='ocrx_word' id='word_1_218' title='bbox 363 2242 417 2276; x_wconf 91' lang='grc'><strong>18.</strong></span> <span class='ocrx_word' id='word_1_219' title='bbox 440 2238 520 2279; x_wconf 87' lang='grc'>422,</span> <span class='ocrx_word' id='word_1_220' title='bbox 546 2239 600 2273; x_wconf 88' lang='grc'><strong>12.</strong></span> <span class='ocrx_word' id='word_1_221' title='bbox 624 2236 789 2281; x_wconf 79' lang='lat' dir='ltr'><strong>imagines</strong></span> 
     </span>
     <span class='ocr_line' id='line_1_44' title="bbox 86 2283 787 2331; baseline -0.016 -5"><span class='ocrx_word' id='word_1_222' title='bbox 86 2302 229 2331; x_wconf 81' lang='lat' dir='ltr'><strong>sacrae,</strong></span> <span class='ocrx_word' id='word_1_223' title='bbox 263 2301 285 2323; x_wconf 87' lang='lat' dir='ltr'><strong>a</strong></span> <span class='ocrx_word' id='word_1_224' title='bbox 313 2285 490 2322; x_wconf 87' lang='lat' dir='ltr'><strong>Palamitis</strong></span> <span class='ocrx_word' id='word_1_225' title='bbox 516 2283 680 2328; x_wconf 88' lang='lat' dir='ltr'><strong>inignem</strong></span> <span class='ocrx_word' id='word_1_226' title='bbox 704 2294 787 2316; x_wconf 91' lang='lat' dir='ltr'><strong>con-</strong></span> 
     </span>
    </p>
   </div>
   <div class='ocr_carea' id='block_1_4' title="bbox 85 2329 787 2421">
    <p class='ocr_par' dir='ltr' id='par_1_21' title="bbox 85 2329 787 2421">
     <span class='ocr_line' id='line_1_45' title="bbox 85 2329 787 2383; baseline -0.017 -11"><span class='ocrx_word' id='word_1_227' title='bbox 85 2337 199 2372; x_wconf 87' lang='lat' dir='ltr'><strong>iectae</strong></span> <span class='ocrx_word' id='word_1_228' title='bbox 215 2333 305 2377; x_wconf 89' lang='lat'>948,</span> <span class='ocrx_word' id='word_1_229' title='bbox 341 2337 396 2369; x_wconf 84' lang='lat'><strong>11.</strong></span> <span class='ocrx_word' id='word_1_230' title='bbox 428 2332 473 2366; x_wconf 87' lang='lat' dir='ltr'><strong>ad</strong></span> <span class='ocrx_word' id='word_1_231' title='bbox 501 2329 787 2383; x_wconf 74' lang='lat' dir='ltr'><strong>Porphyreticam</strong></span> 
     </span>
     <span class='ocr_line' id='line_1_46' title="bbox 86 2378 787 2421; baseline -0.016 -2"><span class='ocrx_word' id='word_1_232' title='bbox 86 2385 274 2418; x_wconf 86' lang='lat' dir='ltr'><strong>columnam</strong></span> <span class='ocrx_word' id='word_1_233' title='bbox 307 2378 419 2414; x_wconf 85' lang='lat' dir='ltr'><strong>veteri</strong></span> <span class='ocrx_word' id='word_1_234' title='bbox 457 2389 549 2412; x_wconf 90' lang='lat' dir='ltr'><strong>more</strong></span> <span class='ocrx_word' id='word_1_235' title='bbox 578 2380 787 2421; x_wconf 84' lang='lat' dir='ltr'><strong>comportan</strong></span> 
     </span>
    </p>
   </div>
   <div class='ocr_carea' id='block_1_5' title="bbox 40 2429 787 2876">
    <p class='ocr_par' dir='ltr' id='par_1_22' title="bbox 40 2429 787 2876">
     <span class='ocr_line' id='line_1_47' title="bbox 86 2429 387 2469; baseline -0.01 -5"><span class='ocrx_word' id='word_1_236' title='bbox 86 2431 211 2464; x_wconf 84' lang='lat' dir='ltr'><strong>solitae</strong></span> <span class='ocrx_word' id='word_1_237' title='bbox 226 2429 308 2469; x_wconf 87' lang='grc'>385,</span> <span class='ocrx_word' id='word_1_238' title='bbox 332 2429 387 2462; x_wconf 89' lang='grc'><strong>10.</strong></span> 
     </span>
     <span class='ocr_line' id='line_1_48' title="bbox 40 2468 713 2523; baseline -0.013 -12"><span class='ocrx_word' id='word_1_239' title='bbox 40 2488 105 2523; x_wconf 87' lang='lat' dir='ltr'><strong>pro</strong></span> <span class='ocrx_word' id='word_1_240' title='bbox 123 2475 332 2522; x_wconf 73' lang='lat' dir='ltr'><strong>imaginibus</strong></span> <span class='ocrx_word' id='word_1_241' title='bbox 346 2472 427 2508; x_wconf 89' lang='lat' dir='ltr'><strong>libri</strong></span> <span class='ocrx_word' id='word_1_242' title='bbox 445 2469 533 2506; x_wconf 81' lang='lat' dir='ltr'><strong>varii</strong></span> <span class='ocrx_word' id='word_1_243' title='bbox 554 2470 655 2511; x_wconf 89' lang='grc'>1300,</span> <span class='ocrx_word' id='word_1_244' title='bbox 680 2468 713 2503; x_wconf 91' lang='grc'><strong>9.</strong></span> 
     </span>
     <span class='ocr_line' id='line_1_49' title="bbox 40 2526 785 2580; baseline -0.012 -12"><span class='ocrx_word' id='word_1_245' title='bbox 40 2533 283 2580; x_wconf 85' lang='lat' dir='ltr'><strong>Imperantium</strong></span> <span class='ocrx_word' id='word_1_246' title='bbox 299 2532 423 2578; x_wconf 86' lang='lat' dir='ltr'><strong>culpae</strong></span> <span class='ocrx_word' id='word_1_247' title='bbox 443 2531 625 2565; x_wconf 77' lang='lat' dir='ltr'><strong>excusatae</strong></span> <span class='ocrx_word' id='word_1_248' title='bbox 640 2526 723 2567; x_wconf 88' lang='lat'>753,</span> <span class='ocrx_word' id='word_1_249' title='bbox 749 2526 785 2561; x_wconf 91' lang='grc'><strong>3.</strong></span> 
     </span>
     <span class='ocr_line' id='line_1_50' title="bbox 40 2571 786 2626; baseline -0.011 -12"><span class='ocrx_word' id='word_1_250' title='bbox 40 2580 290 2626; x_wconf 74' lang='lat' dir='ltr'><strong>Imperatoriae</strong></span> <span class='ocrx_word' id='word_1_251' title='bbox 330 2574 596 2624; x_wconf 83' lang='lat' dir='ltr'><strong>praerogativae</strong></span> <span class='ocrx_word' id='word_1_252' title='bbox 635 2571 717 2613; x_wconf 89' lang='grc'>784,</span> <span class='ocrx_word' id='word_1_253' title='bbox 749 2575 786 2608; x_wconf 90' lang='grc'><strong>6.</strong></span> 
     </span>
     <span class='ocr_line' id='line_1_51' title="bbox 87 2622 569 2672; baseline -0.01 -11"><span class='ocrx_word' id='word_1_254' title='bbox 87 2632 205 2672; x_wconf 89' lang='lat' dir='ltr'><strong>partes</strong></span> <span class='ocrx_word' id='word_1_255' title='bbox 222 2631 259 2660; x_wconf 91' lang='lat' dir='ltr'><strong>et</strong></span> <span class='ocrx_word' id='word_1_256' title='bbox 273 2637 393 2660; x_wconf 81' lang='lat' dir='ltr'><strong>munus</strong></span> <span class='ocrx_word' id='word_1_257' title='bbox 411 2625 493 2664; x_wconf 83' lang='lat'>904,</span> <span class='ocrx_word' id='word_1_258' title='bbox 514 2622 569 2656; x_wconf 89' lang='lat'>18.</span> 
     </span>
     <span class='ocr_line' id='line_1_52' title="bbox 41 2676 787 2730; baseline -0.011 -12"><span class='ocrx_word' id='word_1_259' title='bbox 41 2683 177 2728; x_wconf 87' lang='lat' dir='ltr'><strong>Imperii</strong></span> <span class='ocrx_word' id='word_1_260' title='bbox 186 2687 223 2717; x_wconf 87' lang='lat' dir='ltr'><strong>et</strong></span> <span class='ocrx_word' id='word_1_261' title='bbox 230 2683 398 2718; x_wconf 83' lang='lat' dir='ltr'><strong>ecclesiae</strong></span> <span class='ocrx_word' id='word_1_262' title='bbox 415 2677 630 2730; x_wconf 84' lang='lat' dir='ltr'><strong>perturbatio</strong></span> <span class='ocrx_word' id='word_1_263' title='bbox 641 2676 787 2713; x_wconf 83' lang='lat' dir='ltr'><strong>maxima</strong></span> 
     </span>
     <span class='ocr_line' id='line_1_53' title="bbox 40 2731 783 2822; baseline -0.003 -12"><span class='ocrx_word' id='word_1_264' title='bbox 40 2732 178 2822; x_wconf 47' lang='lat' dir='ltr'><strong>Imssii’i</strong></span> <span class='ocrx_word' id='word_1_265' title='bbox 191 2731 396 2822; x_wconf 52' lang='grc' dir='ltr'><strong>1Ι5ξγιωιῐίῐιί</strong></span> <span class='ocrx_word' id='word_1_266' title='bbox 432 2775 524 2810; x_wconf 76' lang='lat' dir='ltr'><strong>fines</strong></span> <span class='ocrx_word' id='word_1_267' title='bbox 550 2772 783 2820; x_wconf 77' lang='lat' dir='ltr'><strong>angustissimi</strong></span> 
     </span>
     <span class='ocr_line' id='line_1_54' title="bbox 87 2822 422 2876; baseline -0.006 -17"><span class='ocrx_word' id='word_1_268' title='bbox 87 2823 170 2876; x_wconf 87' lang='grc'>805,</span> <span class='ocrx_word' id='word_1_269' title='bbox 184 2823 243 2859; x_wconf 87' lang='grc'><strong>23.</strong></span> <span class='ocrx_word' id='word_1_270' title='bbox 268 2822 371 2865; x_wconf 82' lang='lat'>1034,</span> <span class='ocrx_word' id='word_1_271' title='bbox 388 2824 422 2859; x_wconf 92' lang='grc'><strong>6.</strong></span> 
     </span>
    </p>
   </div>
   <div class='ocr_carea' id='block_1_6' title="bbox 1468 161 1599 210">
    <p class='ocr_par' dir='ltr' id='par_1_23' title="bbox 1468 161 1599 210">
     <span class='ocr_line' id='line_1_55' title="bbox 1468 161 1599 210; baseline 0.023 -3"><span class='ocrx_word' id='word_1_272' title='bbox 1468 161 1599 210; x_wconf 85' lang='grc'>1355</span> 
     </span>
    </p>
   </div>
   <div class='ocr_carea' id='block_1_7' title="bbox 834 266 1598 2858">
    <p class='ocr_par' dir='ltr' id='par_1_24' title="bbox 848 266 1598 357">
     <span class='ocr_line' id='line_1_56' title="bbox 848 266 1598 319; baseline 0.012 -18"><span class='ocrx_word' id='word_1_273' title='bbox 848 266 1047 302; x_wconf 87' lang='lat' dir='ltr'><strong>Incarnatio</strong></span> <span class='ocrx_word' id='word_1_274' title='bbox 1063 267 1131 302; x_wconf 90' lang='lat' dir='ltr'><strong>Dei</strong></span> <span class='ocrx_word' id='word_1_275' title='bbox 1147 268 1256 303; x_wconf 86' lang='lat' dir='ltr'><strong>Verbi</strong></span> <span class='ocrx_word' id='word_1_276' title='bbox 1270 273 1400 316; x_wconf 84' lang='lat' dir='ltr'><strong>negata</strong></span> <span class='ocrx_word' id='word_1_277' title='bbox 1418 272 1557 319; x_wconf 79' lang='lat' dir='ltr'><strong>penitus</strong></span> <span class='ocrx_word' id='word_1_278' title='bbox 1575 287 1598 311; x_wconf 89' lang='lat' dir='ltr'><strong>a</strong></span> 
     </span>
     <span class='ocr_line' id='line_1_57' title="bbox 894 314 1234 357; baseline 0.006 -9"><span class='ocrx_word' id='word_1_279' title='bbox 894 314 1034 349; x_wconf 85' lang='lat' dir='ltr'><strong>Palama</strong></span> <span class='ocrx_word' id='word_1_280' title='bbox 1056 316 1157 357; x_wconf 85' lang='lat'>1075,</span> <span class='ocrx_word' id='word_1_281' title='bbox 1177 316 1234 350; x_wconf 81' lang='lat'>19.</span> 
     </span>
    </p>

    <p class='ocr_par' dir='ltr' id='par_1_25' title="bbox 848 359 1487 406">
     <span class='ocr_line' id='line_1_58' title="bbox 848 359 1487 406; baseline 0.009 -12"><span class='ocrx_word' id='word_1_282' title='bbox 848 359 1000 395; x_wconf 87' lang='lat' dir='ltr'><strong>Increati</strong></span> <span class='ocrx_word' id='word_1_283' title='bbox 1018 361 1170 395; x_wconf 87' lang='lat' dir='ltr'><strong>homines</strong></span> <span class='ocrx_word' id='word_1_284' title='bbox 1188 361 1270 403; x_wconf 88' lang='grc'>948,</span> <span class='ocrx_word' id='word_1_285' title='bbox 1292 363 1325 398; x_wconf 91' lang='grc'><strong>1.</strong></span> <span class='ocrx_word' id='word_1_286' title='bbox 1347 363 1429 406; x_wconf 86' lang='grc'>968,</span> <span class='ocrx_word' id='word_1_287' title='bbox 1451 362 1487 400; x_wconf 97' lang='grc'><strong>4.</strong></span> 
     </span>
    </p>

    <p class='ocr_par' dir='ltr' id='par_1_26' title="bbox 846 406 1597 498">
     <span class='ocr_line' id='line_1_59' title="bbox 846 406 1597 458; baseline 0.011 -17"><span class='ocrx_word' id='word_1_288' title='bbox 846 406 925 441; x_wconf 88' lang='lat' dir='ltr'><strong>Indi</strong></span> <span class='ocrx_word' id='word_1_289' title='bbox 939 408 1020 448; x_wconf 85' lang='grc'>332,</span> <span class='ocrx_word' id='word_1_290' title='bbox 1036 407 1093 442; x_wconf 87' lang='grc'><strong>23.</strong></span> <span class='ocrx_word' id='word_1_291' title='bbox 1116 408 1278 443; x_wconf 88' lang='lat' dir='ltr'><strong>Indorum</strong></span> <span class='ocrx_word' id='word_1_292' title='bbox 1291 408 1481 455; x_wconf 84' lang='lat' dir='ltr'><strong>sapientum</strong></span> <span class='ocrx_word' id='word_1_293' title='bbox 1492 423 1597 458; x_wconf 81' lang='lat' dir='ltr'><strong>prae·</strong></span> 
     </span>
     <span class='ocr_line' id='line_1_60' title="bbox 894 454 1206 498; baseline 0.019 -12"><span class='ocrx_word' id='word_1_294' title='bbox 894 459 1028 498; x_wconf 87' lang='lat' dir='ltr'><strong>ceptum</strong></span> <span class='ocrx_word' id='word_1_295' title='bbox 1051 454 1129 496; x_wconf 89' lang='lat'>188,</span> <span class='ocrx_word' id='word_1_296' title='bbox 1147 456 1206 492; x_wconf 88' lang='grc'><strong>21.</strong></span> 
     </span>
    </p>

    <p class='ocr_par' dir='ltr' id='par_1_27' title="bbox 846 499 1133 542">
     <span class='ocr_line' id='line_1_61' title="bbox 846 499 1133 542; baseline 0.003 -8"><span class='ocrx_word' id='word_1_297' title='bbox 846 499 946 534; x_wconf 87' lang='lat' dir='ltr'><strong>India</strong></span> <span class='ocrx_word' id='word_1_298' title='bbox 968 501 1051 542; x_wconf 86' lang='grc'>807,</span> <span class='ocrx_word' id='word_1_299' title='bbox 1074 500 1133 535; x_wconf 89' lang='grc'><strong>24.</strong></span> 
     </span>
    </p>

    <p class='ocr_par' dir='ltr' id='par_1_28' title="bbox 846 546 1271 588">
     <span class='ocr_line' id='line_1_62' title="bbox 846 546 1271 588; baseline 0.002 -8"><span class='ocrx_word' id='word_1_300' title='bbox 846 546 968 580; x_wconf 83' lang='lat' dir='ltr'><strong>Indica</strong></span> <span class='ocrx_word' id='word_1_301' title='bbox 990 552 1141 581; x_wconf 86' lang='lat' dir='ltr'><strong>monstra</strong></span> <span class='ocrx_word' id='word_1_302' title='bbox 1160 547 1195 588; x_wconf 90' lang='lat'><strong>9,</strong></span> <span class='ocrx_word' id='word_1_303' title='bbox 1212 547 1271 583; x_wconf 88' lang='grc'><strong>21.</strong></span> 
     </span>
    </p>

    <p class='ocr_par' dir='ltr' id='par_1_29' title="bbox 845 591 1468 636">
     <span class='ocr_line' id='line_1_63' title="bbox 845 591 1468 636; baseline 0.006 -9"><span class='ocrx_word' id='word_1_304' title='bbox 845 592 952 627; x_wconf 85' lang='lat' dir='ltr'><strong>Indus</strong></span> <span class='ocrx_word' id='word_1_305' title='bbox 973 591 1154 627; x_wconf 80' lang='lat' dir='ltr'><strong>fluviorum</strong></span> <span class='ocrx_word' id='word_1_306' title='bbox 1172 593 1335 628; x_wconf 78' lang='lat' dir='ltr'><strong>maximus</strong></span> <span class='ocrx_word' id='word_1_307' title='bbox 1351 595 1411 636; x_wconf 90' lang='lat'><strong>38,</strong></span> <span class='ocrx_word' id='word_1_308' title='bbox 1433 596 1468 631; x_wconf 90' lang='grc'><strong>7.</strong></span> 
     </span>
    </p>

    <p class='ocr_par' dir='ltr' id='par_1_30' title="bbox 845 638 1594 823">
     <span class='ocr_line' id='line_1_64' title="bbox 845 638 1592 686; baseline 0.009 -12"><span class='ocrx_word' id='word_1_309' title='bbox 845 638 967 684; x_wconf 88' lang='lat' dir='ltr'><strong>Inopia</strong></span> <span class='ocrx_word' id='word_1_310' title='bbox 986 638 1108 684; x_wconf 83' lang='lat' dir='ltr'><strong>ingens</strong></span> <span class='ocrx_word' id='word_1_311' title='bbox 1129 640 1166 673; x_wconf 89' lang='lat' dir='ltr'><strong>in</strong></span> <span class='ocrx_word' id='word_1_312' title='bbox 1192 640 1280 674; x_wconf 83' lang='lat' dir='ltr'><strong>Aula</strong></span> <span class='ocrx_word' id='word_1_313' title='bbox 1301 641 1492 686; x_wconf 80' lang='lat' dir='ltr'><strong>Byzantina</strong></span> <span class='ocrx_word' id='word_1_314' title='bbox 1509 644 1592 686; x_wconf 87' lang='grc'>788,</span> 
     </span>
     <span class='ocr_line' id='line_1_65' title="bbox 891 685 1592 733; baseline 0.007 -13"><span class='ocrx_word' id='word_1_315' title='bbox 891 685 948 720; x_wconf 90' lang='grc'><strong>15.</strong></span> <span class='ocrx_word' id='word_1_316' title='bbox 979 685 1120 731; x_wconf 83' lang='lat' dir='ltr'><strong>inopiae</strong></span> <span class='ocrx_word' id='word_1_317' title='bbox 1157 697 1262 721; x_wconf 86' lang='lat' dir='ltr'><strong>causa</strong></span> <span class='ocrx_word' id='word_1_318' title='bbox 1286 686 1416 732; x_wconf 81' lang='lat' dir='ltr'><strong>duplex</strong></span> <span class='ocrx_word' id='word_1_319' title='bbox 1446 691 1528 733; x_wconf 84' lang='grc'>789,</span> <span class='ocrx_word' id='word_1_320' title='bbox 1559 693 1592 727; x_wconf 92' lang='grc'><strong>8.</strong></span> 
     </span>
     <span class='ocr_line' id='line_1_66' title="bbox 892 732 1594 771; baseline 0.009 -6"><span class='ocrx_word' id='word_1_321' title='bbox 892 736 1037 766; x_wconf 83' lang='lat' dir='ltr'><strong>stannea</strong></span> <span class='ocrx_word' id='word_1_322' title='bbox 1056 737 1091 766; x_wconf 91' lang='lat' dir='ltr'><strong>et</strong></span> <span class='ocrx_word' id='word_1_323' title='bbox 1115 732 1237 766; x_wconf 82' lang='lat' dir='ltr'><strong>fictilia</strong></span> <span class='ocrx_word' id='word_1_324' title='bbox 1258 743 1362 768; x_wconf 88' lang='lat' dir='ltr'><strong>vasa:</strong></span> <span class='ocrx_word' id='word_1_325' title='bbox 1391 736 1520 770; x_wconf 84' lang='lat' dir='ltr'><strong>corium</strong></span> <span class='ocrx_word' id='word_1_326' title='bbox 1539 737 1594 771; x_wconf 89' lang='lat' dir='ltr'><strong>in·-</strong></span> 
     </span>
     <span class='ocr_line' id='line_1_67' title="bbox 892 779 1570 823; baseline 0.009 -11"><span class='ocrx_word' id='word_1_327' title='bbox 892 784 1068 812; x_wconf 84' lang='lat' dir='ltr'><strong>auratum:</strong></span> <span class='ocrx_word' id='word_1_328' title='bbox 1091 790 1245 823; x_wconf 87' lang='lat' dir='ltr'><strong>gemmae</strong></span> <span class='ocrx_word' id='word_1_329' title='bbox 1262 779 1394 815; x_wconf 79' lang='lat' dir='ltr'><strong>vitreae</strong></span> <span class='ocrx_word' id='word_1_330' title='bbox 1410 780 1492 822; x_wconf 89' lang='lat'>488,</span> <span class='ocrx_word' id='word_1_331' title='bbox 1516 786 1570 820; x_wconf 88' lang='lat'><strong>17.</strong></span> 
     </span>
    </p>

    <p class='ocr_par' dir='ltr' id='par_1_31' title="bbox 843 823 1592 913">
     <span class='ocr_line' id='line_1_68' title="bbox 843 823 1592 875; baseline 0.008 -17"><span class='ocrx_word' id='word_1_332' title='bbox 843 823 966 870; x_wconf 83' lang='lat' dir='ltr'><strong>Inopia</strong></span> <span class='ocrx_word' id='word_1_333' title='bbox 982 836 1094 859; x_wconf 86' lang='lat' dir='ltr'><strong>rerum</strong></span> <span class='ocrx_word' id='word_1_334' title='bbox 1121 825 1391 861; x_wconf 82' lang='lat' dir='ltr'><strong>necessariarum</strong></span> <span class='ocrx_word' id='word_1_335' title='bbox 1411 829 1502 874; x_wconf 89' lang='lat' dir='ltr'><strong>apud</strong></span> <span class='ocrx_word' id='word_1_336' title='bbox 1518 830 1592 875; x_wconf 81' lang='lat' dir='ltr'><strong>By-</strong></span> 
     </span>
     <span class='ocr_line' id='line_1_69' title="bbox 891 871 1181 913; baseline 0 -9"><span class='ocrx_word' id='word_1_337' title='bbox 891 871 1029 906; x_wconf 81' lang='lat' dir='ltr'><strong>zantios</strong></span> <span class='ocrx_word' id='word_1_338' title='bbox 1050 873 1130 913; x_wconf 84' lang='lat'>849,</span> <span class='ocrx_word' id='word_1_339' title='bbox 1147 873 1181 907; x_wconf 90' lang='lat'><strong>6.</strong></span> 
     </span>
    </p>

    <p class='ocr_par' dir='ltr' id='par_1_32' title="bbox 843 917 1591 1006">
     <span class='ocr_line' id='line_1_70' title="bbox 843 917 1591 957; baseline 0.008 -6"><span class='ocrx_word' id='word_1_340' title='bbox 843 917 1106 952; x_wconf 76' lang='lat' dir='ltr'><strong>lustramentum</strong></span> <span class='ocrx_word' id='word_1_341' title='bbox 1124 929 1167 951; x_wconf 86' lang='lat' dir='ltr'><strong>ex</strong></span> <span class='ocrx_word' id='word_1_342' title='bbox 1185 918 1368 953; x_wconf 85' lang='lat' dir='ltr'><strong>Thesauro</strong></span> <span class='ocrx_word' id='word_1_343' title='bbox 1384 918 1591 957; x_wconf 83' lang='lat' dir='ltr'><strong>Chartamm</strong></span> 
     </span>
     <span class='ocr_line' id='line_1_71' title="bbox 890 965 1482 1006; baseline 0.002 -6"><span class='ocrx_word' id='word_1_344' title='bbox 890 966 993 1005; x_wconf 89' lang='lat'>1167,</span> <span class='ocrx_word' id='word_1_345' title='bbox 1013 966 1069 999; x_wconf 90' lang='lat'><strong>11.</strong></span> <span class='ocrx_word' id='word_1_346' title='bbox 1095 966 1199 1005; x_wconf 90' lang='grc'>1180,</span> <span class='ocrx_word' id='word_1_347' title='bbox 1216 965 1273 1000; x_wconf 85' lang='grc'><strong>42.</strong></span> <span class='ocrx_word' id='word_1_348' title='bbox 1300 967 1402 1006; x_wconf 87' lang='grc'>1131,</span> <span class='ocrx_word' id='word_1_349' title='bbox 1423 968 1482 1003; x_wconf 87' lang='grc'><strong>26.</strong></span> 
     </span>
    </p>

    <p class='ocr_par' dir='ltr' id='par_1_33' title="bbox 840 1010 1590 1098">
     <span class='ocr_line' id='line_1_72' title="bbox 840 1010 1590 1050; baseline 0.008 -6"><span class='ocrx_word' id='word_1_350' title='bbox 840 1010 1047 1045; x_wconf 85' lang='lat' dir='ltr'><strong>Internuntii</strong></span> <span class='ocrx_word' id='word_1_351' title='bbox 1084 1012 1129 1045; x_wconf 91' lang='lat' dir='ltr'><strong>ad</strong></span> <span class='ocrx_word' id='word_1_352' title='bbox 1163 1010 1329 1045; x_wconf 87' lang='lat' dir='ltr'><strong>iuniorem</strong></span> <span class='ocrx_word' id='word_1_353' title='bbox 1362 1013 1590 1050; x_wconf 84' lang='lat' dir='ltr'><strong>Andronicum</strong></span> 
     </span>
     <span class='ocr_line' id='line_1_73' title="bbox 887 1056 1346 1098; baseline 0.002 -8"><span class='ocrx_word' id='word_1_354' title='bbox 887 1056 980 1090; x_wconf 87' lang='lat' dir='ltr'><strong>missi</strong></span> <span class='ocrx_word' id='word_1_355' title='bbox 997 1068 1019 1091; x_wconf 87' lang='lat' dir='ltr'><strong>a</strong></span> <span class='ocrx_word' id='word_1_356' title='bbox 1036 1057 1170 1090; x_wconf 86' lang='lat' dir='ltr'><strong>seniore</strong></span> <span class='ocrx_word' id='word_1_357' title='bbox 1187 1058 1268 1098; x_wconf 83' lang='lat'>397,</span> <span class='ocrx_word' id='word_1_358' title='bbox 1290 1059 1346 1093; x_wconf 89' lang='lat'><strong>18.</strong></span> 
     </span>
    </p>

    <p class='ocr_par' dir='ltr' id='par_1_34' title="bbox 839 1101 1591 1425">
     <span class='ocr_line' id='line_1_74' title="bbox 839 1101 1590 1150; baseline 0.004 -13"><span class='ocrx_word' id='word_1_359' title='bbox 839 1101 1051 1137; x_wconf 86' lang='lat' dir='ltr'><strong>Internuntii</strong></span> <span class='ocrx_word' id='word_1_360' title='bbox 1073 1103 1117 1136; x_wconf 91' lang='lat' dir='ltr'><strong>ab</strong></span> <span class='ocrx_word' id='word_1_361' title='bbox 1147 1102 1355 1148; x_wconf 85' lang='lat' dir='ltr'><strong>imperatore</strong></span> <span class='ocrx_word' id='word_1_362' title='bbox 1376 1108 1415 1139; x_wconf 89' lang='lat' dir='ltr'><strong>et</strong></span> <span class='ocrx_word' id='word_1_363' title='bbox 1439 1105 1590 1150; x_wconf 84' lang='lat' dir='ltr'><strong>patriar-</strong></span> 
     </span>
     <span class='ocr_line' id='line_1_75' title="bbox 887 1148 1591 1193; baseline 0.009 -11"><span class='ocrx_word' id='word_1_364' title='bbox 887 1150 954 1183; x_wconf 85' lang='lat' dir='ltr'><strong>cha</strong></span> <span class='ocrx_word' id='word_1_365' title='bbox 981 1149 1024 1182; x_wconf 91' lang='lat' dir='ltr'><strong>ad</strong></span> <span class='ocrx_word' id='word_1_366' title='bbox 1052 1148 1247 1193; x_wconf 85' lang='lat' dir='ltr'><strong>Gregoram</strong></span> <span class='ocrx_word' id='word_1_367' title='bbox 1273 1149 1387 1192; x_wconf 83' lang='lat' dir='ltr'><strong>missi,</strong></span> <span class='ocrx_word' id='word_1_368' title='bbox 1427 1153 1591 1188; x_wconf 77' lang='lat' dir='ltr'><strong>mandata</strong></span> 
     </span>
     <span class='ocr_line' id='line_1_76' title="bbox 886 1194 1590 1240; baseline 0.009 -12"><span class='ocrx_word' id='word_1_369' title='bbox 886 1199 1062 1240; x_wconf 84' lang='lat' dir='ltr'><strong>exponunt</strong></span> <span class='ocrx_word' id='word_1_370' title='bbox 1082 1197 1184 1236; x_wconf 72' lang='lat'>1038,</span> <span class='ocrx_word' id='word_1_371' title='bbox 1202 1194 1237 1230; x_wconf 90' lang='grc'><strong>4.</strong></span> <span class='ocrx_word' id='word_1_372' title='bbox 1268 1207 1359 1230; x_wconf 85' lang='lat' dir='ltr'><strong>nova</strong></span> <span class='ocrx_word' id='word_1_373' title='bbox 1384 1196 1527 1232; x_wconf 85' lang='lat' dir='ltr'><strong>decreta</strong></span> <span class='ocrx_word' id='word_1_374' title='bbox 1553 1204 1590 1234; x_wconf 85' lang='lat' dir='ltr'><strong>et</strong></span> 
     </span>
     <span class='ocr_line' id='line_1_77' title="bbox 886 1241 1589 1279; baseline 0.004 -3"><span class='ocrx_word' id='word_1_375' title='bbox 886 1241 1047 1276; x_wconf 85' lang='lat' dir='ltr'><strong>Palamae</strong></span> <span class='ocrx_word' id='word_1_376' title='bbox 1069 1241 1219 1276; x_wconf 90' lang='lat' dir='ltr'><strong>libellum</strong></span> <span class='ocrx_word' id='word_1_377' title='bbox 1243 1241 1405 1277; x_wconf 87' lang='lat' dir='ltr'><strong>iubentur</strong></span> <span class='ocrx_word' id='word_1_378' title='bbox 1425 1244 1589 1279; x_wconf 83' lang='lat' dir='ltr'><strong>exhibere</strong></span> 
     </span>
     <span class='ocr_line' id='line_1_78' title="bbox 888 1287 1588 1335; baseline 0.003 -11"><span class='ocrx_word' id='word_1_379' title='bbox 888 1289 990 1329; x_wconf 89' lang='grc'>1038,</span> <span class='ocrx_word' id='word_1_380' title='bbox 1017 1287 1073 1322; x_wconf 88' lang='grc'><strong>14.</strong></span> <span class='ocrx_word' id='word_1_381' title='bbox 1096 1293 1226 1332; x_wconf 81' lang='lat' dir='ltr'><strong>negant</strong></span> <span class='ocrx_word' id='word_1_382' title='bbox 1249 1287 1374 1323; x_wconf 85' lang='lat' dir='ltr'><strong>libellis</strong></span> <span class='ocrx_word' id='word_1_383' title='bbox 1389 1301 1475 1335; x_wconf 87' lang='lat' dir='ltr'><strong>opus</strong></span> <span class='ocrx_word' id='word_1_384' title='bbox 1492 1303 1588 1326; x_wconf 83' lang='lat' dir='ltr'><strong>esse:</strong></span> 
     </span>
     <span class='ocr_line' id='line_1_79' title="bbox 886 1333 1586 1381; baseline 0.009 -13"><span class='ocrx_word' id='word_1_385' title='bbox 886 1335 1030 1368; x_wconf 88' lang='lat' dir='ltr'><strong>decreta</strong></span> <span class='ocrx_word' id='word_1_386' title='bbox 1043 1333 1207 1369; x_wconf 79' lang='lat' dir='ltr'><strong>allaturos</strong></span> <span class='ocrx_word' id='word_1_387' title='bbox 1224 1346 1264 1368; x_wconf 87' lang='lat' dir='ltr'><strong>se</strong></span> <span class='ocrx_word' id='word_1_388' title='bbox 1271 1336 1478 1379; x_wconf 84' lang='lat' dir='ltr'><strong>promittunt</strong></span> <span class='ocrx_word' id='word_1_389' title='bbox 1485 1339 1586 1381; x_wconf 84' lang='lat'>1039,</span> 
     </span>
     <span class='ocr_line' id='line_1_80' title="bbox 887 1380 1552 1425; baseline 0.005 -12"><span class='ocrx_word' id='word_1_390' title='bbox 887 1382 942 1418; x_wconf 83' lang='lat'>13.</span> <span class='ocrx_word' id='word_1_391' title='bbox 966 1392 1007 1415; x_wconf 88' lang='lat' dir='ltr'><strong>re</strong></span> <span class='ocrx_word' id='word_1_392' title='bbox 1022 1380 1154 1415; x_wconf 82' lang='lat' dir='ltr'><strong>infecta</strong></span> <span class='ocrx_word' id='word_1_393' title='bbox 1170 1381 1352 1415; x_wconf 81' lang='lat' dir='ltr'><strong>discedunt</strong></span> <span class='ocrx_word' id='word_1_394' title='bbox 1370 1382 1472 1425; x_wconf 83' lang='lat'>1043,</span> <span class='ocrx_word' id='word_1_395' title='bbox 1494 1385 1552 1420; x_wconf 81' lang='grc'><strong>17.</strong></span> 
     </span>
    </p>

    <p class='ocr_par' dir='ltr' id='par_1_35' title="bbox 838 1426 1363 1467">
     <span class='ocr_line' id='line_1_81' title="bbox 838 1426 1363 1467; baseline 0.008 -7"><span class='ocrx_word' id='word_1_396' title='bbox 838 1426 1031 1461; x_wconf 88' lang='lat' dir='ltr'><strong>Ioachimus</strong></span> <span class='ocrx_word' id='word_1_397' title='bbox 1048 1427 1166 1461; x_wconf 78' lang='lat' dir='ltr'><strong>Abbas</strong></span> <span class='ocrx_word' id='word_1_398' title='bbox 1185 1428 1286 1467; x_wconf 88' lang='grc'>1317,</span> <span class='ocrx_word' id='word_1_399' title='bbox 1305 1429 1363 1464; x_wconf 90' lang='grc'><strong>17.</strong></span> 
     </span>
    </p>

    <p class='ocr_par' dir='ltr' id='par_1_36' title="bbox 837 1473 1584 1607">
     <span class='ocr_line' id='line_1_82' title="bbox 837 1473 1584 1520; baseline 0.004 -13"><span class='ocrx_word' id='word_1_400' title='bbox 837 1474 984 1508; x_wconf 83' lang='lat' dir='ltr'><strong>Ioannes</strong></span> <span class='ocrx_word' id='word_1_401' title='bbox 1004 1473 1189 1517; x_wconf 82' lang='lat' dir='ltr'><strong>Apostolus</strong></span> <span class='ocrx_word' id='word_1_402' title='bbox 1205 1478 1241 1506; x_wconf 89' lang='lat' dir='ltr'><strong>et</strong></span> <span class='ocrx_word' id='word_1_403' title='bbox 1256 1473 1481 1518; x_wconf 78' lang='lat' dir='ltr'><strong>Evangelista</strong></span> <span class='ocrx_word' id='word_1_404' title='bbox 1501 1477 1584 1520; x_wconf 84' lang='lat'>883,</span> 
     </span>
     <span class='ocr_line' id='line_1_83' title="bbox 883 1518 1582 1566; baseline 0.007 -13"><span class='ocrx_word' id='word_1_405' title='bbox 883 1518 918 1554; x_wconf 89' lang='grc'><strong>4.</strong></span> <span class='ocrx_word' id='word_1_406' title='bbox 941 1519 1022 1559; x_wconf 85' lang='grc'>915,</span> <span class='ocrx_word' id='word_1_407' title='bbox 1050 1521 1107 1555; x_wconf 90' lang='grc'><strong>15.</strong></span> <span class='ocrx_word' id='word_1_408' title='bbox 1132 1520 1282 1559; x_wconf 81' lang='grc'>1125,1.</span> <span class='ocrx_word' id='word_1_409' title='bbox 1307 1523 1409 1563; x_wconf 80' lang='grc'>1126,</span> <span class='ocrx_word' id='word_1_410' title='bbox 1421 1523 1454 1557; x_wconf 93' lang='grc'><strong>7.</strong></span> <span class='ocrx_word' id='word_1_411' title='bbox 1478 1524 1582 1566; x_wconf 83' lang='grc'>1132,</span> 
     </span>
     <span class='ocr_line' id='line_1_84' title="bbox 883 1564 1330 1607; baseline -0.002 -5"><span class='ocrx_word' id='word_1_412' title='bbox 883 1567 917 1602; x_wconf 88' lang='grc'><strong>9.</strong></span> <span class='ocrx_word' id='word_1_413' title='bbox 943 1566 1044 1606; x_wconf 83' lang='grc'>1132,</span> <span class='ocrx_word' id='word_1_414' title='bbox 1074 1564 1128 1600; x_wconf 84' lang='grc'><strong>14.</strong></span> <span class='ocrx_word' id='word_1_415' title='bbox 1154 1565 1255 1607; x_wconf 80' lang='grc'>1295,</span> <span class='ocrx_word' id='word_1_416' title='bbox 1271 1567 1330 1601; x_wconf 81' lang='grc'><strong>20.</strong></span> 
     </span>
    </p>

    <p class='ocr_par' dir='ltr' id='par_1_37' title="bbox 836 1611 1580 1703">
     <span class='ocr_line' id='line_1_85' title="bbox 836 1611 1580 1657; baseline 0.007 -12"><span class='ocrx_word' id='word_1_417' title='bbox 836 1611 984 1646; x_wconf 84' lang='lat' dir='ltr'><strong>Ioannes</strong></span> <span class='ocrx_word' id='word_1_418' title='bbox 1011 1611 1124 1645; x_wconf 80' lang='lat' dir='ltr'><strong>xxn.</strong></span> <span class='ocrx_word' id='word_1_419' title='bbox 1161 1612 1258 1657; x_wconf 88' lang='lat' dir='ltr'><strong>Papa</strong></span> <span class='ocrx_word' id='word_1_420' title='bbox 1286 1614 1396 1654; x_wconf 84' lang='lat'>1223,</span> <span class='ocrx_word' id='word_1_421' title='bbox 1418 1612 1474 1649; x_wconf 90' lang='grc'><strong>24.</strong></span> <span class='ocrx_word' id='word_1_422' title='bbox 1504 1615 1580 1650; x_wconf 84' lang='lat' dir='ltr'><strong>eius</strong></span> 
     </span>
     <span class='ocr_line' id='line_1_86' title="bbox 882 1657 1398 1703; baseline 0.006 -11"><span class='ocrx_word' id='word_1_423' title='bbox 882 1657 1031 1703; x_wconf 84' lang='lat' dir='ltr'><strong>epistola</strong></span> <span class='ocrx_word' id='word_1_424' title='bbox 1046 1657 1201 1692; x_wconf 81' lang='lat' dir='ltr'><strong>indicata</strong></span> <span class='ocrx_word' id='word_1_425' title='bbox 1220 1657 1323 1700; x_wconf 85' lang='grc'>1247,</span> <span class='ocrx_word' id='word_1_426' title='bbox 1339 1661 1398 1695; x_wconf 86' lang='grc'><strong>35.</strong></span> 
     </span>
    </p>

    <p class='ocr_par' dir='ltr' id='par_1_38' title="bbox 835 1704 1580 1799">
     <span class='ocr_line' id='line_1_87' title="bbox 835 1704 1580 1745; baseline 0.005 -6"><span class='ocrx_word' id='word_1_427' title='bbox 835 1704 1003 1745; x_wconf 84' lang='lat' dir='ltr'><strong>Ioannes,</strong></span> <span class='ocrx_word' id='word_1_428' title='bbox 1026 1704 1212 1745; x_wconf 75' lang='lat' dir='ltr'><strong>Andronici</strong></span> <span class='ocrx_word' id='word_1_429' title='bbox 1228 1705 1374 1740; x_wconf 80' lang='lat' dir='ltr'><strong>senioris</strong></span> <span class='ocrx_word' id='word_1_430' title='bbox 1402 1711 1440 1740; x_wconf 90' lang='lat' dir='ltr'><strong>et</strong></span> <span class='ocrx_word' id='word_1_431' title='bbox 1460 1707 1580 1743; x_wconf 62' lang='lat' dir='ltr'><strong>Irene·</strong></span> 
     </span>
     <span class='ocr_line' id='line_1_88' title="bbox 880 1749 1578 1799; baseline 0.007 -15"><span class='ocrx_word' id='word_1_432' title='bbox 880 1750 972 1785; x_wconf 88' lang='lat' dir='ltr'><strong>filius</strong></span> <span class='ocrx_word' id='word_1_433' title='bbox 990 1749 1071 1793; x_wconf 81' lang='grc'>234,</span> <span class='ocrx_word' id='word_1_434' title='bbox 1089 1752 1146 1788; x_wconf 89' lang='grc'><strong>12.</strong></span> <span class='ocrx_word' id='word_1_435' title='bbox 1180 1750 1372 1796; x_wconf 87' lang='lat' dir='ltr'><strong>Nicephori</strong></span> <span class='ocrx_word' id='word_1_436' title='bbox 1395 1753 1578 1799; x_wconf 85' lang='lat' dir='ltr'><strong>(Chumni)</strong></span> 
     </span>
    </p>

    <p class='ocr_par' dir='ltr' id='par_1_39' title="bbox 859 1797 1580 1934">
     <span class='ocr_line' id='line_1_89' title="bbox 859 1797 1580 1843; baseline 0.007 -14"><span class='ocrx_word' id='word_1_437' title='bbox 859 1797 985 1831; x_wconf 85' lang='lat' dir='ltr'><strong>.filiam</strong></span> <span class='ocrx_word' id='word_1_438' title='bbox 1011 1808 1152 1832; x_wconf 83' lang='lat' dir='ltr'><strong>uxorem</strong></span> <span class='ocrx_word' id='word_1_439' title='bbox 1175 1797 1322 1843; x_wconf 82' lang='lat' dir='ltr'><strong>accipit:</strong></span> <span class='ocrx_word' id='word_1_440' title='bbox 1363 1806 1490 1839; x_wconf 87' lang='lat' dir='ltr'><strong>matre,</strong></span> <span class='ocrx_word' id='word_1_441' title='bbox 1522 1813 1580 1835; x_wconf 86' lang='lat' dir='ltr'><strong>so-</strong></span> 
     </span>
     <span class='ocr_line' id='line_1_90' title="bbox 880 1844 1579 1889; baseline 0.006 -12"><span class='ocrx_word' id='word_1_442' title='bbox 880 1855 961 1878; x_wconf 88' lang='lat' dir='ltr'><strong>cero</strong></span> <span class='ocrx_word' id='word_1_443' title='bbox 973 1870 983 1885; x_wconf 92' lang='lat'><strong>,</strong></span> <span class='ocrx_word' id='word_1_444' title='bbox 1007 1848 1044 1878; x_wconf 87' lang='lat' dir='ltr'><strong>et</strong></span> <span class='ocrx_word' id='word_1_445' title='bbox 1062 1854 1168 1878; x_wconf 79' lang='lat' dir='ltr'><strong>uxore</strong></span> <span class='ocrx_word' id='word_1_446' title='bbox 1185 1844 1439 1889; x_wconf 78' lang='lat' dir='ltr'><strong>superstitibus,</strong></span> <span class='ocrx_word' id='word_1_447' title='bbox 1463 1846 1579 1882; x_wconf 88' lang='lat' dir='ltr'><strong>Thes-</strong></span> 
     </span>
     <span class='ocr_line' id='line_1_91' title="bbox 880 1889 1577 1934; baseline 0.006 -10"><span class='ocrx_word' id='word_1_448' title='bbox 880 1889 1050 1925; x_wconf 80' lang='lat' dir='ltr'><strong>salonicae</strong></span> <span class='ocrx_word' id='word_1_449' title='bbox 1066 1889 1141 1924; x_wconf 89' lang='lat' dir='ltr'><strong>sine</strong></span> <span class='ocrx_word' id='word_1_450' title='bbox 1156 1890 1276 1925; x_wconf 90' lang='lat' dir='ltr'><strong>liberis</strong></span> <span class='ocrx_word' id='word_1_451' title='bbox 1291 1892 1436 1928; x_wconf 79' lang='lat' dir='ltr'><strong>moritur</strong></span> <span class='ocrx_word' id='word_1_452' title='bbox 1443 1892 1524 1934; x_wconf 85' lang='grc'>241,</span> <span class='ocrx_word' id='word_1_453' title='bbox 1539 1895 1577 1929; x_wconf 89' lang='grc'><strong>5.</strong></span> 
     </span>
    </p>

    <p class='ocr_par' dir='ltr' id='par_1_40' title="bbox 834 1936 1579 2858">
     <span class='ocr_line' id='line_1_92' title="bbox 834 1936 1579 1983; baseline 0.003 -11"><span class='ocrx_word' id='word_1_454' title='bbox 834 1936 980 1973; x_wconf 77' lang='lat' dir='ltr'><strong>Ioannes</strong></span> <span class='ocrx_word' id='word_1_455' title='bbox 996 1937 1160 1981; x_wconf 79' lang='lat' dir='ltr'><strong>Aprenus,</strong></span> <span class='ocrx_word' id='word_1_456' title='bbox 1186 1937 1271 1971; x_wconf 89' lang='lat' dir='ltr'><strong>cleri</strong></span> <span class='ocrx_word' id='word_1_457' title='bbox 1288 1937 1503 1983; x_wconf 84' lang='lat' dir='ltr'><strong>imperatorii</strong></span> <span class='ocrx_word' id='word_1_458' title='bbox 1518 1951 1579 1974; x_wconf 88' lang='lat' dir='ltr'><strong>sa-</strong></span> 
     </span>
     <span class='ocr_line' id='line_1_93' title="bbox 882 1983 1578 2030; baseline 0.003 -12"><span class='ocrx_word' id='word_1_459' title='bbox 882 1983 1004 2018; x_wconf 86' lang='lat' dir='ltr'><strong>cerdos</strong></span> <span class='ocrx_word' id='word_1_460' title='bbox 1012 1994 1023 2025; x_wconf 83' lang='lat'>3</span> <span class='ocrx_word' id='word_1_461' title='bbox 1038 1983 1234 2028; x_wconf 81' lang='lat' dir='ltr'><strong>patriarcha</strong></span> <span class='ocrx_word' id='word_1_462' title='bbox 1243 1990 1325 2030; x_wconf 82' lang='lat' dir='ltr'><strong>post</strong></span> <span class='ocrx_word' id='word_1_463' title='bbox 1333 1984 1470 2019; x_wconf 78' lang='lat' dir='ltr'><strong>Esaiam</strong></span> <span class='ocrx_word' id='word_1_464' title='bbox 1478 1997 1578 2020; x_wconf 88' lang='lat' dir='ltr'><strong>crea-</strong></span> 
     </span>
     <span class='ocr_line' id='line_1_94' title="bbox 881 2029 1578 2067; baseline 0.003 -3"><span class='ocrx_word' id='word_1_465' title='bbox 881 2035 959 2064; x_wconf 87' lang='lat' dir='ltr'><strong>tus:</strong></span> <span class='ocrx_word' id='word_1_466' title='bbox 994 2030 1066 2063; x_wconf 86' lang='lat' dir='ltr'><strong>eius</strong></span> <span class='ocrx_word' id='word_1_467' title='bbox 1100 2029 1182 2064; x_wconf 82' lang='lat' dir='ltr'><strong>fidei</strong></span> <span class='ocrx_word' id='word_1_468' title='bbox 1218 2030 1428 2065; x_wconf 80' lang='lat' dir='ltr'><strong>Andronicus</strong></span> <span class='ocrx_word' id='word_1_469' title='bbox 1463 2031 1578 2067; x_wconf 86' lang='lat' dir='ltr'><strong>iunior</strong></span> 
     </span>
     <span class='ocr_line' id='line_1_95' title="bbox 882 2076 1577 2121; baseline 0.004 -10"><span class='ocrx_word' id='word_1_470' title='bbox 882 2076 1058 2121; x_wconf 86' lang='lat' dir='ltr'><strong>coniugem</strong></span> <span class='ocrx_word' id='word_1_471' title='bbox 1075 2081 1111 2110; x_wconf 85' lang='lat' dir='ltr'><strong>et</strong></span> <span class='ocrx_word' id='word_1_472' title='bbox 1127 2076 1255 2110; x_wconf 86' lang='lat' dir='ltr'><strong>liberos</strong></span> <span class='ocrx_word' id='word_1_473' title='bbox 1268 2077 1478 2112; x_wconf 86' lang='lat' dir='ltr'><strong>commendat</strong></span> <span class='ocrx_word' id='word_1_474' title='bbox 1495 2079 1577 2121; x_wconf 81' lang='lat'>496,</span> 
     </span>
     <span class='ocr_line' id='line_1_96' title="bbox 883 2122 1577 2169; baseline 0.003 -12"><span class='ocrx_word' id='word_1_475' title='bbox 883 2122 940 2158; x_wconf 88' lang='lat'>16.</span> <span class='ocrx_word' id='word_1_476' title='bbox 961 2122 1119 2164; x_wconf 84' lang='lat' dir='ltr'><strong>Ioannes,</strong></span> <span class='ocrx_word' id='word_1_477' title='bbox 1141 2134 1224 2157; x_wconf 83' lang='lat' dir='ltr'><strong>suae</strong></span> <span class='ocrx_word' id='word_1_478' title='bbox 1241 2127 1277 2157; x_wconf 89' lang='lat' dir='ltr'><strong>et</strong></span> <span class='ocrx_word' id='word_1_479' title='bbox 1294 2134 1430 2158; x_wconf 89' lang='lat' dir='ltr'><strong>suorum</strong></span> <span class='ocrx_word' id='word_1_480' title='bbox 1441 2124 1577 2169; x_wconf 88' lang='lat' dir='ltr'><strong>episco-</strong></span> 
     </span>
     <span class='ocr_line' id='line_1_97' title="bbox 879 2169 1575 2262; baseline 0 -12"><span class='ocrx_word' id='word_1_481' title='bbox 879 2180 968 2250; x_wconf 58' lang='lat'><strong>{251⁰</strong></span> <span class='ocrx_word' id='word_1_482' title='bbox 969 2169 1269 2250; x_wconf 50' lang='grc' dir='ltr'><strong>Ἐαῖἓὶἓῗῗιῖἷέ</strong></span> <span class='ocrx_word' id='word_1_483' title='bbox 1271 2169 1575 2262; x_wconf 51' lang='grc' dir='ltr'><strong>ἰξῗῗᾷὶοῗὶἱῆῗ</strong></span> 
     </span>
     <span class='ocr_line' id='line_1_98' title="bbox 879 2261 1573 2308; baseline 0.001 -12"><span class='ocrx_word' id='word_1_484' title='bbox 879 2273 942 2296; x_wconf 88' lang='lat' dir='ltr'><strong>nos</strong></span> <span class='ocrx_word' id='word_1_485' title='bbox 969 2263 1036 2297; x_wconf 89' lang='grc'><strong>501</strong></span> <span class='ocrx_word' id='word_1_486' title='bbox 1048 2286 1061 2304; x_wconf 89' lang='grc'><strong>,</strong></span> <span class='ocrx_word' id='word_1_487' title='bbox 1096 2263 1152 2297; x_wconf 89' lang='grc'><strong>12.</strong></span> <span class='ocrx_word' id='word_1_488' title='bbox 1182 2261 1350 2297; x_wconf 82' lang='lat' dir='ltr'><strong>suadente</strong></span> <span class='ocrx_word' id='word_1_489' title='bbox 1382 2267 1573 2308; x_wconf 83' lang='lat' dir='ltr'><strong>Apocauco‚</strong></span> 
     </span>
     <span class='ocr_line' id='line_1_99' title="bbox 879 2307 1572 2362; baseline 0 -20"><span class='ocrx_word' id='word_1_490' title='bbox 879 2307 1055 2343; x_wconf 84' lang='lat' dir='ltr'><strong>codicillos</strong></span> <span class='ocrx_word' id='word_1_491' title='bbox 1085 2308 1218 2353; x_wconf 75' lang='lat' dir='ltr'><strong>profert</strong></span> <span class='ocrx_word' id='word_1_492' title='bbox 1241 2320 1265 2343; x_wconf 85' lang='lat' dir='ltr'><strong>a</strong></span> <span class='ocrx_word' id='word_1_493' title='bbox 1296 2309 1456 2343; x_wconf 81' lang='lat' dir='ltr'><strong>defuncto</strong></span> <span class='ocrx_word' id='word_1_494' title='bbox 1489 2309 1572 2362; x_wconf 86' lang='lat' dir='ltr'><strong>imp.</strong></span> 
     </span>
     <span class='ocr_line' id='line_1_100' title="bbox 878 2354 1573 2399; baseline -0.001 -11"><span class='ocrx_word' id='word_1_495' title='bbox 878 2354 1029 2399; x_wconf 81' lang='lat' dir='ltr'><strong>scriptos</strong></span> <span class='ocrx_word' id='word_1_496' title='bbox 1040 2367 1051 2388; x_wconf 71' lang='grc' dir='ltr'>ε</span> <span class='ocrx_word' id='word_1_497' title='bbox 1082 2354 1226 2389; x_wconf 80' lang='lat' dir='ltr'><strong>tutelam</strong></span> <span class='ocrx_word' id='word_1_498' title='bbox 1243 2360 1280 2389; x_wconf 87' lang='lat' dir='ltr'><strong>et</strong></span> <span class='ocrx_word' id='word_1_499' title='bbox 1300 2366 1413 2389; x_wconf 89' lang='lat' dir='ltr'><strong>rerum</strong></span> <span class='ocrx_word' id='word_1_500' title='bbox 1428 2354 1573 2388; x_wconf 84' lang='lat' dir='ltr'><strong>admim-</strong></span> 
     </span>
     <span class='ocr_line' id='line_1_101' title="bbox 877 2401 1572 2445; baseline 0.001 -11"><span class='ocrx_word' id='word_1_501' title='bbox 877 2401 1077 2436; x_wconf 84' lang='lat' dir='ltr'><strong>strationem</strong></span> <span class='ocrx_word' id='word_1_502' title='bbox 1119 2406 1261 2435; x_wconf 84' lang='lat' dir='ltr'><strong>conatur</strong></span> <span class='ocrx_word' id='word_1_503' title='bbox 1301 2401 1368 2434; x_wconf 87' lang='lat' dir='ltr'><strong>sibi</strong></span> <span class='ocrx_word' id='word_1_504' title='bbox 1407 2412 1572 2445; x_wconf 83' lang='lat' dir='ltr'><strong>arrogare</strong></span> 
     </span>
     <span class='ocr_line' id='line_1_102' title="bbox 876 2445 1574 2490; baseline -0.006 -7"><span class='ocrx_word' id='word_1_505' title='bbox 876 2449 957 2490; x_wconf 87' lang='grc'>579,</span> <span class='ocrx_word' id='word_1_506' title='bbox 974 2449 1009 2483; x_wconf 89' lang='grc'><strong>3.</strong></span> <span class='ocrx_word' id='word_1_507' title='bbox 1031 2446 1261 2481; x_wconf 85' lang='lat' dir='ltr'><strong>iusiurandum</strong></span> <span class='ocrx_word' id='word_1_508' title='bbox 1280 2446 1341 2480; x_wconf 89' lang='lat' dir='ltr'><strong>dat</strong></span> <span class='ocrx_word' id='word_1_509' title='bbox 1359 2445 1574 2480; x_wconf 85' lang='lat' dir='ltr'><strong>Cantacuze-</strong></span> 
     </span>
     <span class='ocr_line' id='line_1_103' title="bbox 877 2492 1571 2537; baseline -0.004 -9"><span class='ocrx_word' id='word_1_510' title='bbox 877 2505 943 2536; x_wconf 91' lang='lat' dir='ltr'><strong>no,</strong></span> <span class='ocrx_word' id='word_1_511' title='bbox 966 2499 1002 2528; x_wconf 82' lang='lat' dir='ltr'><strong>et.</strong></span> <span class='ocrx_word' id='word_1_512' title='bbox 1026 2493 1071 2528; x_wconf 80' lang='lat' dir='ltr'><strong>ab</strong></span> <span class='ocrx_word' id='word_1_513' title='bbox 1098 2506 1139 2528; x_wconf 89' lang='lat' dir='ltr'><strong>eo</strong></span> <span class='ocrx_word' id='word_1_514' title='bbox 1158 2492 1283 2537; x_wconf 88' lang='lat' dir='ltr'><strong>accipit</strong></span> <span class='ocrx_word' id='word_1_515' title='bbox 1299 2493 1380 2533; x_wconf 87' lang='lat'>595,</span> <span class='ocrx_word' id='word_1_516' title='bbox 1394 2493 1448 2527; x_wconf 89' lang='grc'><strong>12.</strong></span> <span class='ocrx_word' id='word_1_517' title='bbox 1476 2492 1571 2526; x_wconf 85' lang='lat' dir='ltr'><strong>Cau-</strong></span> 
     </span>
     <span class='ocr_line' id='line_1_104' title="bbox 876 2538 1568 2583; baseline -0.007 -8"><span class='ocrx_word' id='word_1_518' title='bbox 876 2546 1044 2576; x_wconf 81' lang='lat' dir='ltr'><strong>tacuzeno</strong></span> <span class='ocrx_word' id='word_1_519' title='bbox 1060 2551 1082 2574; x_wconf 92' lang='lat' dir='ltr'><strong>a</strong></span> <span class='ocrx_word' id='word_1_520' title='bbox 1101 2539 1171 2574; x_wconf 76' lang='lat' dir='ltr'><strong>suis</strong></span> <span class='ocrx_word' id='word_1_521' title='bbox 1185 2540 1392 2583; x_wconf 82' lang='lat' dir='ltr'><strong>imperatore</strong></span> <span class='ocrx_word' id='word_1_522' title='bbox 1407 2538 1568 2578; x_wconf 73' lang='lat' dir='ltr'><strong>salutato,</strong></span> 
     </span>
     <span class='ocr_line' id='line_1_105' title="bbox 878 2585 1567 2629; baseline -0.006 -8"><span class='ocrx_word' id='word_1_523' title='bbox 878 2586 1013 2621; x_wconf 80' lang='lat' dir='ltr'><strong>exultat</strong></span> <span class='ocrx_word' id='word_1_524' title='bbox 1027 2588 1107 2628; x_wconf 88' lang='grc'>612,</span> <span class='ocrx_word' id='word_1_525' title='bbox 1123 2587 1180 2620; x_wconf 89' lang='grc'><strong>21.</strong></span> <span class='ocrx_word' id='word_1_526' title='bbox 1200 2596 1263 2629; x_wconf 86' lang='lat' dir='ltr'><strong>pro</strong></span> <span class='ocrx_word' id='word_1_527' title='bbox 1283 2586 1466 2629; x_wconf 81' lang='lat' dir='ltr'><strong>Apocauco</strong></span> <span class='ocrx_word' id='word_1_528' title='bbox 1476 2585 1567 2626; x_wconf 83' lang='lat' dir='ltr'><strong>apud</strong></span> 
     </span>
     <span class='ocr_line' id='line_1_106' title="bbox 877 2629 1567 2679; baseline -0.009 -11"><span class='ocrx_word' id='word_1_529' title='bbox 877 2632 1125 2679; x_wconf 83' lang='lat' dir='ltr'><strong>imperatricem</strong></span> <span class='ocrx_word' id='word_1_530' title='bbox 1146 2631 1219 2675; x_wconf 85' lang='lat' dir='ltr'><strong>agit</strong></span> <span class='ocrx_word' id='word_1_531' title='bbox 1237 2630 1316 2670; x_wconf 87' lang='lat'>599,</span> <span class='ocrx_word' id='word_1_532' title='bbox 1335 2632 1388 2665; x_wconf 90' lang='grc'><strong>11.</strong></span> <span class='ocrx_word' id='word_1_533' title='bbox 1415 2630 1452 2663; x_wconf 90' lang='lat' dir='ltr'><strong>in</strong></span> <span class='ocrx_word' id='word_1_534' title='bbox 1474 2629 1567 2663; x_wconf 85' lang='lat' dir='ltr'><strong>Can-</strong></span> 
     </span>
     <span class='ocr_line' id='line_1_107' title="bbox 875 2676 1567 2724; baseline -0.009 -10"><span class='ocrx_word' id='word_1_535' title='bbox 875 2684 1074 2714; x_wconf 78' lang='lat' dir='ltr'><strong>tacuzenum</strong></span> <span class='ocrx_word' id='word_1_536' title='bbox 1093 2677 1265 2724; x_wconf 86' lang='lat' dir='ltr'><strong>perfidus:</strong></span> <span class='ocrx_word' id='word_1_537' title='bbox 1298 2676 1334 2709; x_wconf 89' lang='lat' dir='ltr'><strong>in</strong></span> <span class='ocrx_word' id='word_1_538' title='bbox 1352 2678 1567 2721; x_wconf 84' lang='lat' dir='ltr'><strong>Apocaucum</strong></span> 
     </span>
     <span class='ocr_line' id='line_1_108' title="bbox 876 2721 1567 2768; baseline -0.007 -7"><span class='ocrx_word' id='word_1_539' title='bbox 876 2726 1071 2765; x_wconf 78' lang='lat' dir='ltr'><strong>officiosus3</strong></span> <span class='ocrx_word' id='word_1_540' title='bbox 1110 2734 1208 2768; x_wconf 89' lang='lat' dir='ltr'><strong>quem</strong></span> <span class='ocrx_word' id='word_1_541' title='bbox 1231 2722 1347 2756; x_wconf 84' lang='lat' dir='ltr'><strong>oblata</strong></span> <span class='ocrx_word' id='word_1_542' title='bbox 1364 2721 1567 2766; x_wconf 80' lang='lat' dir='ltr'><strong>impunitate</strong></span> 
     </span>
     <span class='ocr_line' id='line_1_109' title="bbox 875 2767 1567 2810; baseline -0.004 -3"><span class='ocrx_word' id='word_1_543' title='bbox 875 2783 919 2807; x_wconf 90' lang='lat' dir='ltr'><strong>ex</strong></span> <span class='ocrx_word' id='word_1_544' title='bbox 946 2783 1027 2806; x_wconf 86' lang='lat' dir='ltr'><strong>arce</strong></span> <span class='ocrx_word' id='word_1_545' title='bbox 1052 2773 1173 2804; x_wconf 83' lang='lat' dir='ltr'><strong>evocat</strong></span> <span class='ocrx_word' id='word_1_546' title='bbox 1199 2769 1279 2810; x_wconf 84' lang='lat'>603,</span> <span class='ocrx_word' id='word_1_547' title='bbox 1308 2770 1364 2804; x_wconf 89' lang='grc'><strong>17.</strong></span> <span class='ocrx_word' id='word_1_548' title='bbox 1391 2768 1509 2801; x_wconf 82' lang='lat' dir='ltr'><strong>eodem</strong></span> <span class='ocrx_word' id='word_1_549' title='bbox 1531 2767 1567 2801; x_wconf 81' lang='lat' dir='ltr'><strong>in</strong></span> 
     </span>
     <span class='ocr_line' id='line_1_110' title="bbox 874 2812 1565 2858; baseline -0.01 -4"><span class='ocrx_word' id='word_1_550' title='bbox 874 2819 993 2854; x_wconf 83' lang='lat' dir='ltr'><strong>urbem</strong></span> <span class='ocrx_word' id='word_1_551' title='bbox 1010 2827 1161 2858; x_wconf 79' lang='lat' dir='ltr'><strong>reverso,</strong></span> <span class='ocrx_word' id='word_1_552' title='bbox 1184 2815 1278 2850; x_wconf 82' lang='lat' dir='ltr'><strong>vitae</strong></span> <span class='ocrx_word' id='word_1_553' title='bbox 1293 2812 1486 2848; x_wconf 85' lang='lat' dir='ltr'><strong>institutum</strong></span> <span class='ocrx_word' id='word_1_554' title='bbox 1492 2824 1565 2847; x_wconf 89' lang='lat' dir='ltr'><strong>mu-</strong></span> 
     </span>
    </p>
   </div>
  </div>
 </body>
</html>
