1794 3172
248 133 351 183 924
641 131 643 136 Χ
663 137 980 184 NICEPHORI
1009 135 1334 182 GREGORAE

33 255 131 293 A-M-
149 252 241 291 6859
254 249 366 303 ὅστις
385 250 459 295 τὸν
480 249 606 293 αὐτὸν
627 248 692 292 ἐπὶ
720 254 807 299 τοῖς
837 247 981 298 αὐτοῖς
1000 251 1074 291 νῦν
1099 248 1175 303 μὲν
1203 247 1376 300 ἐπαινεῖ,
1413 249 1488 289 νῦν
1518 245 1562 288 δὲ
1589 244 1733 300 ψέγεις

100 304 169 338 lnd.
185 301 305 383 4Βὸν
331 321 410 380 γὰρ
436 322 492 371 εἷς
517 319 669 374 αἰθέρα
692 316 819 376 φάναι
839 317 985 374 ἀνῆγες
1012 316 1135 371 τέως,
1174 314 1231 368 ὥς
1256 318 1298 359 ἐν
1327 316 1562 373 θεολογίαις
1592 313 1734 372 κράτα-

259 409 381 444 στον,
418 390 547 446 μηδὲν
571 386 710 431 εἷδότα
732 385 922 438 δεικνύεις
952 386 1115 444 ἀρτίως.
1163 391 1251 436 πῶς
1275 388 1299 428 δ
1306 386 1319 401 ’
1342 384 1393 428 ἄν
1412 401 1475 435 τις
1497 385 1588 438 ἐμοὶ
1617 401 1734 438 νεμε-

254 459 343 520 σῴη
356 493 368 512 ,
392 460 541 502 ἐκεῖνον
559 459 626 501 καὶ
646 455 740 500 τότε
762 459 830 499 καὶ
849 461 924 500 νῦν
947 458 1010 499 ἐπὶ
1030 464 1117 507 τοῖς
1137 455 1278 506 αὐτοῖς
1297 456 1440 510 ἐπίσης
1458 455 1731 510 λοιδοροῦντι,

254 529 327 588 ἐφ’
350 527 411 579 οἷς
429 526 526 584 ἡμῖν
547 526 708 583 δηλαδὴ
734 526 1014 582 πεπολέμηκε;
1051 526 1154 581 λε’γω
1182 525 1233 580 δὴ
1261 529 1319 582 τῷ
1347 525 1437 582 περὶ
1453 522 1632 578 Ἕλληνα
1659 518 1763 564 λό-5

255 616 328 657 γον
348 599 416 641 καὶ
436 597 511 653 τὴν
531 594 727 653 θύραθεν
748 597 935 639 παιδείαν
952 593 1146 651 χωλεύειν
1174 595 1246 638 τὸν
1274 594 1408 651 ἄνδρα
1437 593 1489 636 τὰ
1521 590 1733 649 κράτιστα.

257 670 326 712 καὶ
357 669 423 711 σοὶ
449 668 525 722 μὲν
558 666 693 722 γε’γονε
719 663 740 708 ὃ
767 666 886 721 φίλος
919 666 997 717 ζῶν
1006 697 1020 718 ,
1060 664 1213 719 ἐχθρὸς
1245 662 1484 719 τεθνηκώς,
1523 663 1590 704 καὶ
1619 658 1640 703 ὃ
1670 677 1737 702 τε-

220 738 364 788 Ελέως
392 734 485 780 τότε
520 735 703 793 χρηστὸς
736 739 817 778 πᾶν
855 734 1098 778 τούναντίον
1141 733 1235 790 ἄρτι
1272 732 1356 776 ὤν·
1403 733 1493 787 ἐμοὶ
1522 730 1564 773 δ’
1600 727 1738 787 ὥσπερ

247 804 353 851 τότε
394 805 547 862 ἐχθρὸς
556 838 569 857 ,
605 803 739 854 οὕτως
776 804 850 847 οὐκ
877 803 970 861 ἄρτι
1000 802 1218 860 ὤνιφίλος.
1269 801 1374 845 ὥστε
1401 801 1454 845 σὺ
1481 801 1558 856 μὲν
1588 799 1740 856 ἀρτίως
1792 821 1794 825 v

261 878 412 920 ἐκεῖνον
443 877 644 929 λοιδορῶν
679 875 800 931 φίλον
831 876 1055 930 λοιδορεῖς·
1087 872 1164 929 ἐγώ
1194 872 1240 915 δὲ
1260 876 1336 928 τῆς
1356 871 1457 927 ε’μῆς
1479 871 1546 913 καὶ
1573 873 1648 912 νῦν
1668 886 1740 926 φι-
1753 879 1794 913 10

260 946 352 996 λίας
383 945 599 999 τιθέμενος
626 941 844 1001 ὑπερόριον
877 943 982 1000 πρὸς
1006 942 1079 986 τὸν
1110 942 1274 997 οὐδαμῆ
1311 957 1410 984 ποτε
1453 941 1575 998 φίλον
1615 942 1740 981 τοῦτο

262 1015 464 1073 φαίνομαι
487 1015 610 1071 δρῶν.
661 1012 706 1064 ὃς
734 1008 807 1056 οὖν
828 1013 869 1055 ἐν
891 1017 992 1055 πᾶσι
1018 1012 1116 1062 τοὺς
1146 1016 1222 1065 τῆς
1247 1011 1431 1067 θεωρίας
1460 1011 1528 1053 καὶ
1555 1012 1631 1065 τῆς
1659 1011 1743 1051 τῶν

261 1081 517 1141 πραγμάτων
540 1083 683 1140 πείρας
706 1083 924 1137 θεμελίους
953 1079 1206 1131 ἀσαλεύτους
1239 1078 1392 1136 ὁμοίως
1418 1084 1557 1136 τηρεῖ,
1593 1081 1743 1120 τοῦτον

264 1153 350 1211 ἄρα
370 1157 452 1203 πᾶς
480 1169 541 1203 τις
561 1149 676 1207 οἶμαι
697 1153 862 1209 κρίνειεν
891 1150 941 1194 ἂν
963 1152 1088 1207 λέγειν
1118 1150 1262 1208 ὀρθῶς
1270 1183 1284 1204 ,
1323 1149 1398 1193 κάν
1418 1155 1503 1199 τοῖς
1533 1164 1577 1204 γε
1604 1146 1744 1196 ἄλλοις

265 1222 410 1276 ἅπασι,
443 1223 509 1265 καὶ
537 1219 597 1271 οἷς
625 1221 935 1278 συντέθραπται
967 1219 1145 1276 δόγμασι
1177 1224 1253 1275 τῆς
1293 1220 1490 1271 πίστεως,
1526 1216 1743 1274 βεβηκέναι
1757 1223 1794 1261 15

227 1292 417 1342 Ι““ιιαλιι’3ς.
444 1290 612 1334 Ἔπειτα
635 1295 723 1341 πῶς
740 1295 813 1346 τῆς
833 1291 984 1333 ἐκείνου
1006 1291 1174 1348 κρίσεως
1195 1288 1397 1345 αὔταρκες
1416 1288 1543 1344 πέρας
1573 1284 1665 1329 τότ’
1688 1287 1746 1328 εἷ-

266 1362 473 1419 ληφυιάς,
509 1363 583 1404 νῦν
614 1360 843 1417 ἀνακρίνειν
864 1358 1010 1417 βιάζῃ,
1048 1360 1228 1402 πλείοσιν
1248 1358 1394 1407 ἄλλαις
1422 1354 1522 1412 ἡμῖν
1549 1360 1746 1412 βλασφη-

265 1432 381 1486 μίαις
413 1428 679 1484 ἁλισκομένου
713 1434 787 1472 τοῦ
819 1432 1032 1484 Παλαμᾶ,
1081 1427 1131 1478 ἃς
1158 1425 1359 1484 ὁσημέραι
1384 1422 1556 1484 γράφων
1591 1425 1746 1467 ἐκεῖθεν

267 1500 526 1557 προστίθησί
551 1516 593 1541 τε
624 1500 692 1542 καὶ
723 1499 1004 1542 ἐπιδείκνυται.
1052 1497 1101 1540 οὗ
1123 1497 1202 1554 γὰρ
1224 1497 1340 1550 ἴσμεν
1363 1495 1482 1545 ὄντος
1509 1495 1660 1537 ἐκείνου
1680 1510 1746 1537 νεα

268 1573 369 1626 κροῦ
400 1565 692 1612 πυνθάνεσθαι
729 1566 757 1611 ἅ
787 1585 830 1611 τε
853 1566 1005 1625 ἔφασκε
1024 1564 1116 1610 τότε
1136 1569 1204 1609 καὶ
1229 1565 1255 1609 ἃ
1278 1570 1363 1610 νῦν.
1401 1567 1436 1609 εἶ
1457 1566 1483 1607 δ
1489 1564 1501 1580 ²
1526 1564 1746 1620 ἀναγκαῖον
1758 1576 1794 1611 2c

119 1636 160 1673 V·
178 1633 246 1674 471
269 1636 369 1694 ὑμῖν
391 1639 477 1681 ε’στι
496 1641 620 1681 τοῦτο
634 1670 648 1691 ,
688 1636 774 1681 ἔστι
798 1637 901 1695 παρ’
919 1636 1093 1692 Ἕλλησί
1114 1653 1177 1687 τις
1200 1634 1402 1693 σοφιστὴς
1428 1633 1636 1691 νεκρικούς
1656 1635 1748 1676 δια-

260 1706 417 1765 λόγους
436 1705 691 1762 ποιούμενος.
728 1707 902 1760 ἐκεῖνος,
941 1709 976 1749 εἶ
995 1704 1227 1762 βούλεσθε,
1266 1711 1403 1760 κομιεῖ
1422 1703 1475 1747 τὰ
1505 1704 1654 1746 ἐκείνου
1682 1706 1750 1744 λε-

263 1777 427 1834 χθέντα
451 1794 496 1820 τε
516 1779 584 1820 καὶ
618 1774 812 1834 λεγόμενα
837 1774 946 1820 πάνυ
978 1779 1126 1826 καλῶς.
1173 1773 1272 1831 ἡμῖν
1298 1774 1378 1832 γὰρ
1406 1771 1612 1817 ἀδύνατον
1643 1769 1749 1829 σφό-

365 1873 400 1911 4.
425 1873 554 1921 ἐπίσης
575 1886 640 1913 em.
660 1874 758 1910 Boiv.
777 1885 841 1920 pro
859 1871 922 1910 ἐπί
935 1885 986 1910 σε.
1078 1873 1112 1908 8.
1140 1870 1275 1919 α’ρτίως
1292 1870 1477 1917 utrobique
1496 1870 1587 1905 coni.
1603 1869 1704 1905 Boiv.

275 1954 335 2001 qui
354 1954 497 1990 eundem
518 1955 554 1990 in
571 1954 691 1989 iisdem
717 1955 821 1989 rebus
837 1965 926 1988 nunc
942 1953 1079 1997 laudet,
1104 1964 1194 1988 nunc
1217 1951 1419 1998 vituperet?
1452 1951 1544 1986 Nam
1566 1953 1624 1992 tu,
1649 1960 1752 1996 quem

272 2013 316 2036 eo
334 2005 487 2047 tempore
507 2002 553 2036 ad
575 2002 706 2036 caelum
724 2002 799 2035 fere
814 2001 980 2042 tollebas,
1005 2004 1045 2035 ut
1071 2000 1400 2046 praestantissimum
1425 1998 1642 2043 theologum,
1666 2008 1753 2031 eun-

274 2048 352 2082 dem
379 2059 468 2082 nunc
494 2048 578 2083 nihil
604 2048 694 2082 scire
716 2047 845 2093 arguis.
903 2047 1032 2092 Ecquis
1057 2054 1170 2081 autem
1198 2046 1280 2080 mihi
1305 2050 1526 2087 succenseat,
1559 2044 1619 2089 qui
1643 2043 1751 2085 iilum,

273 2093 556 2140 quemadmodum
577 2099 681 2136 tunc,
713 2094 763 2128 ita
789 2104 878 2127 nunc
909 2105 1046 2139 quoque
1069 2093 1171 2128 dictis
1199 2093 1366 2127 incessam
1393 2093 1438 2126 ob
1464 2092 1600 2125 easdem
1618 2101 1694 2132 res,
1715 2090 1754 2124 in

275 2140 400 2186 quibus
418 2151 480 2174 nos
502 2141 579 2185 ipse
605 2140 858 2186 oppugnabat?
882 2140 1038 2174 Graecas
1057 2140 1133 2175 dico
1153 2139 1306 2181 litteras,
1331 2145 1367 2173 et
1387 2138 1565 2184 profanam
1587 2137 1754 2172 eruditiu-

274 2197 370 2228 nem,
393 2186 497 2221 valde
513 2186 546 2220 in
563 2187 621 2221 iilo
645 2187 906 2221 claudicantem.
954 2186 1003 2221 Et
1022 2187 1081 2221 iile
1108 2186 1244 2232 quidem
1267 2186 1390 2227 vivus,
1414 2185 1542 2220 amicus
1565 2189 1646 2219 tuus
1666 2183 1753 2224 fuit3

275 2238 451 2274 mortuus,
477 2233 589 2266 evasit
604 2232 779 2267 inimicus=
804 2233 863 2267 ille
881 2237 954 2268 tum
974 2235 1129 2279 perfecte
1147 2234 1269 2274 bonus,
1293 2243 1383 2267 nunc
1401 2231 1545 2266 omnium
1565 2231 1751 2277 pessimus:

276 2279 380 2321 mihi,
406 2284 445 2313 ut
469 2279 548 2313 olim
572 2279 639 2313 fuit
664 2280 842 2320 inimicus,
865 2279 915 2314 ita
941 2292 1004 2315 nec
1030 2279 1132 2314 hodie
1154 2279 1281 2314 amicus
1300 2283 1366 2313 est.
1413 2277 1474 2312 Sic
1496 2283 1535 2312 tu
1559 2288 1637 2311 eum
1664 2288 1754 2311 nunc

276 2325 479 2360 insectando
503 2326 645 2360 amicum
673 2326 875 2360 insectaris:
909 2338 974 2371 ego
1009 2339 1113 2367 vero,
1147 2327 1190 2361 ab
1218 2325 1367 2360 amicitia
1394 2336 1468 2359 mea
1497 2325 1643 2359 alienum
1670 2334 1756 2357 eun—

276 2372 354 2408 dem
371 2373 514 2414 habens,
538 2371 633 2406 iilum
653 2372 712 2417 qui
729 2383 900 2417 nunquam
919 2373 1045 2408 amicus
1063 2373 1131 2408 fuit
1146 2373 1290 2407 alienum
1310 2373 1411 2406 duco.
1459 2370 1532 2412 Qui
1550 2370 1657 2415 igitur
1676 2381 1756 2404 sen-

277 2418 422 2454 tentiam
441 2424 478 2453 et
496 2419 688 2453 institutam
707 2419 834 2463 agendi
853 2419 1019 2454 rationem
1036 2420 1072 2454 in
1096 2420 1186 2454 omni
1204 2431 1242 2453 re
1263 2418 1366 2452 fixam
1384 2422 1421 2452 et
1438 2417 1607 2452 immotam
1625 2421 1755 2460 servat,

279 2477 358 2500 eum
384 2465 487 2500 credo
514 2465 659 2510 quilibet
686 2464 895 2500 iudicaverit
915 2471 1011 2501 recte
1035 2466 1183 2506 sentire,
1207 2471 1333 2511 atque,
1359 2470 1399 2499 ut
1419 2465 1569 2499 caeteris
1586 2463 1753 2503 omnibus,

281 2511 334 2546 ita
348 2511 413 2553 iis,
437 2511 560 2557 quibus
577 2511 762 2546 innutritus
781 2511 849 2553 sit,
878 2512 960 2547 fidei
976 2513 1146 2558 dogmatis
1163 2512 1252 2546 bene
1277 2510 1448 2546 insistere.
1496 2511 1567 2545 Iam
1585 2510 1667 2556 quid
1689 2515 1756 2551 est,

281 2558 376 2604 quod
396 2558 489 2592 illius
510 2569 668 2599 causam,
702 2569 740 2592 re
766 2559 857 2592 omni
885 2558 1062 2601 iudicata,
1096 2558 1273 2593 contendis
1300 2569 1565 2603 recognoscere,
1589 2568 1663 2591 cum
1692 2567 1755 2590 nos

281 2604 455 2640 Palamam
475 2604 617 2640 aliarum
633 2604 915 2650 blasphemiarum
932 2606 1183 2647 convincamus,
1208 2616 1392 2651 earumque
1409 2604 1649 2649 plurimarum,
1668 2614 1755 2649 quas

307 2651 438 2688 uotidie
459 2663 502 2686 ex
521 2664 562 2686 eo
580 2651 694 2697 pergit
713 2650 892 2685 scribendo
914 2663 1082 2697 aggerare
1102 2657 1139 2686 et
1158 2651 1338 2686 ambitiose
1362 2651 1522 2685 iactare?
1561 2651 1636 2685 Nos
1659 2654 1757 2684 certe

280 2697 293 2731 i
309 2697 375 2732 ium
395 2697 455 2743 qui
473 2702 626 2732 mortuus
649 2702 703 2732 est
722 2697 812 2731 haud
836 2709 1038 2742 possumus,
1063 2709 1151 2744 quae
1169 2704 1253 2732 tuuc
1269 2697 1417 2739 dixerit,
1441 2708 1576 2743 quaeve
1594 2708 1683 2731 nunc
1703 2695 1758 2729 di-

282 2749 360 2785 cat,
387 2743 614 2790 interrogare.
663 2743 768 2785 Quod
788 2744 818 2777 si
835 2744 871 2778 id
893 2756 956 2778 vos
974 2745 1204 2780 necessarium
1222 2744 1369 2787 ducitis,
1392 2748 1447 2779 est
1473 2748 1573 2778 vetus
1600 2741 1757 2788 sophista

281 2789 464 2833 Graecus,
487 2791 546 2837 qui
566 2795 777 2825 mortuorum
798 2789 900 2835 fingit
925 2791 1108 2837 colloquia.
1153 2790 1189 2824 Is
1216 2790 1376 2836 quidem,
1400 2790 1430 2824 si
1452 2790 1579 2830 vultis,
1604 2800 1694 2835 quae
1711 2788 1755 2822 ab

284 2833 343 2870 iiio
369 2836 530 2872 dicuntur
549 2836 688 2872 dictave
713 2841 812 2879 aunt,
836 2838 966 2874 referet
985 2838 1085 2874 vobis
1111 2836 1357 2885 pmcherrimea
1380 2848 1444 2873 nos
1459 2836 1496 2872 id
1513 2837 1633 2872 facere
1648 2833 1757 2870 omui·
