1794 3172
274 142 594 190 HISTORIAE
619 139 993 188 ΒῩΖΑΝΤῙΝΑΕ
1019 138 1138 187 XXI.
1166 142 1207 189 5.
1361 133 1494 183 1027

5 255 122 318 (H.)
154 252 371 306 Τοιούτοις
388 251 502 311 οἶμαι
521 254 590 298 καὶ
612 251 635 298 ὅ
652 251 780 311 με’γας
799 253 842 297 ἓν
859 251 1057 313 θεολογίᾳ
1075 253 1117 294 Γ
1113 246 1302 309 ρηγόριος
1320 247 1496 310 ἀνδράσι
1518 256 1556 291 A.
1567 257 1604 290 c.
1624 255 1713 293 1351

20 325 263 384 περιτυχὼν,
285 326 328 369 ἐν
345 328 397 383 τῇ
417 328 500 368 τῶν
519 319 874 379 πνευματομάχων
891 324 1178 380 περιπεσοῦσιν
1196 319 1360 379 αἱρέσει,
1387 304 1715 387 »το-ΙΨέζέἓῖἒὼ

21 400 173 440 σοῦτον
192 393 309 452 ὗμῶν
320 394 366 450 ,”
393 394 520 452 φησὶ,
560 392 831 451 ,,περιε’χομαι
857 393 925 435 καὶ
944 395 1144 435 τοσοῦτον
1162 387 1281 446 ὖμῶν
1299 392 1498 447 αῗδοῦμαι

21 465 98 522 τὴν
116 464 318 521 εῦκοσμον
338 461 495 520 ταύτην
514 462 668 518 στολὴν
691 464 760 506 καὶ
782 461 830 506 τὸ
843 464 996 519 χρῶμα
1016 465 1092 517 τῆς
1110 460 1342 519 ἐγκρατείας
1357 462 1426 504 καὶ
1441 460 1535 505 van

0 535 115 593 Εἱερὰ
140 538 276 578 ταῦτα
302 530 550 589 συστήματα
578 533 647 575 καὶ
669 531 744 588 τὴν
775 531 926 587 σεμνὴν
952 531 1184 588 παρθενίαν
1202 531 1270 574 καὶ
1290 528 1499 588 κάθαρσιν

22 606 91 649 καὶ
116 604 193 660 τὴν
219 601 427 658 πάννυχον
460 602 714 661 ’ψαλμῳδίαν
741 602 809 644 καὶ
836 600 886 645 τὸ
914 598 1176 659 φιλόπτωχον
1206 601 1275 643 καὶ
1303 598 1501 659 φιλάδελμ-

23 691 106 732 ᾳον
135 675 203 717 καὶ
234 670 471 732 φιλόξενον,
511 669 616 715 ὥστε
641 672 711 715 καὶ
746 668 940 726 ἀνάθεμα
969 668 1069 714 εἶναι
1098 668 1180 713 ἀπὸ
1213 672 1403 728 Χριστοῦ
1430 673 1501 714 καὶ

22 747 175 787 παθεῖν
193 760 234 787 τι
251 740 308 794 ὥς
325 739 570 799 κατάκριτος
589 741 782 797 δέχομαι·
817 739 947 797 μόνον
975 742 1011 784 εἷ
1041 740 1208 796 σταιήτε
1228 739 1335 795 μεθ’
1365 738 1498 796 ἡμῶν,

22 814 93 856 καὶ
119 816 232 871 κοινῇ
263 812 340 869 τὴν
367 809 519 870 τριάδα
544 809 806 866 δοξάσαιμεν.
853 811 944 868 περὶ
971 809 1050 867 γὰρ
1073 813 1157 853 τῶν
1185 808 1323 854 ἄλλων
1351 811 1396 853 τί
1415 809 1498 867 χρὴ

0 883 92 926 Daca}
122 882 271 939 λέγειν,
321 884 469 939 σαφῶς
500 878 790 937 τεθνηκότων,·
846 878 920 931 οῦς
949 882 1139 939 Χριστοῦ
1171 876 1302 934 μόνου
1333 879 1539 937 ἓγεῖραι,ῐο’

21 955 98 996 τοῦ
123 953 422 1005 ζωοποιοῦντος
438 950 537 1002 τοὺς
554 950 721 1009 νεκροὺς
740 949 847 994 κατὰ
863 949 939 1006 τὴν
955 946 1105 992 ἑαυτοῦ
1128 946 1303 1004 δύναμιν
1318 962 1330 974 ·
1365 949 1411 993 οἳ
1423 967 1501 993 κα-

22 1025 107 1072 κῶς
128 1026 186 1080 τῷ
212 1019 326 1081 τόπῳ
343 1021 588 1079 χωρίζονται
598 1053 613 1074 ,
650 1024 711 1080 τῷ
730 1017 838 1079 λόγῳ
857 1018 1161 1074 συνδεδεμένοι,
1197 1020 1266 1062 καὶ
1295 1023 1500 1063 τοσοῦτον

22 1091 129 1148 πρὸς
158 1088 361 1147 ἀλλήλους
381 1091 703 1147 ζυγομαχοῦσιν,
743 1087 842 1133 ὅσον
858 1088 1075 1147 ὀφθαλμοὶ
1097 1085 1344 1148 διάστροφοι
1377 1087 1424 1132 τὸ
1452 1085 1499 1132 (ἓν

22 1160 265 1216 βλέποντες,
297 1161 366 1204 καὶ
388 1159 436 1203 οὗ
456 1164 509 1218 τῇ
528 1159 621 1215 ὄψει
631 1192 645 1212 ,
681 1163 734 1218 τῇ
755 1158 871 1203 θέσει
899 1159 946 1203 δὲ
967 1155 1253 1212 στασιάζοντες
1266 1172 1276 1183 ·
1313 1158 1356 1202 εἷ’
1367 1175 1410 1215 γε
1430 1159 1500 1202 καὶ

0 1228 283 1288 Ξδιαστροφὴν
303 1228 445 1280 αὗτοΐς
467 1229 702 1287 ἔγκλητὲον,
733 1228 836 1273 ἀλλὰ
856 1228 916 1285 μὴ
944 1226 1197 1286 τύφλωσιν.”
1266 1227 1362 1288 (Θ.)
1394 1227 1497 1285 Ἐγὼ
1519 1238 1562 1275 P.
1580 1236 1649 1275 646

25 1300 71 1343 δὲ
88 1301 155 1342 καὶ
179 1302 313 1343 ταῦτα
331 1302 468 1350 καλῶς
493 1316 536 1343 τε
561 1300 629 1342 καὶ
650 1297 814 1356 εὐφυῶς
839 1298 942 1357 πρὸς
959 1298 1036 1355 τὴν
1057 1302 1275 1356 παροῦσαν
1303 1296 1500 1356 εὖρίσκων

22 1366 225 1412 ὖπόθεσιν
258 1365 518 1426 ἇρμοζόμενα
553 1370 620 1412 καὶ
646 1368 768 1412 πλέον
799 1367 878 1424 ἴχω
902 1386 942 1412 τι
963 1368 1087 1425 λέγειν
1113 1365 1251 1419 αῦτός.
1295 1366 1499 1426 ἀνῄρηται

23 1437 104 1496 γὰρ
133 1435 272 1495 ἀγάπη
307 1442 423 1482 πᾶσα
454 1439 524 1482 καὶ
554 1439 807 1496 παραμυθία
834 1439 902 1481 καὶ
934 1435 1054 1494 λόγος
1084 1438 1214 1495 φίλων
1246 1436 1496 1495 παρήγορος.

27 1508 214 1562 οὐδαμοῦ
254 1505 488 1565 σπλάγχνον
520 1506 767 1565 ἀδελφικὸν,
814 1507 1003 1562 οὐδαμοῦ
1044 1504 1223 1565 δάκρυον
1264 1506 1498 1562 συμπαθές.

0 1575 128 1620 ὓὸθεν
148 1578 216 1620 καὶ
240 1575 507 1633 ἀνεμνήσθην
531 1577 691 1620 ἐκείνων
719 1580 795 1620 τοῦ
824 1579 1122 1632 Σολομῶντος·
1157 1575 1375 1632 ἀπέβλεψα
1400 1575 1496 1634 γὰρ,

25 1643 176 1696 ἐκεῖνός
204 1661 332 1704 φησι,
369 1647 436 1689 καὶ
464 1643 572 1689 εἶδον
595 1643 675 1689 ὖπό
709 1645 782 1689 τὸν
811 1644 951 1702 ἥλιον,
990 1643 1054 1689 ὅτι
1083 1644 1131 1689 οῦ
1157 1652 1244 1697 τοῖς
1273 1643 1443 1704 κούφοις
1475 1642 1498 1688 ὅ

25 1713 204 1774 δρόμος,
242 1714 338 1758 οὐδὲ
364 1721 451 1766 τοῖς
481 1717 673 1765 δυνατοῖς
701 1712 724 1758 ὅ
751 1711 951 1771 πόλεμος·
986 1714 1060 1759 καί
1085 1731 1130 1772 γε
1160 1714 1208 1759 οὗ
1238 1721 1327 1766 τοῖς
1349 1720 1534 1774 σοφοΐςΒ

121 1805 178 1838 10.
201 1801 320 1883 μόνέἔ
344 1801 424 1838 edd.
523 1803 583 1839 20.
605 1800 812 1849 ἐπέστρεψα
837 1801 917 1837 edd.
1034 1802 1093 1840 22.
1114 1801 1179 1840 καὶ
1199 1801 1246 1841 οὗ
1267 1801 1347 1840 edd.
1445 1801 1499 1851 τῷ

115 1860 223 1897 σοφῳ
245 1861 264 1884 e
314 1875 324 1884 .

26 1917 109 1954 tatis
134 1930 302 1965 praeceps
320 1929 410 1953 nunc
435 1917 633 1954 corruisset.
691 1917 831 1964 (VIII.)
862 1917 970 1954 Tales
997 1917 1100 1955 credo
1118 1930 1261 1965 magnus
1278 1918 1337 1955 ille
1361 1919 1497 1955 theolo-

27 1976 95 2011 gus
113 1965 307 2010 Gregorius
323 1964 474 2000 homines
494 1970 634 2010 nactus,
651 1964 688 2000 in
706 1966 1090 2001 Pneumatomachorum
1115 1966 1276 2002 haeresin
1300 1966 1495 2013 prolapsos,

26 2010 151 2054 „Adeo
169 2011 318 2057 (inquit)
335 2023 399 2046 vos
419 2012 607 2057 amplector
632 2016 737 2058 atque
752 2011 953 2055 exosculor,
977 2013 1064 2048 adeo
1090 2013 1286 2048 concinnam
1312 2014 1402 2048 hanc
1431 2025 1495 2048 ve·-

28 2062 136 2093 stram
154 2063 191 2092 et
209 2057 430 2104 compositam
452 2063 584 2094 vestem
603 2070 785 2101 revereor,
808 2062 845 2093 et
868 2063 1077 2094 contractum
1100 2071 1143 2094 ex
1165 2060 1376 2096 continentia
1401 2060 1494 2095 colo'-

26 2115 120 2147 rem,
144 2108 182 2138 et
208 2116 323 2139 sacros
347 2104 412 2139 hos
438 2109 580 2147 coetus,
611 2109 648 2139 et
668 2105 897 2140 venerandam
923 2106 1156 2152 virginitatem
1175 2102 1227 2142 ac‘
1243 2106 1493 2153 purgationem,

28 2154 67 2186 et
80 2154 218 2193 noctes,
242 2150 383 2197 quasin
401 2152 603 2196 psalmorum
625 2151 782 2187 cantione
806 2151 975 2188 insomnes
992 2153 1203 2199 transigitis,
1227 2158 1264 2189 et
1287 2165 1494 2201 propensum

27 2198 67 2233 in
89 2208 257 2243 pauperes
281 2201 318 2233 et
343 2198 471 2233 fratres
493 2203 530 2233 et
555 2197 709 2243 hospites
734 2198 883 2234 studium
910 2203 1015 2245 atque
1039 2211 1209 2242 amorem,
1245 2203 1285 2236 ut
1315 2201 1496 2235 anathema

29 2243 134 2278 etiam
157 2256 180 2279 a
203 2244 344 2279 Christo
371 2256 468 2287 esse,
492 2256 533 2279 ac
560 2244 736 2286 nonnihil,
758 2249 800 2279 ut
827 2244 1027 2289 damnatus,
1062 2246 1198 2292 perpeti
1229 2258 1296 2282 non
1321 2257 1495 2281 recusem:

28 2290 128 2325 modo
154 2290 329 2326 nobiscum
353 2290 603 2336 adiungamini,
634 2291 932 2338 communibusque
963 2293 1083 2327 animis
1104 2293 1309 2329 Trinitatem
1339 2293 1495 2328 celebre·-

28 2347 116 2371 mus.
163 2336 254 2371 Nam
274 2337 358 2383 quid
377 2337 422 2372 de
442 2338 519 2372 aliis
536 2338 667 2380 dicam,
690 2338 875 2384 perspicue
898 2340 1057 2381 mortuis,
1083 2340 1188 2385 (quos
1206 2340 1252 2375 ad
1267 2340 1372 2376 vitam
1388 2349 1492 2374 revo-

28 2394 110 2418 care
127 2382 261 2418 Christi
276 2383 380 2418 solius
399 2389 475 2427 est,
498 2384 557 2430 qui
575 2395 638 2419 sua
663 2384 817 2430 potentia
845 2390 994 2420 mortuos
1018 2386 1199 2431 vivificat)
1222 2386 1281 2433 qui
1308 2387 1382 2421 loco
1405 2383 1494 2419 male

28 2434 136 2474 atque
152 2429 306 2476 improbe
324 2430 579 2474 distrahuntur,
603 2442 678 2465 cum
693 2430 870 2466 doctrinae
884 2431 1018 2468 vinculo
1035 2432 1213 2468 constricti
1229 2433 1317 2475 sint,
1342 2434 1493 2465 tantum-

29 2486 98 2520 que
125 2475 218 2510 inter
247 2487 286 2510 se
318 2477 547 2521 contendunt,
571 2482 732 2524 quantum
761 2477 899 2512 distorti
925 2478 1033 2522 oculi,
1065 2491 1164 2514 unam
1191 2479 1399 2522 eandemque
1421 2486 1496 2511 rem

31 2525 232 2564 cernentes,
255 2534 298 2557 ac
313 2534 382 2558 non
402 2525 544 2567 obtutu,
569 2524 631 2559 sed
651 2525 719 2559 situ
738 2524 902 2559 duntaxat
916 2524 1007 2560 inter
1022 2538 1060 2561 se
1080 2526 1307 2561 dissidentes:
1331 2523 1360 2558 si
1379 2527 1495 2557 tamen

28 2567 99 2602 illis
116 2567 276 2603 distortio
294 2573 331 2604 et
346 2571 573 2616 perversitas,
594 2582 661 2605 non
680 2574 794 2605 autem
811 2570 960 2606 caecitas
977 2571 1168 2607 obiicienda
1187 2571 1272 2608 est.'’
1303 2568 1404 2614 (lx.)
1414 2568 1496 2613 Ego

28 2625 113 2649 vero
125 2639 136 2657 ,
161 2613 230 2649 etsi
256 2615 343 2650 haec
369 2616 414 2651 ad
434 2628 598 2663 praesens
617 2617 811 2652 institutum
836 2617 977 2672 pulchre
1007 2623 1043 2654 et
1063 2623 1146 2664 apte
1165 2616 1418 2653 accommodata
1438 2625 1495 2649 re-

28 2660 150 2706 perio,
172 2664 286 2695 tamen
300 2660 377 2706 ipse
395 2662 472 2708 plus
490 2663 580 2699 dico.
626 2663 773 2699 Sublata
797 2663 932 2699 scilicet
950 2665 1059 2700 omnis
1078 2664 1206 2701 caritas
1229 2669 1266 2698 et
1292 2660 1496 2704 consolatio,

26 2710 67 2740 et
88 2706 272 2742 amicorum
296 2707 423 2743 blanda
437 2709 610 2745 allocutio.
655 2710 834 2754 Nusquam
852 2710 1006 2746 fraterna
1019 2711 1174 2746 viscera:
1197 2719 1358 2754 nusquam
1387 2706 1493 2742 lacri-

29 2764 105 2787 mae
133 2752 363 2788 condolentes.
412 2756 511 2791 Unde
526 2762 564 2791 et
586 2757 646 2791 illa
667 2755 856 2790 Salomonis
879 2757 1080 2793 recordatus
1105 2768 1197 2792 sum:
1227 2753 1380 2801 Respexi
1404 2752 1494 2788 enim

29 2798 161 2844 (inquit
175 2799 252 2844 ille)
275 2803 313 2834 et
335 2800 409 2837 vidi
423 2803 487 2838 sub
506 2803 599 2845 sole,
622 2802 779 2848 quoniam
806 2813 872 2838 non
893 2807 949 2839 est
971 2804 1148 2839 velocibus
1176 2812 1317 2843 cursus,
1339 2811 1405 2835 nec
1427 2811 1494 2856 po-

28 2845 182 2882 tentibus
208 2845 395 2894 praelium,
416 2859 482 2886 nec
509 2849 646 2898 quidem
666 2848 878 2897 sapientibus
904 2850 1108 2897 prudentia,
1131 2861 1196 2885 nec
1212 2846 1349 2895 quidem
1372 2845 1493 2884 amicis
