1794 3172
264 146 365 196 886
385 224 393 228 ,
667 153 985 199 NICEPHORI
1014 153 1340 202 GREGORAE

40 273 77 307 A.
97 272 142 306 M.
159 273 251 311 6859
263 264 351 312 οἷον
371 264 651 324 σπερματικὰς
670 266 738 308 καὶ
759 261 987 322 διαφόρους
1006 265 1129 310 εἷπεῖν
1144 280 1154 291 ·
1192 265 1303 312 οὕτω
1322 268 1391 311 καὶ
1408 272 1495 318 τοῒς
1505 271 1581 323 τῆς
1599 267 1744 324 ἐκκλη-

92 321 161 354 1¹¹⁶·
176 320 201 357 4
262 338 355 387 σίας
396 333 540 379 κανόσι
577 336 646 377 καὶ
687 341 774 385 τοῖς
818 338 1042 385 πολιτικοῖς
1085 333 1230 390 νόμοις
1269 337 1606 391 καθολικωτέραν
1642 337 1744 393 ἔχειν

261 404 416 463 ἀνάγκη
435 405 512 461 τὴν
531 405 700 461 χρείαν,
729 405 797 447 καὶ
820 403 958 461 ἄρχειν
978 408 1062 448 τῶν
1083 404 1296 462 ἀρχόντων
1308 440 1322 461 ,
1355 409 1422 450 καὶ
1441 405 1636 464 ἡγεῖσθαι
1659 411 1743 450 τῶν

259 473 484 534 ἡγεμόνων.
534 475 580 517 σὲ
612 475 657 517 δὲ
679 473 921 517 τούναντίον
956 475 1061 534 δρᾷν
1095 475 1295 519 ἐθέλοντα
1332 477 1497 530 βλέπων
1532 477 1647 519 δέδια
1684 476 1744 533 μὴ

262 540 552 597 ἐναντιούμενά
570 560 635 586 σοι
656 544 708 586 τὰ
729 542 917 602 δρώμενα
937 544 1116 600 γένηται,
1148 547 1216 587 καὶ
1239 550 1314 589 τοῦ
1338 549 1494 589 σκοποῦ
1516 543 1733 588 παντάπα-
1746 554 1769 589 5

223 622 329 660 Βσιν
351 614 571 657 ἀντίπαλα.
611 614 694 656 ἐπεὶ
715 615 781 656 καὶ
802 611 1021 668 οἰκοδόμος
1041 616 1107 656 καὶ
1127 614 1302 669 τίκτων,
1331 614 1382 658 ἂν
1403 615 1462 671 μὴ
1486 614 1652 673 καθέτῳ
1677 616 1746 658 καὶ

260 682 435 742 στάθμῃ
458 684 524 726 καὶ
542 689 630 732 τοῖς
651 681 854 733 τοιούτοις
867 687 1050 740 χρῶντες
1073 682 1267 739 κανόσιν,
1307 684 1381 728 οὐκ
1408 687 1464 735 εἷς
1485 684 1650 742 μακρὰν
1669 684 1745 740 τὴν

261 755 507 809 καθαίρεσιν
541 754 623 796 ἴδοι
652 751 703 796 ἂν
729 757 810 797 τῶν
840 746 1101 810 δρωμένων)
1125 758 1200 796 τοῦ
1231 758 1306 810 τῆς
1334 752 1536 811 ἁρμονίας
1567 752 1746 811 κράτους

264 825 430 880 οὐδαμῆ
452 822 528 877 τὴν
551 823 762 866 ἐπίστασιν
790 827 874 866 τῶν
895 822 1021 880 ἔργων
1044 821 1281 874 ἷθύναντος.
1330 825 1414 867 ἐπεὶ
1439 825 1577 867 τοίνυν
1598 825 1666 866 καὶ
1694 823 1746 866 σὺ

261 902 350 945 τοῖς
369 897 445 948 τῆς
464 893 679 949 ἐκκλησίας
700 889 867 935 κανόσιν
886 892 962 948 οὐχ
981 893 1079 950 ἕπῃ,
1118 893 1209 936 ἴσθι
1239 891 1636 949 καταλυθησόμενος
1663 891 1745 936 ὑπὸ
1759 904 1794 938 1(

262 969 339 1021 τῆς
356 963 592 1018 ἐκκλησίας,
615 961 641 1018 ἢ
662 967 821 1017 μᾶλλον
843 960 922 1005 ὑπὸ
944 967 1018 1005 τοῦ
1042 967 1116 1018 τῆς
1137 965 1352 1019 ἐκκλησίας
1372 961 1601 1020 ἥγουμένου
1623 967 1744 1017 θεοῦ,

265 1036 332 1078 καὶ
353 1035 386 1077 εἲ
406 1033 463 1088 μὴ
488 1033 635 1075 αὐτίκα
655 1031 794 1087 μάλα,
834 1031 933 1074 ἀλλ’
961 1027 1034 1075 οὗν
1055 1031 1147 1075 οὐδ’
1173 1035 1229 1083 εἷς
1247 1031 1362 1088 μάλα
1382 1031 1561 1090 μακράν.
1605 1031 1747 1075 Οἶσθα

225 1104 348 1163 Εγὰρ
370 1101 426 1153 ὥς
442 1102 492 1145 σὺ
511 1106 675 1158 πρῶτος
696 1101 859 1145 ἄνωθεν
879 1099 1116 1158 προστάτης
1135 1101 1351 1158 γενόμενος
1370 1107 1444 1159 τῆς
1464 1107 1538 1146 τοῦ
1557 1105 1748 1156 Παλαμᾶ

267 1173 508 1228 δυσσεβείας
537 1170 641 1226 ὄμοῦ
673 1176 723 1229 τῇ
749 1172 874 1228 μητρὶ
908 1175 983 1214 τοῦ
1014 1171 1218 1215 τοσούτου
1247 1170 1440 1230 θορύβου
1470 1176 1521 1230 τῇ
1551 1173 1746 1231 ’ἐκκλησία

268 1244 468 1297 κατέστης
490 1242 632 1292 αἴτιος.
679 1241 740 1284 διὸ
763 1242 829 1283 καὶ
849 1241 1100 1296 μηνίσαντος
1123 1246 1198 1285 τοῦ
1222 1246 1326 1285 θεοῦ
1336 1275 1350 1296 ,
1389 1246 1465 1298 τῆς
1485 1242 1748 1296 εὐδαιμονίας
1762 1255 1794 1290 15

268 1315 335 1358 καὶ
357 1311 481 1367 δόξης
501 1313 650 1366 ἐκείνης
667 1311 820 1367 γυμνὸς
840 1312 1117 1369 κατελείφθης
1137 1313 1365 1369 αἰφνίδιον,
1404 1313 1471 1354 καὶ
1495 1305 1662 1368 γέγονας
1681 1310 1749 1354 εὖ·

267 1383 352 1434 θῦς
369 1379 585 1439 ὑπερόριος
603 1382 806 1436 πατρίδος
825 1378 911 1434 ἅμα
934 1382 1001 1423 καὶ
1023 1380 1176 1437 γένους.
1215 1383 1282 1423 καὶ
1301 1379 1326 1437 ἦ
1351 1381 1424 1435 μὲν
1446 1381 1499 1436 σὴ
1521 1379 1659 1438 μήτηρ
1682 1381 1750 1422 αἲ-

267 1454 440 1508 σχίστην
462 1450 566 1495 ἔτισε
590 1455 665 1493 τοῦ
683 1452 777 1505 βίου
802 1450 1020 1506 τελευτὴν,
1059 1454 1164 1509 λιμῷ
1198 1452 1266 1493 καὶ
1295 1448 1420 1505 ψύχει
1458 1452 1750 1505 δἀπανηθεΐσα

265 1524 339 1566 καί
355 1537 432 1564 σου
453 1525 528 1564 τοῦ
549 1518 750 1578 φιλτάτου
781 1519 860 1574 τὴν
878 1519 1068 1576 στέρησιν
1092 1520 1237 1577 πικρὸν
1259 1517 1453 1577 ἐντάφιον
1482 1520 1722 1576 ἐνεγκαμένη
1737 1533 1748 1543 ·

226 1591 320 1635 Fa&
344 1592 387 1634 δὲ
410 1590 589 1640 πολλοὺς
615 1591 682 1632 καὶ
703 1590 911 1639 ποικίλους
936 1587 1224 1647 ἀναμετρήσας
1248 1591 1342 1644 βίου
1368 1587 1548 1640 πλάνους
1575 1587 1682 1632 κατά
1705 1606 1749 1632 τε
1761 1603 1794 1639 2<

269 1658 441 1721 Θρᾴκην
461 1661 528 1703 καὶ
548 1659 818 1703 Μακεδονίαν
845 1661 913 1701 καὶ
946 1659 1232 1716 Τριβαλλοὺς,
1271 1662 1493 1716 Περσικοῖς
1513 1659 1652 1702 ἔπειτα
1681 1660 1750 1701 καὶ

266 1737 537 1788 σατραπικοῖς
553 1727 626 1772 ὑπ’
652 1727 832 1785 ἀνάγκης
854 1728 973 1772 ἔθεσί
991 1746 1034 1771 τε
1062 1730 1129 1771 καὶ
1154 1727 1329 1785 δόγμασι
1348 1726 1664 1785 κεκοινώνηκας,
1695 1726 1752 1778 ὥς

266 1802 334 1844 καὶ
363 1803 564 1844 τοσοῦτον
587 1800 678 1856 περὶ
703 1798 750 1841 τὸ
790 1798 904 1854 γένος
949 1796 1169 1855 ἀγνώμονα
1210 1802 1466 1854 καταστῆναι
1501 1800 1570 1842 καὶ
1612 1798 1750 1841 οἴκτου

361 1921 397 1957 7.
420 1920 539 1969 χρῷτο
562 1920 652 1955 coni.
673 1919 796 1962 Boiv.,
821 1922 880 1955 aut
899 1919 1062 1966 χρῶνται
1081 1922 1118 1954 et
1137 1918 1230 1956 infra
1248 1919 1378 1956 ἴδοιεν.

268 2023 394 2066 nibus3
416 2022 468 2058 ita
489 2023 592 2059 etiam
612 2036 754 2059 necesse
773 2026 827 2059 est
849 2023 1159 2059 ecclesiasticarum
1176 2023 1373 2069 regularum
1398 2025 1435 2058 et
1459 2021 1574 2068 legum
1601 2021 1752 2057 civilium

270 2082 371 2105 usum
386 2070 429 2104 ad
448 2071 631 2105 universos
654 2071 849 2117 pertinere,
875 2074 913 2104 ut
934 2075 971 2104 et
989 2070 1256 2116 imperatoribus
1271 2071 1462 2115 imperent,
1488 2074 1524 2103 et
1543 2069 1752 2115 praepositis

271 2116 439 2163 praesint.
486 2118 546 2152 Tu
565 2130 668 2160 vero,
693 2117 774 2163 quia
801 2117 1008 2151 contrarium
1036 2117 1165 2151 videris
1192 2117 1282 2152 velle
1306 2118 1445 2159 facere,
1483 2127 1608 2150 vereor
1630 2128 1674 2150 ne
1699 2127 1751 2158 ea,

299 2175 363 2198 uae
385 2164 502 2198 sutura
531 2168 628 2206 sunt,
668 2162 844 2198 contraria
876 2163 942 2197 tibi
970 2163 1130 2198 accidant
1159 2169 1195 2199 et
1221 2175 1326 2209 scopo
1356 2169 1417 2198 tuo
1449 2162 1549 2208 plane
1577 2161 1751 2207 opposita.

272 2175 414 2255 Quippe
432 2209 642 2245 architectus
661 2216 698 2245 et
713 2210 831 2252 faber,
855 2210 921 2244 nisi
944 2211 1187 2256 perpendiculo
1207 2214 1244 2244 et
1260 2211 1386 2245 amussi
1411 2209 1557 2255 aliisque
1582 2209 1753 2243 similibus

270 2257 403 2302 regulis
422 2260 578 2299 utantur,
597 2269 700 2292 ruere
719 2268 772 2299 ea,
792 2267 880 2302 quae
894 2257 1053 2299 fecerint,
1071 2257 1240 2292 videbunt
1254 2269 1321 2291 non
1338 2257 1439 2302 longo
1457 2259 1549 2302 post,
1567 2260 1754 2301 propterea

273 2303 368 2348 quod
397 2314 538 2349 operum
567 2307 742 2338 structura
769 2303 813 2337 ad
841 2303 973 2338 solidae
998 2303 1305 2349 coagmentationis
1334 2304 1430 2349 leges
1456 2313 1523 2336 non
1549 2308 1672 2336 exacta
1695 2301 1754 2337 sit.

271 2349 443 2391 Quoniam
469 2350 580 2394 igitur
601 2350 678 2395 ipse
705 2361 843 2396 quoque
864 2349 1118 2384 ecclesiasticas
1137 2351 1277 2395 regulas
1305 2361 1372 2384 non
1400 2347 1578 2394 sequeris,
1603 2348 1694 2382 scias
1717 2353 1755 2382 te

271 2397 316 2430 ab
345 2395 512 2438 ecclesia,
538 2396 595 2430 vel
624 2397 740 2442 potius
771 2408 792 2430 a
816 2396 911 2439 Deo,
945 2397 1004 2442 qui
1025 2397 1194 2431 ecclesiae
1221 2399 1380 2442 praeest,
1413 2396 1611 2429 subversum
1633 2394 1699 2437 iri,
1723 2393 1754 2428 si

271 2454 340 2477 non
370 2441 507 2484 statim,
531 2446 568 2477 at
593 2454 655 2477 nec
679 2446 758 2489 post
786 2442 999 2487 longissimas
1021 2455 1143 2478 moras.
1191 2443 1328 2478 Etenim
1352 2443 1412 2487 (ut
1437 2441 1523 2486 scis)
1548 2441 1678 2487 primus
1701 2444 1752 2485 tu,

270 2493 334 2524 tua
352 2500 428 2524 cum
446 2492 575 2532 matre,
599 2489 761 2524 Palamae
782 2490 952 2535 impietati
972 2490 1219 2536 patrocinatus,
1245 2490 1347 2524 huius
1363 2493 1496 2532 tantae,
1522 2499 1589 2533 qua
1606 2487 1754 2522 ecclesia

271 2536 449 2581 agitatur,
473 2536 743 2582 perturbationis
759 2547 862 2571 causa
882 2537 1059 2572 exstitisti.
1094 2538 1216 2582 Itaque
1234 2536 1308 2571 Deo
1325 2536 1435 2577 irato,
1458 2533 1608 2569 fortunis
1632 2537 1668 2568 et
1692 2534 1756 2567 ho-

272 2582 413 2617 noribus
433 2582 502 2617 illis
521 2582 590 2617 tuis
611 2582 764 2624 amissis,
798 2583 909 2617 nudus
935 2589 1081 2630 repente
1104 2583 1248 2618 relictus
1278 2595 1338 2625 es3
1369 2581 1556 2627 statimque
1580 2579 1694 2626 patria
1718 2583 1756 2614 et

273 2629 480 2674 cognatione
502 2629 621 2675 procul
639 2629 819 2664 exsulasti.
866 2632 1041 2675 Acdmater
1059 2630 1219 2677 quidem,
1244 2630 1333 2664 fame
1353 2635 1388 2664 et
1405 2628 1539 2674 frigore
1560 2628 1754 2671 absumpta,

274 2680 312 2710 et
338 2681 433 2710 tuam
453 2675 619 2711 carissimi
645 2675 709 2710 filii
735 2676 924 2711 absentiam
944 2689 1048 2723 passa
1060 2702 1071 2720 ,
1107 2688 1197 2723 quae
1213 2675 1371 2711 morienti
1391 2674 1582 2720 peracerba
1600 2685 1676 2707 esse
1694 2673 1755 2707 de-

273 2722 368 2764 buit,
394 2721 589 2757 foedissimo
616 2722 711 2769 vitae
728 2723 823 2757 exitu
845 2734 973 2768 poenas
993 2724 1101 2758 dedit.
1150 2723 1208 2757 Tu
1229 2734 1312 2757 vero
1338 2722 1460 2756 multos
1480 2724 1517 2754 et
1538 2719 1652 2754 varios
1678 2719 1756 2753 via-

274 2779 349 2802 rum
369 2780 504 2804 errores
522 2780 585 2815 per
605 2768 812 2811 Thraciam,
837 2781 899 2815 per
921 2770 1174 2811 Macedoniam,
1197 2780 1262 2815 per
1279 2767 1456 2803 Tribunos
1473 2777 1641 2809 emensus,
1665 2765 1756 2799 Per-

275 2825 389 2849 sarum
407 2815 530 2851 deinde
551 2820 837 2862 satraparumque
859 2817 1020 2852 instituta
1039 2822 1075 2852 et
1093 2817 1257 2862 dogmata
1281 2818 1421 2849 coactus
1449 2812 1681 2860 participare,
1703 2811 1755 2844 sic

275 2860 407 2897 demum
424 2862 561 2908 generis
577 2862 630 2898 tui
650 2862 777 2903 oblitus
796 2873 857 2907 es,
880 2862 931 2899 sic
948 2867 1005 2907 te,
1028 2875 1106 2900 cum
1125 2874 1219 2899 esses
1237 2873 1260 2898 a
1281 2861 1356 2897 Deo
1373 2859 1582 2902 derelictus,
1604 2857 1649 2894 ab
1664 2856 1755 2892 omni
