<?xml version="1.0" encoding="UTF-8"?>
<!DOCTYPE html PUBLIC "-//W3C//DTD XHTML 1.0 Transitional//EN"
    "http://www.w3.org/TR/xhtml1/DTD/xhtml1-transitional.dtd">
<html xmlns="http://www.w3.org/1999/xhtml" xml:lang="en" lang="en">
 <head>
  <title>
</title>
<meta http-equiv="Content-Type" content="text/html;charset=utf-8" />
  <meta name='ocr-system' content='tesseract 3.04.00' />
  <meta name='ocr-capabilities' content='ocr_page ocr_carea ocr_par ocr_line ocrx_word'/>
</head>
<body>
  <div class='ocr_page' id='page_1' title='image "./corpusscriptorum39niebuoft_0659.png"; bbox 0 0 1754 3164; ppageno 0'>
   <div class='ocr_carea' id='block_1_1' title="bbox 516 130 1544 181">
    <p class='ocr_par' dir='ltr' id='par_1_1' title="bbox 516 130 1544 181">
     <span class='ocr_line' id='line_1_1' title="bbox 516 130 1544 181; baseline -0.002 -1"><span class='ocrx_word' id='word_1_1' title='bbox 516 135 997 181; x_wconf 77' lang='lat' dir='ltr'><strong>ANNOTATIONES.</strong></span> <span class='ocrx_word' id='word_1_2' title='bbox 1410 130 1544 179; x_wconf 86' lang='grc'><strong>1217</strong></span> 
     </span>
    </p>
   </div>
   <div class='ocr_carea' id='block_1_2' title="bbox 0 237 1582 1468">
    <p class='ocr_par' dir='ltr' id='par_1_2' title="bbox 0 237 1544 354">
     <span class='ocr_line' id='line_1_2' title="bbox 0 237 1544 301; baseline 0.003 -17"><span class='ocrx_word' id='word_1_3' title='bbox 0 257 159 295; x_wconf 66' lang='lat' dir='ltr'><strong>mog,</strong></span> <span class='ocrx_word' id='word_1_4' title='bbox 188 239 425 296; x_wconf 73' lang='grc' dir='ltr'><strong><em>ἀνενεχθεὶς</em></strong></span> <span class='ocrx_word' id='word_1_5' title='bbox 444 239 556 292; x_wconf 68' lang='grc' dir='ltr'><strong>παρὰ</strong></span> <span class='ocrx_word' id='word_1_6' title='bbox 575 243 651 283; x_wconf 83' lang='grc' dir='ltr'><strong>τοῦ</strong></span> <span class='ocrx_word' id='word_1_7' title='bbox 682 242 962 296; x_wconf 78' lang='grc' dir='ltr'><strong><em>Νικομηδείας</em></strong></span> <span class='ocrx_word' id='word_1_8' title='bbox 985 241 1058 285; x_wconf 73' lang='grc' dir='ltr'><strong>καὶ</strong></span> <span class='ocrx_word' id='word_1_9' title='bbox 1080 244 1159 285; x_wconf 71' lang='grc' dir='ltr'><strong>τοῦ</strong></span> <span class='ocrx_word' id='word_1_10' title='bbox 1176 237 1426 298; x_wconf 77' lang='grc' dir='ltr'><strong><em>Μιτυλήνης</em></strong></span> <span class='ocrx_word' id='word_1_11' title='bbox 1439 241 1544 301; x_wconf 75' lang='grc' dir='ltr'><strong>πρός</strong></span> 
     </span>
     <span class='ocr_line' id='line_1_3' title="bbox 0 295 1427 354; baseline 0 -12"><span class='ocrx_word' id='word_1_12' title='bbox 0 297 76 354; x_wconf 64' lang='grc' dir='ltr'><strong>νῆν</strong></span> <span class='ocrx_word' id='word_1_13' title='bbox 96 297 211 354; x_wconf 79' lang='grc' dir='ltr'><strong><em>ἴερᾶν</em></strong></span> <span class='ocrx_word' id='word_1_14' title='bbox 232 295 424 342; x_wconf 75' lang='grc' dir='ltr'><strong><em>σύνοδον.</em></strong></span> <span class='ocrx_word' id='word_1_15' title='bbox 461 299 568 339; x_wconf 86' lang='lat' dir='ltr'><strong>Vide</strong></span> <span class='ocrx_word' id='word_1_16' title='bbox 589 299 686 342; x_wconf 87' lang='lat' dir='ltr'><strong>Cod.</strong></span> <span class='ocrx_word' id='word_1_17' title='bbox 708 300 807 352; x_wconf 86' lang='lat' dir='ltr'><strong>Reg.</strong></span> <span class='ocrx_word' id='word_1_18' title='bbox 827 300 954 345; x_wconf 83' lang='lat'><strong>2964.</strong></span> <span class='ocrx_word' id='word_1_19' title='bbox 975 299 1047 342; x_wconf 79' lang='lat' dir='ltr'><strong>fol.</strong></span> <span class='ocrx_word' id='word_1_20' title='bbox 1068 303 1165 346; x_wconf 84' lang='lat'><strong>199.</strong></span> <span class='ocrx_word' id='word_1_21' title='bbox 1190 314 1235 342; x_wconf 77' lang='lat' dir='ltr'><strong>v·</strong></span> <span class='ocrx_word' id='word_1_22' title='bbox 1270 315 1427 342; x_wconf 72' lang='lat' dir='ltr'><strong>nowm.</strong></span> 
     </span>
    </p>

    <p class='ocr_par' dir='ltr' id='par_1_3' title="bbox 0 367 1582 822">
     <span class='ocr_line' id='line_1_4' title="bbox 115 367 1582 426; baseline 0.003 -18"><span class='ocrx_word' id='word_1_23' title='bbox 115 370 214 421; x_wconf 78' lang='lat' dir='ltr'><strong>Pag.</strong></span> <span class='ocrx_word' id='word_1_24' title='bbox 243 371 341 419; x_wconf 89' lang='grc'><strong>270,</strong></span> <span class='ocrx_word' id='word_1_25' title='bbox 371 369 412 411; x_wconf 82' lang='grc'><strong>4.</strong></span> <span class='ocrx_word' id='word_1_26' title='bbox 475 371 558 421; x_wconf 84' lang='grc' dir='ltr'><strong>Τῆς</strong></span> <span class='ocrx_word' id='word_1_27' title='bbox 581 367 855 421; x_wconf 76' lang='grc' dir='ltr'><strong><em>Περιβλὲπτου</em></strong></span> <span class='ocrx_word' id='word_1_28' title='bbox 881 368 1034 423; x_wconf 85' lang='grc' dir='ltr'><strong><em>μονῆς]</em></strong></span> <span class='ocrx_word' id='word_1_29' title='bbox 1063 369 1280 423; x_wconf 76' lang='lat' dir='ltr'><strong>latex-pres,</strong></span> <span class='ocrx_word' id='word_1_30' title='bbox 1302 369 1545 426; x_wconf 75' lang='lat' dir='ltr'><strong>Periblepti=</strong></span> <span class='ocrx_word' id='word_1_31' title='bbox 1579 381 1582 385; x_wconf 83' lang='lat'>&#39;</span> 
     </span>
     <span class='ocr_line' id='line_1_5' title="bbox 0 423 1546 479; baseline 0.002 -13"><span class='ocrx_word' id='word_1_32' title='bbox 0 425 315 476; x_wconf 77' lang='lat' dir='ltr'><strong>emendavimus,</strong></span> <span class='ocrx_word' id='word_1_33' title='bbox 344 423 609 479; x_wconf 73' lang='lat' dir='ltr'><strong>Peribleptoe,</strong></span> <span class='ocrx_word' id='word_1_34' title='bbox 640 426 836 479; x_wconf 85' lang='lat' dir='ltr'><strong>Deiparae</strong></span> <span class='ocrx_word' id='word_1_35' title='bbox 855 426 1032 478; x_wconf 82' lang='lat' dir='ltr'><strong>scilicet,</strong></span> <span class='ocrx_word' id='word_1_36' title='bbox 1061 428 1126 466; x_wconf 89' lang='lat' dir='ltr'><strong>cui</strong></span> <span class='ocrx_word' id='word_1_37' title='bbox 1147 428 1324 468; x_wconf 78' lang='lat' dir='ltr'><strong>dicatum</strong></span> <span class='ocrx_word' id='word_1_38' title='bbox 1342 437 1546 470; x_wconf 73' lang='lat' dir='ltr'><strong>monaste-</strong></span> 
     </span>
     <span class='ocr_line' id='line_1_6' title="bbox 0 482 1543 537; baseline 0.005 -16"><span class='ocrx_word' id='word_1_39' title='bbox 0 482 126 532; x_wconf 79' lang='lat' dir='ltr'><strong>rium,</strong></span> <span class='ocrx_word' id='word_1_40' title='bbox 173 482 226 522; x_wconf 85' lang='lat' dir='ltr'><strong>de</strong></span> <span class='ocrx_word' id='word_1_41' title='bbox 263 495 346 536; x_wconf 85' lang='lat' dir='ltr'><strong>quo</strong></span> <span class='ocrx_word' id='word_1_42' title='bbox 380 483 424 522; x_wconf 88' lang='lat' dir='ltr'><strong>in</strong></span> <span class='ocrx_word' id='word_1_43' title='bbox 450 482 755 537; x_wconf 78' lang='lat' dir='ltr'><strong>constantinop.</strong></span> <span class='ocrx_word' id='word_1_44' title='bbox 784 483 933 525; x_wconf 87' lang='lat' dir='ltr'><strong>Christ.</strong></span> <span class='ocrx_word' id='word_1_45' title='bbox 969 484 1038 524; x_wconf 91' lang='lat' dir='ltr'><strong>lib.</strong></span> <span class='ocrx_word' id='word_1_46' title='bbox 1069 485 1137 527; x_wconf 87' lang='lat' dir='ltr'><strong>lv.</strong></span> <span class='ocrx_word' id='word_1_47' title='bbox 1175 492 1274 526; x_wconf 72' lang='lat' dir='ltr'><strong>sect.</strong></span> <span class='ocrx_word' id='word_1_48' title='bbox 1307 485 1363 527; x_wconf 90' lang='lat'><strong>11.</strong></span> <span class='ocrx_word' id='word_1_49' title='bbox 1399 501 1440 527; x_wconf 89' lang='lat' dir='ltr'><strong>n.</strong></span> <span class='ocrx_word' id='word_1_50' title='bbox 1473 490 1543 531; x_wconf 82' lang='lat'><strong>36.</strong></span> 
     </span>
     <span class='ocr_line' id='line_1_7' title="bbox 0 553 1545 656; baseline 0.004 -20"><span class='ocrx_word' id='word_1_51' title='bbox 0 553 218 651; x_wconf 55' lang='lat' dir='ltr'><strong>numsseig.</strong></span> <span class='ocrx_word' id='word_1_52' title='bbox 247 599 354 647; x_wconf 89' lang='grc'><strong>270,</strong></span> <span class='ocrx_word' id='word_1_53' title='bbox 383 598 426 640; x_wconf 87' lang='lat'><strong>6.</strong></span> <span class='ocrx_word' id='word_1_54' title='bbox 479 591 670 651; x_wconf 74' lang='grc' dir='ltr'><strong><em>Ἰωάννης</em></strong></span> <span class='ocrx_word' id='word_1_55' title='bbox 702 595 729 640; x_wconf 76' lang='grc' dir='ltr'><em>ὅ</em></span> <span class='ocrx_word' id='word_1_56' title='bbox 759 595 939 652; x_wconf 73' lang='grc' dir='ltr'><strong><em>Γλυκΰς]</em></strong></span> <span class='ocrx_word' id='word_1_57' title='bbox 980 598 1184 640; x_wconf 84' lang='lat' dir='ltr'><strong>Phranzes</strong></span> <span class='ocrx_word' id='word_1_58' title='bbox 1216 599 1288 643; x_wconf 90' lang='lat' dir='ltr'><strong>lib.</strong></span> <span class='ocrx_word' id='word_1_59' title='bbox 1322 599 1355 643; x_wconf 85' lang='grc' dir='ltr'><strong>Ι.</strong></span> <span class='ocrx_word' id='word_1_60' title='bbox 1385 614 1475 656; x_wconf 84' lang='lat' dir='ltr'><strong>cap.</strong></span> <span class='ocrx_word' id='word_1_61' title='bbox 1502 605 1545 647; x_wconf 83' lang='grc'><strong>9.</strong></span> 
     </span>
     <span class='ocr_line' id='line_1_8' title="bbox 0 667 1545 770; baseline 0.004 -20"><span class='ocrx_word' id='word_1_62' title='bbox 0 667 215 765; x_wconf 48' lang='lat' dir='ltr'><strong>„walgit-g.</strong></span> <span class='ocrx_word' id='word_1_63' title='bbox 245 714 354 761; x_wconf 88' lang='grc'><strong>270,</strong></span> <span class='ocrx_word' id='word_1_64' title='bbox 383 714 423 754; x_wconf 90' lang='lat'><strong>6.</strong></span> <span class='ocrx_word' id='word_1_65' title='bbox 480 710 722 766; x_wconf 81' lang='grc' dir='ltr'><strong><em>Λογοθὲτης</em></strong></span> <span class='ocrx_word' id='word_1_66' title='bbox 764 708 825 754; x_wconf 72' lang='grc' dir='ltr'><strong>οἲν</strong></span> <span class='ocrx_word' id='word_1_67' title='bbox 855 716 1077 767; x_wconf 80' lang='grc' dir='ltr'><strong><em>τηνικαῦτα</em></strong></span> <span class='ocrx_word' id='word_1_68' title='bbox 1105 716 1180 757; x_wconf 83' lang='grc' dir='ltr'><strong>τοῦ</strong></span> <span class='ocrx_word' id='word_1_69' title='bbox 1210 710 1388 770; x_wconf 82' lang='grc' dir='ltr'><strong><em>δρόμου]</em></strong></span> <span class='ocrx_word' id='word_1_70' title='bbox 1439 715 1545 757; x_wconf 83' lang='lat' dir='ltr'><strong>Vide</strong></span> 
     </span>
     <span class='ocr_line' id='line_1_9' title="bbox 0 767 786 822; baseline 0.001 -12"><span class='ocrx_word' id='word_1_71' title='bbox 0 767 70 810; x_wconf 79' lang='lat' dir='ltr'><strong>lib.</strong></span> <span class='ocrx_word' id='word_1_72' title='bbox 92 768 158 808; x_wconf 91' lang='lat' dir='ltr'><strong>VI.</strong></span> <span class='ocrx_word' id='word_1_73' title='bbox 178 782 267 822; x_wconf 81' lang='lat' dir='ltr'><strong>cap.</strong></span> <span class='ocrx_word' id='word_1_74' title='bbox 287 769 393 811; x_wconf 84' lang='lat' dir='ltr'><strong>VIII.</strong></span> <span class='ocrx_word' id='word_1_75' title='bbox 412 774 512 808; x_wconf 78' lang='lat' dir='ltr'><strong>sect.</strong></span> <span class='ocrx_word' id='word_1_76' title='bbox 537 773 575 812; x_wconf 88' lang='lat'><strong>1.</strong></span> <span class='ocrx_word' id='word_1_77' title='bbox 630 783 786 811; x_wconf 70' lang='lat' dir='ltr'><strong>nomm.</strong></span> 
     </span>
    </p>

    <p class='ocr_par' dir='ltr' id='par_1_4' title="bbox 0 835 1547 1468">
     <span class='ocr_line' id='line_1_10' title="bbox 116 835 1545 894; baseline 0.001 -14"><span class='ocrx_word' id='word_1_78' title='bbox 116 835 219 891; x_wconf 74' lang='lat' dir='ltr'><strong>Pag.</strong></span> <span class='ocrx_word' id='word_1_79' title='bbox 250 840 356 887; x_wconf 83' lang='lat'><strong>270,</strong></span> <span class='ocrx_word' id='word_1_80' title='bbox 391 841 458 882; x_wconf 86' lang='lat'><strong>14.</strong></span> <span class='ocrx_word' id='word_1_81' title='bbox 501 837 587 880; x_wconf 80' lang='grc' dir='ltr'><strong>Καὶ</strong></span> <span class='ocrx_word' id='word_1_82' title='bbox 607 835 734 881; x_wconf 73' lang='grc' dir='ltr'><strong><em>αὐτόν</em></strong></span> <span class='ocrx_word' id='word_1_83' title='bbox 755 839 891 892; x_wconf 79' lang='grc' dir='ltr'><strong><em>μέντοι</em></strong></span> <span class='ocrx_word' id='word_1_84' title='bbox 906 838 950 882; x_wconf 82' lang='grc' dir='ltr'><em>τό</em></span> <span class='ocrx_word' id='word_1_85' title='bbox 966 838 1211 894; x_wconf 81' lang='grc' dir='ltr'><strong><em>μοναχικόν]</em></strong></span> <span class='ocrx_word' id='word_1_86' title='bbox 1241 841 1298 880; x_wconf 86' lang='lat' dir='ltr'><strong>Ea</strong></span> <span class='ocrx_word' id='word_1_87' title='bbox 1317 843 1420 882; x_wconf 86' lang='lat' dir='ltr'><strong>enim</strong></span> <span class='ocrx_word' id='word_1_88' title='bbox 1441 848 1545 882; x_wconf 78' lang='lat' dir='ltr'><strong>tem-</strong></span> 
     </span>
     <span class='ocr_line' id='line_1_11' title="bbox 0 894 1546 950; baseline 0.004 -17"><span class='ocrx_word' id='word_1_89' title='bbox 0 900 154 950; x_wconf 77' lang='lat' dir='ltr'><strong>pestate</strong></span> <span class='ocrx_word' id='word_1_90' title='bbox 182 894 438 948; x_wconf 82' lang='lat' dir='ltr'>patriarchae</span> <span class='ocrx_word' id='word_1_91' title='bbox 458 909 597 936; x_wconf 84' lang='lat' dir='ltr'><strong>omnes</strong></span> <span class='ocrx_word' id='word_1_92' title='bbox 620 897 891 950; x_wconf 81' lang='lat' dir='ltr'><strong>seligebantur</strong></span> <span class='ocrx_word' id='word_1_93' title='bbox 911 912 961 937; x_wconf 80' lang='lat' dir='ltr'><strong>ex</strong></span> <span class='ocrx_word' id='word_1_94' title='bbox 988 899 1128 938; x_wconf 83' lang='lat' dir='ltr'><strong>ordine</strong></span> <span class='ocrx_word' id='word_1_95' title='bbox 1149 898 1410 950; x_wconf 85' lang='lat' dir='ltr'><strong>monachico,</strong></span> <span class='ocrx_word' id='word_1_96' title='bbox 1438 914 1486 939; x_wconf 89' lang='lat' dir='ltr'><strong>ac</strong></span> <span class='ocrx_word' id='word_1_97' title='bbox 1509 901 1546 939; x_wconf 81' lang='lat' dir='ltr'><strong>si</strong></span> 
     </span>
     <span class='ocr_line' id='line_1_12' title="bbox 0 951 1543 1008; baseline 0.003 -15"><span class='ocrx_word' id='word_1_98' title='bbox 0 951 188 1003; x_wconf 74' lang='lat' dir='ltr'><strong>aliunde,</strong></span> <span class='ocrx_word' id='word_1_99' title='bbox 220 952 267 992; x_wconf 81' lang='lat' dir='ltr'><strong>id</strong></span> <span class='ocrx_word' id='word_1_100' title='bbox 288 958 351 992; x_wconf 68' lang='lat' dir='ltr'><strong>est</strong></span> <span class='ocrx_word' id='word_1_101' title='bbox 382 966 435 992; x_wconf 83' lang='lat' dir='ltr'><strong>ex</strong></span> <span class='ocrx_word' id='word_1_102' title='bbox 460 954 675 1004; x_wconf 84' lang='lat' dir='ltr'><strong>saeculari,</strong></span> <span class='ocrx_word' id='word_1_103' title='bbox 712 961 800 995; x_wconf 86' lang='lat' dir='ltr'><strong>tum</strong></span> <span class='ocrx_word' id='word_1_104' title='bbox 829 956 857 995; x_wconf 88' lang='lat' dir='ltr'><strong>ii</strong></span> <span class='ocrx_word' id='word_1_105' title='bbox 879 955 1069 995; x_wconf 89' lang='lat' dir='ltr'><strong>monachi</strong></span> <span class='ocrx_word' id='word_1_106' title='bbox 1096 955 1277 995; x_wconf 82' lang='lat' dir='ltr'><strong>habitum</strong></span> <span class='ocrx_word' id='word_1_107' title='bbox 1306 957 1543 1008; x_wconf 81' lang='lat' dir='ltr'><strong>induebant,</strong></span> 
     </span>
     <span class='ocr_line' id='line_1_13' title="bbox 0 1010 1544 1074; baseline 0.004 -23"><span class='ocrx_word' id='word_1_108' title='bbox 0 1016 43 1051; x_wconf 78' lang='lat' dir='ltr'><strong>et</strong></span> <span class='ocrx_word' id='word_1_109' title='bbox 67 1025 91 1049; x_wconf 90' lang='lat' dir='ltr'><strong>a</strong></span> <span class='ocrx_word' id='word_1_110' title='bbox 114 1010 305 1050; x_wconf 76' lang='lat' dir='ltr'><strong>carnibus</strong></span> <span class='ocrx_word' id='word_1_111' title='bbox 328 1010 606 1064; x_wconf 78' lang='lat' dir='ltr'><strong>abstinebant,</strong></span> <span class='ocrx_word' id='word_1_112' title='bbox 633 1012 695 1051; x_wconf 79' lang='lat' dir='ltr'><strong>uti</strong></span> <span class='ocrx_word' id='word_1_113' title='bbox 718 1027 841 1067; x_wconf 82' lang='lat' dir='ltr'><strong>supra</strong></span> <span class='ocrx_word' id='word_1_114' title='bbox 869 1020 1105 1054; x_wconf 84' lang='lat' dir='ltr'><strong>annotatum</strong></span> <span class='ocrx_word' id='word_1_115' title='bbox 1130 1014 1182 1054; x_wconf 87' lang='lat' dir='ltr'><strong>ad</strong></span> <span class='ocrx_word' id='word_1_116' title='bbox 1203 1014 1271 1054; x_wconf 86' lang='lat' dir='ltr'><strong>lib.</strong></span> <span class='ocrx_word' id='word_1_117' title='bbox 1289 1014 1359 1056; x_wconf 90' lang='lat' dir='ltr'><strong>VI.</strong></span> <span class='ocrx_word' id='word_1_118' title='bbox 1388 1029 1478 1069; x_wconf 85' lang='lat' dir='ltr'><strong>cap.</strong></span> <span class='ocrx_word' id='word_1_119' title='bbox 1502 1017 1544 1074; x_wconf 90' lang='grc'><strong>8.</strong></span> 
     </span>
     <span class='ocr_line' id='line_1_14' title="bbox 0 1080 1545 1182; baseline 0.003 -17"><span class='ocrx_word' id='word_1_120' title='bbox 0 1080 219 1179; x_wconf 51' lang='grc' dir='ltr'><strong>υποῌὲἇς.</strong></span> <span class='ocrx_word' id='word_1_121' title='bbox 250 1128 358 1174; x_wconf 88' lang='grc'><strong>271,</strong></span> <span class='ocrx_word' id='word_1_122' title='bbox 387 1125 430 1169; x_wconf 84' lang='grc'><strong>4.</strong></span> <span class='ocrx_word' id='word_1_123' title='bbox 487 1124 533 1168; x_wconf 84' lang='lat' dir='ltr'><strong>‘O</strong></span> <span class='ocrx_word' id='word_1_124' title='bbox 557 1127 787 1180; x_wconf 82' lang='grc' dir='ltr'><strong><em>Μετοχίτης</em></strong></span> <span class='ocrx_word' id='word_1_125' title='bbox 820 1123 1057 1181; x_wconf 79' lang='grc' dir='ltr'><strong><em>Θεόδωρος]</em></strong></span> <span class='ocrx_word' id='word_1_126' title='bbox 1107 1128 1189 1177; x_wconf 86' lang='lat' dir='ltr'><strong>Qui</strong></span> <span class='ocrx_word' id='word_1_127' title='bbox 1218 1127 1438 1182; x_wconf 79' lang='grc' dir='ltr'><strong><em>λογοθὲτου</em></strong></span> <span class='ocrx_word' id='word_1_128' title='bbox 1463 1131 1545 1170; x_wconf 75' lang='grc' dir='ltr'><strong>τῶν</strong></span> 
     </span>
     <span class='ocr_line' id='line_1_15' title="bbox 0 1178 1544 1239; baseline 0.001 -15"><span class='ocrx_word' id='word_1_129' title='bbox 0 1178 155 1237; x_wconf 76' lang='grc' dir='ltr'><strong><em>α’γελῶν</em></strong></span> <span class='ocrx_word' id='word_1_130' title='bbox 174 1183 406 1234; x_wconf 81' lang='lat' dir='ltr'><strong>dignitatem</strong></span> <span class='ocrx_word' id='word_1_131' title='bbox 427 1189 542 1223; x_wconf 86' lang='lat' dir='ltr'><strong>antea</strong></span> <span class='ocrx_word' id='word_1_132' title='bbox 565 1184 733 1235; x_wconf 81' lang='lat' dir='ltr'><strong>obierat,</strong></span> <span class='ocrx_word' id='word_1_133' title='bbox 764 1191 812 1224; x_wconf 90' lang='lat' dir='ltr'><strong>ut</strong></span> <span class='ocrx_word' id='word_1_134' title='bbox 832 1186 972 1225; x_wconf 82' lang='lat' dir='ltr'><strong>scribit</strong></span> <span class='ocrx_word' id='word_1_135' title='bbox 991 1185 1223 1239; x_wconf 85' lang='lat' dir='ltr'><strong>Pachymer.</strong></span> <span class='ocrx_word' id='word_1_136' title='bbox 1238 1187 1306 1227; x_wconf 90' lang='lat' dir='ltr'><strong>lib.</strong></span> <span class='ocrx_word' id='word_1_137' title='bbox 1322 1187 1392 1225; x_wconf 91' lang='lat' dir='ltr'><strong>IX.</strong></span> <span class='ocrx_word' id='word_1_138' title='bbox 1406 1200 1493 1239; x_wconf 83' lang='lat' dir='ltr'><strong>cap.</strong></span> <span class='ocrx_word' id='word_1_139' title='bbox 1505 1187 1544 1229; x_wconf 88' lang='lat'><strong>5.</strong></span> 
     </span>
     <span class='ocr_line' id='line_1_16' title="bbox 0 1239 1547 1297; baseline 0.002 -17"><span class='ocrx_word' id='word_1_140' title='bbox 0 1245 87 1280; x_wconf 80' lang='lat' dir='ltr'><strong>tum</strong></span> <span class='ocrx_word' id='word_1_141' title='bbox 108 1253 210 1279; x_wconf 84' lang='lat' dir='ltr'><strong>vero</strong></span> <span class='ocrx_word' id='word_1_142' title='bbox 240 1239 462 1295; x_wconf 80' lang='grc' dir='ltr'><strong><em>λογοθέτης</em></strong></span> <span class='ocrx_word' id='word_1_143' title='bbox 480 1244 558 1283; x_wconf 78' lang='grc' dir='ltr'><strong>τοῦ</strong></span> <span class='ocrx_word' id='word_1_144' title='bbox 583 1245 729 1297; x_wconf 78' lang='grc' dir='ltr'><strong><em>γυικοῦ</em></strong></span> <span class='ocrx_word' id='word_1_145' title='bbox 748 1249 855 1292; x_wconf 81' lang='lat' dir='ltr'><strong>erat,</strong></span> <span class='ocrx_word' id='word_1_146' title='bbox 886 1244 1002 1283; x_wconf 75' lang='lat' dir='ltr'><strong>cuius</strong></span> <span class='ocrx_word' id='word_1_147' title='bbox 1025 1244 1253 1296; x_wconf 79' lang='lat' dir='ltr'><strong>praeclaras</strong></span> <span class='ocrx_word' id='word_1_148' title='bbox 1280 1245 1402 1283; x_wconf 88' lang='lat' dir='ltr'><strong>animi</strong></span> <span class='ocrx_word' id='word_1_149' title='bbox 1431 1244 1547 1283; x_wconf 78' lang='lat' dir='ltr'><strong>dotes</strong></span> 
     </span>
     <span class='ocr_line' id='line_1_17' title="bbox 0 1296 1545 1354; baseline 0.003 -18"><span class='ocrx_word' id='word_1_150' title='bbox 0 1303 43 1337; x_wconf 86' lang='lat' dir='ltr'><strong>et</strong></span> <span class='ocrx_word' id='word_1_151' title='bbox 62 1297 329 1337; x_wconf 87' lang='lat' dir='ltr'><strong>eruditionem</strong></span> <span class='ocrx_word' id='word_1_152' title='bbox 348 1296 418 1336; x_wconf 85' lang='lat' dir='ltr'><strong>hic</strong></span> <span class='ocrx_word' id='word_1_153' title='bbox 438 1304 478 1338; x_wconf 87' lang='lat' dir='ltr'><strong>et</strong></span> <span class='ocrx_word' id='word_1_154' title='bbox 498 1299 540 1337; x_wconf 89' lang='lat' dir='ltr'><strong>in</strong></span> <span class='ocrx_word' id='word_1_155' title='bbox 563 1306 665 1341; x_wconf 85' lang='lat' dir='ltr'><strong>orat.</strong></span> <span class='ocrx_word' id='word_1_156' title='bbox 686 1300 794 1339; x_wconf 82' lang='lat' dir='ltr'><strong>illius</strong></span> <span class='ocrx_word' id='word_1_157' title='bbox 815 1301 976 1340; x_wconf 85' lang='lat' dir='ltr'><strong>funebri</strong></span> <span class='ocrx_word' id='word_1_158' title='bbox 1000 1301 1207 1354; x_wconf 81' lang='lat' dir='ltr'><strong>praedicat</strong></span> <span class='ocrx_word' id='word_1_159' title='bbox 1230 1303 1444 1354; x_wconf 85' lang='lat' dir='ltr'><strong>Gregoras,</strong></span> <span class='ocrx_word' id='word_1_160' title='bbox 1474 1302 1545 1340; x_wconf 80' lang='lat' dir='ltr'><strong>ad-</strong></span> 
     </span>
     <span class='ocr_line' id='line_1_18' title="bbox 0 1356 1546 1414; baseline 0.003 -19"><span class='ocrx_word' id='word_1_161' title='bbox 0 1366 157 1395; x_wconf 80' lang='lat' dir='ltr'><strong>versam</strong></span> <span class='ocrx_word' id='word_1_162' title='bbox 187 1369 287 1395; x_wconf 84' lang='lat' dir='ltr'><strong>vero</strong></span> <span class='ocrx_word' id='word_1_163' title='bbox 318 1356 524 1396; x_wconf 81' lang='lat' dir='ltr'><strong>fortunam</strong></span> <span class='ocrx_word' id='word_1_164' title='bbox 546 1357 616 1396; x_wconf 92' lang='lat' dir='ltr'><strong>lib.</strong></span> <span class='ocrx_word' id='word_1_165' title='bbox 637 1357 712 1398; x_wconf 90' lang='lat' dir='ltr'><strong>IX.</strong></span> <span class='ocrx_word' id='word_1_166' title='bbox 736 1371 824 1411; x_wconf 89' lang='lat' dir='ltr'><strong>cap.</strong></span> <span class='ocrx_word' id='word_1_167' title='bbox 845 1362 883 1401; x_wconf 89' lang='lat'><strong>6.</strong></span> <span class='ocrx_word' id='word_1_168' title='bbox 904 1362 945 1402; x_wconf 93' lang='lat'><strong>7.</strong></span> <span class='ocrx_word' id='word_1_169' title='bbox 966 1358 1037 1398; x_wconf 83' lang='lat' dir='ltr'><strong>lib.</strong></span> <span class='ocrx_word' id='word_1_170' title='bbox 1058 1360 1112 1398; x_wconf 90' lang='lat' dir='ltr'><strong>X.</strong></span> <span class='ocrx_word' id='word_1_171' title='bbox 1136 1372 1227 1414; x_wconf 85' lang='lat' dir='ltr'><strong>cap.</strong></span> <span class='ocrx_word' id='word_1_172' title='bbox 1246 1363 1288 1402; x_wconf 84' lang='lat'><strong>2.</strong></span> <span class='ocrx_word' id='word_1_173' title='bbox 1311 1366 1359 1399; x_wconf 85' lang='lat' dir='ltr'><strong>ut</strong></span> <span class='ocrx_word' id='word_1_174' title='bbox 1377 1366 1417 1399; x_wconf 84' lang='lat' dir='ltr'><strong>et</strong></span> <span class='ocrx_word' id='word_1_175' title='bbox 1437 1359 1546 1399; x_wconf 85' lang='lat' dir='ltr'><strong>Can-</strong></span> 
     </span>
     <span class='ocr_line' id='line_1_19' title="bbox 2 1413 1139 1468; baseline 0.002 -16"><span class='ocrx_word' id='word_1_176' title='bbox 2 1417 222 1452; x_wconf 80' lang='lat' dir='ltr'><strong>tacuzenus</strong></span> <span class='ocrx_word' id='word_1_177' title='bbox 243 1413 315 1452; x_wconf 87' lang='lat' dir='ltr'><strong>lib.</strong></span> <span class='ocrx_word' id='word_1_178' title='bbox 333 1413 365 1455; x_wconf 88' lang='lat' dir='ltr'><strong>I.</strong></span> <span class='ocrx_word' id='word_1_179' title='bbox 386 1427 477 1467; x_wconf 87' lang='lat' dir='ltr'><strong>cap.</strong></span> <span class='ocrx_word' id='word_1_180' title='bbox 501 1417 568 1457; x_wconf 88' lang='lat'><strong>11.</strong></span> <span class='ocrx_word' id='word_1_181' title='bbox 590 1415 663 1455; x_wconf 90' lang='lat' dir='ltr'><strong>lib.</strong></span> <span class='ocrx_word' id='word_1_182' title='bbox 683 1415 735 1456; x_wconf 84' lang='lat'><strong>11.</strong></span> <span class='ocrx_word' id='word_1_183' title='bbox 758 1429 847 1468; x_wconf 84' lang='lat' dir='ltr'><strong>cap.</strong></span> <span class='ocrx_word' id='word_1_184' title='bbox 871 1419 908 1458; x_wconf 88' lang='lat'><strong>1.</strong></span> <span class='ocrx_word' id='word_1_185' title='bbox 964 1429 1139 1455; x_wconf 53' lang='lat' dir='ltr'><strong>nucum.</strong></span> 
     </span>
    </p>
   </div>
   <div class='ocr_carea' id='block_1_3' title="bbox 0 1479 1556 2876">
    <p class='ocr_par' dir='ltr' id='par_1_5' title="bbox 0 1479 1542 1592">
     <span class='ocr_line' id='line_1_20' title="bbox 134 1479 1542 1538; baseline 0 -15"><span class='ocrx_word' id='word_1_186' title='bbox 134 1483 232 1536; x_wconf 73' lang='lat' dir='ltr'><strong><em>Peg.</em></strong></span> <span class='ocrx_word' id='word_1_187' title='bbox 262 1484 372 1534; x_wconf 91' lang='grc'><strong>271,</strong></span> <span class='ocrx_word' id='word_1_188' title='bbox 403 1485 472 1526; x_wconf 85' lang='grc'><strong>14.</strong></span> <span class='ocrx_word' id='word_1_189' title='bbox 530 1479 951 1538; x_wconf 75' lang='grc' dir='ltr'><strong><em>Παννπερσεβᾶστου]</em></strong></span> <span class='ocrx_word' id='word_1_190' title='bbox 987 1483 1081 1524; x_wconf 77' lang='lat' dir='ltr'><strong>vid.</strong></span> <span class='ocrx_word' id='word_1_191' title='bbox 1105 1483 1236 1524; x_wconf 85' lang='lat' dir='ltr'><strong>Gloss.</strong></span> <span class='ocrx_word' id='word_1_192' title='bbox 1265 1484 1373 1524; x_wconf 83' lang='lat' dir='ltr'><strong>med.</strong></span> <span class='ocrx_word' id='word_1_193' title='bbox 1399 1484 1542 1527; x_wconf 84' lang='lat' dir='ltr'><strong>Graec.</strong></span> 
     </span>
     <span class='ocr_line' id='line_1_21' title="bbox 0 1534 500 1592; baseline 0.004 -14"><span class='ocrx_word' id='word_1_194' title='bbox 0 1537 44 1578; x_wconf 83' lang='lat' dir='ltr'><strong>in</strong></span> <span class='ocrx_word' id='word_1_195' title='bbox 65 1534 278 1592; x_wconf 79' lang='grc' dir='ltr'><strong>Σεβαστός.</strong></span> <span class='ocrx_word' id='word_1_196' title='bbox 319 1553 500 1580; x_wconf 66' lang='lat' dir='ltr'><strong>numo.</strong></span> 
     </span>
    </p>

    <p class='ocr_par' dir='ltr' id='par_1_6' title="bbox 0 1604 1542 1710">
     <span class='ocr_line' id='line_1_22' title="bbox 115 1604 1542 1664; baseline -0.002 -12"><span class='ocrx_word' id='word_1_197' title='bbox 115 1611 210 1662; x_wconf 70' lang='lat' dir='ltr'><em>Peg·</em></span> <span class='ocrx_word' id='word_1_198' title='bbox 238 1611 347 1659; x_wconf 82' lang='lat'><strong>273,</strong></span> <span class='ocrx_word' id='word_1_199' title='bbox 375 1610 448 1653; x_wconf 81' lang='lat'><strong>23.</strong></span> <span class='ocrx_word' id='word_1_200' title='bbox 504 1604 709 1663; x_wconf 80' lang='grc' dir='ltr'><strong>Ἀνήγειρε</strong></span> <span class='ocrx_word' id='word_1_201' title='bbox 740 1608 996 1664; x_wconf 80' lang='grc' dir='ltr'><strong><em>πυραμίδας]</em></strong></span> <span class='ocrx_word' id='word_1_202' title='bbox 1059 1609 1365 1663; x_wconf 75' lang='lat' dir='ltr'><strong>constantinop.</strong></span> <span class='ocrx_word' id='word_1_203' title='bbox 1396 1608 1542 1649; x_wconf 80' lang='lat' dir='ltr'><strong>Christ.</strong></span> 
     </span>
     <span class='ocr_line' id='line_1_23' title="bbox 0 1665 541 1710; baseline -0.002 -4"><span class='ocrx_word' id='word_1_204' title='bbox 0 1665 69 1706; x_wconf 79' lang='lat' dir='ltr'><strong>lib.</strong></span> <span class='ocrx_word' id='word_1_205' title='bbox 87 1665 157 1706; x_wconf 87' lang='lat' dir='ltr'><strong>HL</strong></span> <span class='ocrx_word' id='word_1_206' title='bbox 179 1681 218 1705; x_wconf 86' lang='lat' dir='ltr'><strong>n.</strong></span> <span class='ocrx_word' id='word_1_207' title='bbox 240 1669 307 1710; x_wconf 87' lang='lat'><strong>19.</strong></span> <span class='ocrx_word' id='word_1_208' title='bbox 363 1679 541 1706; x_wconf 68' lang='lat' dir='ltr'><strong>numo.</strong></span> 
     </span>
    </p>

    <p class='ocr_par' dir='ltr' id='par_1_7' title="bbox 0 1732 1544 2005">
     <span class='ocr_line' id='line_1_24' title="bbox 119 1732 1543 1791; baseline -0.003 -12"><span class='ocrx_word' id='word_1_209' title='bbox 119 1738 218 1788; x_wconf 77' lang='lat' dir='ltr'><strong><em>Pag·</em></strong></span> <span class='ocrx_word' id='word_1_210' title='bbox 248 1737 353 1785; x_wconf 81' lang='lat'><strong>274,</strong></span> <span class='ocrx_word' id='word_1_211' title='bbox 384 1739 425 1779; x_wconf 83' lang='grc'><strong>2.</strong></span> <span class='ocrx_word' id='word_1_212' title='bbox 473 1737 565 1776; x_wconf 76' lang='grc' dir='ltr'><strong>Τῶν</strong></span> <span class='ocrx_word' id='word_1_213' title='bbox 588 1732 662 1788; x_wconf 77' lang='grc' dir='ltr'><strong>μὲν</strong></span> <span class='ocrx_word' id='word_1_214' title='bbox 682 1733 760 1791; x_wconf 71' lang='grc' dir='ltr'><strong>γὰρ</strong></span> <span class='ocrx_word' id='word_1_215' title='bbox 780 1733 912 1777; x_wconf 71' lang='grc' dir='ltr'><strong><em>ἄλλων</em></strong></span> <span class='ocrx_word' id='word_1_216' title='bbox 941 1734 1163 1789; x_wconf 83' lang='grc' dir='ltr'><strong><em>βασιλέων]</em></strong></span> <span class='ocrx_word' id='word_1_217' title='bbox 1193 1736 1408 1774; x_wconf 86' lang='lat' dir='ltr'><strong>Immanem</strong></span> <span class='ocrx_word' id='word_1_218' title='bbox 1425 1735 1543 1775; x_wconf 84' lang='lat' dir='ltr'><strong>istam</strong></span> 
     </span>
     <span class='ocr_line' id='line_1_25' title="bbox 0 1792 1544 1846; baseline 0.001 -14"><span class='ocrx_word' id='word_1_219' title='bbox 0 1806 50 1832; x_wconf 79' lang='lat' dir='ltr'><strong>ac</strong></span> <span class='ocrx_word' id='word_1_220' title='bbox 69 1806 259 1832; x_wconf 81' lang='lat' dir='ltr'><strong>vesanam</strong></span> <span class='ocrx_word' id='word_1_221' title='bbox 279 1793 322 1831; x_wconf 90' lang='lat' dir='ltr'><strong>in</strong></span> <span class='ocrx_word' id='word_1_222' title='bbox 343 1793 502 1832; x_wconf 83' lang='lat' dir='ltr'><strong>aedium</strong></span> <span class='ocrx_word' id='word_1_223' title='bbox 525 1806 730 1832; x_wconf 76' lang='lat' dir='ltr'><strong>sacrarum</strong></span> <span class='ocrx_word' id='word_1_224' title='bbox 747 1794 962 1833; x_wconf 78' lang='lat' dir='ltr'><strong>structuris</strong></span> <span class='ocrx_word' id='word_1_225' title='bbox 981 1794 1268 1846; x_wconf 83' lang='lat' dir='ltr'><strong>imperatorum</strong></span> <span class='ocrx_word' id='word_1_226' title='bbox 1291 1800 1331 1832; x_wconf 88' lang='lat' dir='ltr'><strong>et</strong></span> <span class='ocrx_word' id='word_1_227' title='bbox 1348 1792 1544 1833; x_wconf 85' lang='lat' dir='ltr'><strong>nobilium</strong></span> 
     </span>
     <span class='ocr_line' id='line_1_26' title="bbox 2 1850 1544 1903; baseline -0.001 -13"><span class='ocrx_word' id='word_1_228' title='bbox 2 1851 539 1903; x_wconf 74' lang='lat' dir='ltr'><strong>Constantinopolitanorum</strong></span> <span class='ocrx_word' id='word_1_229' title='bbox 568 1852 873 1891; x_wconf 81' lang='lat' dir='ltr'><strong>ostentationem</strong></span> <span class='ocrx_word' id='word_1_230' title='bbox 894 1851 1100 1903; x_wconf 81' lang='lat' dir='ltr'><strong>exagitant</strong></span> <span class='ocrx_word' id='word_1_231' title='bbox 1118 1865 1199 1889; x_wconf 89' lang='lat' dir='ltr'><strong>non</strong></span> <span class='ocrx_word' id='word_1_232' title='bbox 1225 1850 1348 1890; x_wconf 87' lang='lat' dir='ltr'><strong>semel</strong></span> <span class='ocrx_word' id='word_1_233' title='bbox 1362 1851 1544 1903; x_wconf 85' lang='lat' dir='ltr'><strong>scripto-</strong></span> 
     </span>
     <span class='ocr_line' id='line_1_27' title="bbox 0 1907 1542 1962; baseline -0.002 -14"><span class='ocrx_word' id='word_1_234' title='bbox 0 1921 67 1948; x_wconf 79' lang='lat' dir='ltr'><strong>res</strong></span> <span class='ocrx_word' id='word_1_235' title='bbox 84 1908 321 1960; x_wconf 68' lang='lat' dir='ltr'><strong>Bymnfini,</strong></span> <span class='ocrx_word' id='word_1_236' title='bbox 347 1908 410 1947; x_wconf 90' lang='lat' dir='ltr'><strong>uti</strong></span> <span class='ocrx_word' id='word_1_237' title='bbox 434 1908 695 1948; x_wconf 71' lang='lat' dir='ltr'><strong>observamus</strong></span> <span class='ocrx_word' id='word_1_238' title='bbox 712 1909 756 1948; x_wconf 89' lang='lat' dir='ltr'><strong>in</strong></span> <span class='ocrx_word' id='word_1_239' title='bbox 776 1909 1077 1962; x_wconf 78' lang='lat' dir='ltr'><strong>constantinop.</strong></span> <span class='ocrx_word' id='word_1_240' title='bbox 1096 1907 1242 1948; x_wconf 86' lang='lat' dir='ltr'><strong>Christ.</strong></span> <span class='ocrx_word' id='word_1_241' title='bbox 1258 1907 1327 1950; x_wconf 86' lang='lat' dir='ltr'><strong>lib.</strong></span> <span class='ocrx_word' id='word_1_242' title='bbox 1347 1907 1417 1948; x_wconf 79' lang='lat' dir='ltr'><strong>Vl.</strong></span> <span class='ocrx_word' id='word_1_243' title='bbox 1441 1921 1480 1946; x_wconf 89' lang='lat' dir='ltr'><strong>n.</strong></span> <span class='ocrx_word' id='word_1_244' title='bbox 1506 1912 1542 1951; x_wconf 81' lang='lat'><strong>1.</strong></span> 
     </span>
     <span class='ocr_line' id='line_1_28' title="bbox 0 1978 175 2005; baseline -0.011 0"><span class='ocrx_word' id='word_1_245' title='bbox 0 1978 175 2005; x_wconf 68' lang='lat' dir='ltr'><strong>numo.</strong></span> 
     </span>
    </p>

    <p class='ocr_par' dir='ltr' id='par_1_8' title="bbox 0 2018 1546 2420">
     <span class='ocr_line' id='line_1_29' title="bbox 118 2018 1543 2077; baseline -0.005 -9"><span class='ocrx_word' id='word_1_246' title='bbox 118 2025 217 2076; x_wconf 73' lang='lat' dir='ltr'><em>Pag·</em></span> <span class='ocrx_word' id='word_1_247' title='bbox 244 2023 354 2074; x_wconf 83' lang='lat'><strong>275,</strong></span> <span class='ocrx_word' id='word_1_248' title='bbox 384 2026 426 2066; x_wconf 92' lang='grc'><strong>6.</strong></span> <span class='ocrx_word' id='word_1_249' title='bbox 467 2019 587 2072; x_wconf 66' lang='lat' dir='ltr'><strong>Naris·</strong></span> <span class='ocrx_word' id='word_1_250' title='bbox 605 2026 680 2065; x_wconf 83' lang='grc' dir='ltr'><strong>τοῦ</strong></span> <span class='ocrx_word' id='word_1_251' title='bbox 700 2018 875 2077; x_wconf 71' lang='grc' dir='ltr'><strong><em>μεγάλου</em></strong></span> <span class='ocrx_word' id='word_1_252' title='bbox 897 2018 1092 2070; x_wconf 77' lang='grc' dir='ltr'><strong><em>Παύλου]</em></strong></span> <span class='ocrx_word' id='word_1_253' title='bbox 1123 2021 1224 2062; x_wconf 87' lang='lat' dir='ltr'><strong>Vide</strong></span> <span class='ocrx_word' id='word_1_254' title='bbox 1240 2021 1543 2074; x_wconf 80' lang='lat' dir='ltr'><strong>Constantinop.</strong></span> 
     </span>
     <span class='ocr_line' id='line_1_30' title="bbox 3 2076 1546 2128; baseline -0.001 -8"><span class='ocrx_word' id='word_1_255' title='bbox 3 2078 156 2120; x_wconf 75' lang='lat' dir='ltr'><strong>Christ.</strong></span> <span class='ocrx_word' id='word_1_256' title='bbox 175 2081 244 2122; x_wconf 89' lang='lat' dir='ltr'><strong>lib.</strong></span> <span class='ocrx_word' id='word_1_257' title='bbox 265 2081 335 2123; x_wconf 82' lang='grc' dir='ltr'><strong>ΙΙΙ.</strong></span> <span class='ocrx_word' id='word_1_258' title='bbox 354 2087 451 2120; x_wconf 77' lang='lat' dir='ltr'><strong>sect.</strong></span> <span class='ocrx_word' id='word_1_259' title='bbox 473 2080 521 2120; x_wconf 90' lang='lat' dir='ltr'><strong>V.</strong></span> <span class='ocrx_word' id='word_1_260' title='bbox 542 2095 582 2119; x_wconf 91' lang='lat' dir='ltr'><strong>n.</strong></span> <span class='ocrx_word' id='word_1_261' title='bbox 602 2084 673 2124; x_wconf 80' lang='lat'><strong>21.</strong></span> <span class='ocrx_word' id='word_1_262' title='bbox 703 2094 879 2120; x_wconf 61' lang='lat' dir='ltr'><strong>nocane.</strong></span> <span class='ocrx_word' id='word_1_263' title='bbox 906 2077 1048 2121; x_wconf 83' lang='grc' dir='ltr'><strong><em>Ἔστιν</em></strong></span> <span class='ocrx_word' id='word_1_264' title='bbox 1071 2078 1097 2121; x_wconf 80' lang='grc' dir='ltr'><em>ὅ</em></span> <span class='ocrx_word' id='word_1_265' title='bbox 1110 2079 1203 2128; x_wconf 80' lang='grc' dir='ltr'><em>περὶ</em></span> <span class='ocrx_word' id='word_1_266' title='bbox 1219 2076 1293 2128; x_wconf 61' lang='lat' dir='ltr'><strong>mig</strong></span> <span class='ocrx_word' id='word_1_267' title='bbox 1317 2076 1448 2128; x_wconf 80' lang='grc' dir='ltr'><strong><em>πύλας</em></strong></span> <span class='ocrx_word' id='word_1_268' title='bbox 1467 2080 1546 2120; x_wconf 73' lang='grc' dir='ltr'><strong><em>τοῦ·</em></strong></span> 
     </span>
     <span class='ocr_line' id='line_1_31' title="bbox 0 2133 1542 2193; baseline -0.003 -14"><span class='ocrx_word' id='word_1_269' title='bbox 0 2133 229 2190; x_wconf 74' lang='grc' dir='ltr'><strong><em>Ειῖγενείου</em></strong></span> <span class='ocrx_word' id='word_1_270' title='bbox 258 2137 441 2193; x_wconf 79' lang='grc' dir='ltr'><strong><em>μέγιστος</em></strong></span> <span class='ocrx_word' id='word_1_271' title='bbox 466 2135 569 2186; x_wconf 68' lang='grc' dir='ltr'><strong>νεῶς</strong></span> <span class='ocrx_word' id='word_1_272' title='bbox 598 2141 672 2179; x_wconf 81' lang='grc' dir='ltr'><strong>τοῦ</strong></span> <span class='ocrx_word' id='word_1_273' title='bbox 704 2135 881 2191; x_wconf 77' lang='grc' dir='ltr'><em>μεγάλου</em></span> <span class='ocrx_word' id='word_1_274' title='bbox 905 2133 1105 2190; x_wconf 78' lang='grc' dir='ltr'><strong>Παύλου]</strong></span> <span class='ocrx_word' id='word_1_275' title='bbox 1146 2135 1249 2176; x_wconf 73' lang='lat' dir='ltr'><strong>Sunt</strong></span> <span class='ocrx_word' id='word_1_276' title='bbox 1273 2146 1401 2175; x_wconf 75' lang='lat' dir='ltr'><strong>autem</strong></span> <span class='ocrx_word' id='word_1_277' title='bbox 1422 2135 1542 2175; x_wconf 80' lang='lat' dir='ltr'><strong>hoec:</strong></span> 
     </span>
     <span class='ocr_line' id='line_1_32' title="bbox 0 2191 1543 2249; baseline -0.002 -15"><span class='ocrx_word' id='word_1_278' title='bbox 0 2193 124 2234; x_wconf 70' lang='lat' dir='ltr'><strong>iuxta</strong></span> <span class='ocrx_word' id='word_1_279' title='bbox 149 2205 309 2248; x_wconf 79' lang='lat' dir='ltr'><strong>portam</strong></span> <span class='ocrx_word' id='word_1_280' title='bbox 329 2193 517 2249; x_wconf 78' lang='lat' dir='ltr'><strong>Eugenii,</strong></span> <span class='ocrx_word' id='word_1_281' title='bbox 546 2196 772 2235; x_wconf 76' lang='lat' dir='ltr'><strong>maximum</strong></span> <span class='ocrx_word' id='word_1_282' title='bbox 790 2192 911 2234; x_wconf 73' lang='lat' dir='ltr'><strong>Pauli</strong></span> <span class='ocrx_word' id='word_1_283' title='bbox 934 2195 1081 2248; x_wconf 76' lang='lat' dir='ltr'><strong>Magni</strong></span> <span class='ocrx_word' id='word_1_284' title='bbox 1108 2191 1313 2247; x_wconf 76' lang='lat' dir='ltr'><strong>templum,</strong></span> <span class='ocrx_word' id='word_1_285' title='bbox 1343 2200 1423 2237; x_wconf 80' lang='lat' dir='ltr'><strong>etc,</strong></span> <span class='ocrx_word' id='word_1_286' title='bbox 1479 2194 1543 2231; x_wconf 79' lang='lat' dir='ltr'><strong>Ita</strong></span> 
     </span>
     <span class='ocr_line' id='line_1_33' title="bbox 0 2252 1541 2304; baseline -0.001 -16"><span class='ocrx_word' id='word_1_287' title='bbox 0 2252 254 2294; x_wconf 78' lang='lat' dir='ltr'><strong>vertendum.</strong></span> <span class='ocrx_word' id='word_1_288' title='bbox 285 2252 292 2259; x_wconf 81' lang='grc'><strong>’</strong></span> <span class='ocrx_word' id='word_1_289' title='bbox 313 2253 367 2292; x_wconf 87' lang='lat' dir='ltr'><strong>At</strong></span> <span class='ocrx_word' id='word_1_290' title='bbox 387 2252 581 2301; x_wconf 85' lang='lat' dir='ltr'><strong>Wolfius,</strong></span> <span class='ocrx_word' id='word_1_291' title='bbox 613 2253 754 2292; x_wconf 86' lang='lat' dir='ltr'><strong>codice</strong></span> <span class='ocrx_word' id='word_1_292' title='bbox 786 2265 885 2291; x_wconf 80' lang='lat' dir='ltr'><strong>usus</strong></span> <span class='ocrx_word' id='word_1_293' title='bbox 910 2252 1016 2291; x_wconf 83' lang='lat' dir='ltr'><strong>male</strong></span> <span class='ocrx_word' id='word_1_294' title='bbox 1037 2252 1318 2304; x_wconf 77' lang='lat' dir='ltr'><strong>interpuncta,</strong></span> <span class='ocrx_word' id='word_1_295' title='bbox 1344 2256 1541 2290; x_wconf 80' lang='lat' dir='ltr'><strong>verterat:</strong></span> 
     </span>
     <span class='ocr_line' id='line_1_34' title="bbox 1 2305 1542 2363; baseline 0 -17"><span class='ocrx_word' id='word_1_296' title='bbox 1 2305 106 2347; x_wconf 78' lang='lat' dir='ltr'><strong>Sunt</strong></span> <span class='ocrx_word' id='word_1_297' title='bbox 134 2320 263 2349; x_wconf 78' lang='lat' dir='ltr'><strong>autem</strong></span> <span class='ocrx_word' id='word_1_298' title='bbox 297 2309 418 2361; x_wconf 77' lang='lat' dir='ltr'><strong>hae03</strong></span> <span class='ocrx_word' id='word_1_299' title='bbox 461 2309 514 2349; x_wconf 89' lang='lat' dir='ltr'><strong>D.</strong></span> <span class='ocrx_word' id='word_1_300' title='bbox 535 2308 703 2363; x_wconf 79' lang='lat' dir='ltr'><strong>Eugenii</strong></span> <span class='ocrx_word' id='word_1_301' title='bbox 745 2310 867 2348; x_wconf 73' lang='lat' dir='ltr'><strong>iuxta</strong></span> <span class='ocrx_word' id='word_1_302' title='bbox 895 2319 1054 2363; x_wconf 75' lang='lat' dir='ltr'><strong>portam</strong></span> <span class='ocrx_word' id='word_1_303' title='bbox 1081 2309 1306 2348; x_wconf 74' lang='lat' dir='ltr'><strong>maximum</strong></span> <span class='ocrx_word' id='word_1_304' title='bbox 1332 2305 1542 2361; x_wconf 67' lang='lat' dir='ltr'><strong>templumz</strong></span> 
     </span>
     <span class='ocr_line' id='line_1_35' title="bbox 0 2363 1064 2420; baseline 0.002 -16"><span class='ocrx_word' id='word_1_305' title='bbox 0 2363 100 2404; x_wconf 78' lang='lat' dir='ltr'><strong>Divi</strong></span> <span class='ocrx_word' id='word_1_306' title='bbox 123 2365 243 2406; x_wconf 78' lang='lat' dir='ltr'><strong>Pauli</strong></span> <span class='ocrx_word' id='word_1_307' title='bbox 261 2365 478 2420; x_wconf 76' lang='lat' dir='ltr'><strong>Apostoli:</strong></span> <span class='ocrx_word' id='word_1_308' title='bbox 509 2365 741 2415; x_wconf 79' lang='lat' dir='ltr'><strong>duodecim,</strong></span> <span class='ocrx_word' id='word_1_309' title='bbox 771 2372 848 2405; x_wconf 88' lang='lat' dir='ltr'><strong>etc.</strong></span> <span class='ocrx_word' id='word_1_310' title='bbox 907 2379 1064 2406; x_wconf 73' lang='lat' dir='ltr'><strong>nonrm-</strong></span> 
     </span>
    </p>

    <p class='ocr_par' dir='ltr' id='par_1_9' title="bbox 0 2418 1541 2518">
     <span class='ocr_line' id='line_1_36' title="bbox 40 2418 1541 2477; baseline -0.006 -10"><span class='ocrx_word' id='word_1_311' title='bbox 40 2444 45 2447; x_wconf 73' lang='grc'><strong>’</strong></span> <span class='ocrx_word' id='word_1_312' title='bbox 118 2425 216 2477; x_wconf 76' lang='lat' dir='ltr'><em>Pag.</em></span> <span class='ocrx_word' id='word_1_313' title='bbox 256 2424 362 2474; x_wconf 91' lang='grc'><strong>275,</strong></span> <span class='ocrx_word' id='word_1_314' title='bbox 395 2423 461 2467; x_wconf 86' lang='grc'><strong>15.</strong></span> <span class='ocrx_word' id='word_1_315' title='bbox 520 2421 635 2465; x_wconf 66' lang='lat' dir='ltr'><strong>Kato?</strong></span> <span class='ocrx_word' id='word_1_316' title='bbox 661 2422 706 2465; x_wconf 83' lang='grc' dir='ltr'><strong>τὸ</strong></span> <span class='ocrx_word' id='word_1_317' title='bbox 725 2420 1082 2477; x_wconf 76' lang='grc' dir='ltr'><strong><em>ἓξακισχιλιοστόν]</em></strong></span> <span class='ocrx_word' id='word_1_318' title='bbox 1112 2421 1257 2462; x_wconf 77' lang='lat' dir='ltr'><strong>Christ.</strong></span> <span class='ocrx_word' id='word_1_319' title='bbox 1277 2418 1541 2461; x_wconf 82' lang='lat' dir='ltr'><strong>MCCCXVII.</strong></span> 
     </span>
     <span class='ocr_line' id='line_1_37' title="bbox 0 2491 176 2518; baseline 0 0"><span class='ocrx_word' id='word_1_320' title='bbox 0 2491 176 2518; x_wconf 61' lang='lat' dir='ltr'><strong>nocuo.</strong></span> 
     </span>
    </p>

    <p class='ocr_par' dir='ltr' id='par_1_10' title="bbox 0 2534 1556 2876">
     <span class='ocr_line' id='line_1_38' title="bbox 102 2534 1540 2591; baseline -0.008 -10"><span class='ocrx_word' id='word_1_321' title='bbox 102 2539 209 2590; x_wconf 70' lang='lat' dir='ltr'><strong><em>Pag·</em></strong></span> <span class='ocrx_word' id='word_1_322' title='bbox 237 2537 337 2586; x_wconf 87' lang='grc'><strong>275,</strong></span> <span class='ocrx_word' id='word_1_323' title='bbox 371 2539 436 2580; x_wconf 86' lang='lat'><strong>18.</strong></span> <span class='ocrx_word' id='word_1_324' title='bbox 500 2540 654 2579; x_wconf 84' lang='grc' dir='ltr'><strong><em>Τοῦτον</em></strong></span> <span class='ocrx_word' id='word_1_325' title='bbox 687 2534 740 2591; x_wconf 75' lang='grc' dir='ltr'><strong>δή</strong></span> <span class='ocrx_word' id='word_1_326' title='bbox 772 2534 898 2590; x_wconf 80' lang='grc' dir='ltr'><strong><em>λέγω]</em></strong></span> <span class='ocrx_word' id='word_1_327' title='bbox 936 2535 1148 2576; x_wconf 81' lang='lat' dir='ltr'><strong>Iustiniani</strong></span> <span class='ocrx_word' id='word_1_328' title='bbox 1176 2535 1330 2575; x_wconf 84' lang='lat' dir='ltr'><strong>scilicet</strong></span> <span class='ocrx_word' id='word_1_329' title='bbox 1355 2539 1540 2572; x_wconf 78' lang='lat' dir='ltr'><strong>statuam.</strong></span> 
     </span>
     <span class='ocr_line' id='line_1_39' title="bbox 0 2589 1556 2646; baseline -0.003 -14"><span class='ocrx_word' id='word_1_330' title='bbox 0 2604 177 2633; x_wconf 56' lang='lat' dir='ltr'><strong>nocane.</strong></span> <span class='ocrx_word' id='word_1_331' title='bbox 235 2594 472 2634; x_wconf 84' lang='lat' dir='ltr'><strong>Columnam</strong></span> <span class='ocrx_word' id='word_1_332' title='bbox 498 2602 540 2634; x_wconf 87' lang='lat' dir='ltr'><strong>et</strong></span> <span class='ocrx_word' id='word_1_333' title='bbox 568 2601 742 2634; x_wconf 86' lang='lat' dir='ltr'><strong>statuam</strong></span> <span class='ocrx_word' id='word_1_334' title='bbox 764 2599 952 2633; x_wconf 81' lang='lat' dir='ltr'><strong>accurate</strong></span> <span class='ocrx_word' id='word_1_335' title='bbox 979 2594 1194 2646; x_wconf 77' lang='lat' dir='ltr'><strong>descripsit</strong></span> <span class='ocrx_word' id='word_1_336' title='bbox 1212 2591 1478 2642; x_wconf 86' lang='lat' dir='ltr'><strong>Pachymeres</strong></span> <span class='ocrx_word' id='word_1_337' title='bbox 1497 2589 1556 2645; x_wconf 79' lang='lat' dir='ltr'><strong>iu¹</strong></span> 
     </span>
     <span class='ocr_line' id='line_1_40' title="bbox 0 2648 1542 2706; baseline 0.001 -18"><span class='ocrx_word' id='word_1_338' title='bbox 0 2649 198 2702; x_wconf 80' lang='lat' dir='ltr'><strong>Ecphrasi</strong></span> <span class='ocrx_word' id='word_1_339' title='bbox 227 2654 303 2693; x_wconf 82' lang='grc' dir='ltr'><strong>τοῦ</strong></span> <span class='ocrx_word' id='word_1_340' title='bbox 332 2648 679 2706; x_wconf 75' lang='grc' dir='ltr'><strong><em>Αὖγουστεοῖνος,</em></strong></span> <span class='ocrx_word' id='word_1_341' title='bbox 721 2665 825 2704; x_wconf 77' lang='lat' dir='ltr'><strong>quae</strong></span> <span class='ocrx_word' id='word_1_342' title='bbox 854 2657 987 2691; x_wconf 80' lang='lat' dir='ltr'><strong>exstat</strong></span> <span class='ocrx_word' id='word_1_343' title='bbox 1011 2652 1055 2690; x_wconf 90' lang='lat' dir='ltr'><strong>in</strong></span> <span class='ocrx_word' id='word_1_344' title='bbox 1083 2650 1230 2689; x_wconf 82' lang='lat' dir='ltr'><strong>Codice</strong></span> <span class='ocrx_word' id='word_1_345' title='bbox 1260 2648 1383 2698; x_wconf 73' lang='lat' dir='ltr'><strong>Regio</strong></span> <span class='ocrx_word' id='word_1_346' title='bbox 1413 2649 1542 2690; x_wconf 84' lang='lat'><strong>3119.</strong></span> 
     </span>
     <span class='ocr_line' id='line_1_41' title="bbox 0 2702 1544 2762; baseline -0.006 -10"><span class='ocrx_word' id='word_1_347' title='bbox 0 2705 69 2746; x_wconf 76' lang='lat' dir='ltr'><strong>fol-</strong></span> <span class='ocrx_word' id='word_1_348' title='bbox 93 2711 160 2752; x_wconf 90' lang='grc'><strong>10.</strong></span> <span class='ocrx_word' id='word_1_349' title='bbox 194 2709 255 2747; x_wconf 85' lang='lat' dir='ltr'><strong>En</strong></span> <span class='ocrx_word' id='word_1_350' title='bbox 273 2709 359 2748; x_wconf 73' lang='lat' dir='ltr'><strong>eius</strong></span> <span class='ocrx_word' id='word_1_351' title='bbox 382 2709 530 2751; x_wconf 78' lang='lat' dir='ltr'><strong>verba:</strong></span> <span class='ocrx_word' id='word_1_352' title='bbox 567 2707 619 2751; x_wconf 79' lang='grc' dir='ltr'><strong>Τὸ</strong></span> <span class='ocrx_word' id='word_1_353' title='bbox 630 2711 708 2750; x_wconf 77' lang='grc' dir='ltr'><strong>τοῦ</strong></span> <span class='ocrx_word' id='word_1_354' title='bbox 718 2711 826 2751; x_wconf 76' lang='grc' dir='ltr'><strong><em>θεοῦ</em></strong></span> <span class='ocrx_word' id='word_1_355' title='bbox 833 2707 1037 2762; x_wconf 76' lang='grc' dir='ltr'><strong><em>τέμενοςή</em></strong></span> <span class='ocrx_word' id='word_1_356' title='bbox 1045 2708 1195 2758; x_wconf 83' lang='grc' dir='ltr'><strong><em>Σοφία,</em></strong></span> <span class='ocrx_word' id='word_1_357' title='bbox 1211 2708 1377 2753; x_wconf 68' lang='grc' dir='ltr'><strong><em>πολλαῖς</em></strong></span> <span class='ocrx_word' id='word_1_358' title='bbox 1389 2702 1544 2757; x_wconf 51' lang='lat' dir='ltr'><strong>uernat</strong></span> 
     </span>
     <span class='ocr_line' id='line_1_42' title="bbox 0 2760 1543 2828; baseline -0.003 -23"><span class='ocrx_word' id='word_1_359' title='bbox 0 2765 282 2814; x_wconf 73' lang='grc' dir='ltr'><strong><em>παντοδαπαῖς</em></strong></span> <span class='ocrx_word' id='word_1_360' title='bbox 307 2769 396 2815; x_wconf 79' lang='grc' dir='ltr'><strong><em>ταῖς</em></strong></span> <span class='ocrx_word' id='word_1_361' title='bbox 436 2764 546 2816; x_wconf 73' lang='grc' dir='ltr'><strong><em>ἐντὸς</em></strong></span> <span class='ocrx_word' id='word_1_362' title='bbox 575 2763 769 2821; x_wconf 74' lang='grc' dir='ltr'><strong><em>ὦρᾶϊσται</em></strong></span> <span class='ocrx_word' id='word_1_363' title='bbox 795 2762 932 2821; x_wconf 75' lang='grc' dir='ltr'><em>χάρισι</em></span> <span class='ocrx_word' id='word_1_364' title='bbox 952 2779 964 2789; x_wconf 90' lang='grc'><em>·</em></span> <span class='ocrx_word' id='word_1_365' title='bbox 1019 2767 1185 2811; x_wconf 71' lang='grc' dir='ltr'><strong><em>πολλαῖς</em></strong></span> <span class='ocrx_word' id='word_1_366' title='bbox 1214 2762 1258 2803; x_wconf 81' lang='grc' dir='ltr'><strong>δέ</strong></span> <span class='ocrx_word' id='word_1_367' title='bbox 1286 2777 1328 2816; x_wconf 80' lang='grc' dir='ltr'><strong>γε</strong></span> <span class='ocrx_word' id='word_1_368' title='bbox 1356 2760 1427 2802; x_wconf 78' lang='grc' dir='ltr'><strong>καὶ</strong></span> <span class='ocrx_word' id='word_1_369' title='bbox 1454 2764 1543 2828; x_wconf 53' lang='grc' dir='ltr'><strong>τξῖς</strong></span> 
     </span>
     <span class='ocr_line' id='line_1_43' title="bbox 0 2817 1543 2876; baseline -0.004 -11"><span class='ocrx_word' id='word_1_370' title='bbox 0 2818 112 2872; x_wconf 65' lang='grc' dir='ltr'><strong><em>ἐκτὸς</em></strong></span> <span class='ocrx_word' id='word_1_371' title='bbox 140 2818 471 2866; x_wconf 56' lang='lat' dir='ltr'><strong>ammomum.</strong></span> <span class='ocrx_word' id='word_1_372' title='bbox 508 2823 579 2866; x_wconf 82' lang='grc' dir='ltr'><strong>καὶ</strong></span> <span class='ocrx_word' id='word_1_373' title='bbox 601 2820 760 2867; x_wconf 80' lang='grc' dir='ltr'><strong><em>τούτων</em></strong></span> <span class='ocrx_word' id='word_1_374' title='bbox 785 2820 832 2866; x_wconf 73' lang='grc' dir='ltr'><strong>τό</strong></span> <span class='ocrx_word' id='word_1_375' title='bbox 856 2826 1027 2876; x_wconf 80' lang='grc' dir='ltr'><strong>θαῦμα,</strong></span> <span class='ocrx_word' id='word_1_376' title='bbox 1057 2825 1233 2876; x_wconf 79' lang='grc' dir='ltr'><strong><em>κρεῖττον</em></strong></span> <span class='ocrx_word' id='word_1_377' title='bbox 1253 2818 1285 2873; x_wconf 76' lang='grc' dir='ltr'><em>ἢ</em></span> <span class='ocrx_word' id='word_1_378' title='bbox 1301 2817 1447 2873; x_wconf 75' lang='grc' dir='ltr'><strong><em>λέγειν·</em></strong></span> <span class='ocrx_word' id='word_1_379' title='bbox 1478 2833 1543 2863; x_wconf 76' lang='grc' dir='ltr'><strong>οτι</strong></span> 
     </span>
    </p>
   </div>
  </div>
 </body>
</html>
