1754 3164
221 134 355 185 1254
750 146 1227 192 ANNOTATIONES.

216 248 527 291 misericordiam
559 261 791 291 consecuta.-
819 251 888 292 secl
917 264 1107 308 quantum
1142 271 1162 295 e
1190 257 1367 310 peccatis
1395 274 1582 313 emergere
1611 271 1750 314 potest,

217 317 370 347 tantum
411 309 528 347 eriam
565 308 816 362 progreditur
857 309 912 349 acl
947 310 1118 362 luctum,
1162 323 1198 352 et
1226 329 1301 368 pro
1339 317 1401 354 sui
1430 315 1559 357 luctus
1586 317 1749 356 modulo

216 363 510 404 misericordiae
542 364 849 407 consolationem
887 367 1058 420 obtinet3
1099 371 1158 409 ita
1187 381 1229 410 ut
1256 373 1293 411 si
1319 371 1396 412 hoc
1425 375 1466 413 in
1495 384 1598 413 statu
1617 376 1750 430 jaer-it

215 421 415 461 humiliter
451 424 683 474 immorata,
725 439 856 464 omnes
894 427 1052 465 animae
1082 428 1250 483 affectus
1288 441 1509 471 commutet.
1571 433 1747 482 Caetera,

217 493 318 531 quae
344 480 528 532 proxime
552 481 877 534 subsequuntur,
912 480 1101 524 eiusdem
1122 487 1345 537 argumenti
1367 485 1570 540 κεφάλαια
1594 490 1746 528 omitto.

213 537 412 577 Aestimet
430 538 559 577 lector
580 538 624 580 ἐκ
640 543 714 581 τοῦ
735 540 963 594 κρασπέδου
985 539 1028 583 τὸ
1050 540 1234 595 ὕφασμα.
1291 559 1450 586 BOIVJN.

331 598 428 650 Pag·
459 599 557 645 557,
589 601 657 640 22.
708 592 830 639 ἓἨκεν
865 597 894 653 ἦ
928 601 1181 655 προθεσμία]
1222 602 1325 642 [unii
1360 604 1444 644 dies
1474 604 1546 646 XI.
1574 611 1623 645 ut
1654 618 1751 643 mox

214 653 490 694 ostendemus.
547 667 702 695 1³01V1N.

330 714 425 766 Pag.
456 713 553 762 559,
583 715 621 755 9.
674 710 868 765 Ἑσπέρας
892 728 936 767 γε
965 711 1048 767 μήν
1088 712 1250 768 ἰούσης,
1280 714 1326 758 το“
1353 717 1530 772 θέατρον
1562 714 1750 759 διελύετο.

211 769 281 811 καὶ
301 768 323 811 ὅ
342 769 415 822 μὲν
433 767 626 824 Βαρλαοῖμ
654 774 752 819 etc.]
789 770 990 810 Caeterum
1019 773 1089 812 sub
1124 789 1318 827 vesperam
1348 774 1616 829 spectaculum
1647 774 1752 815 illuct

213 825 437 867 absolutum
469 839 536 868 est.
594 828 663 868 Ac
688 826 928 868 Barlaamus
953 829 1108 883 quidem
1142 838 1220 872 etc.
1280 833 1341 871 Ita
1368 834 1625 883 vertendum3
1657 848 1750 882 non,

213 892 259 924 ut
279 887 463 926 vertebat
485 886 675 926 Wolfius:
711 884 911 925 Caeterum
932 886 1004 925 sub
1027 903 1224 942 vesperam
1246 890 1471 943 spectaculo
1491 890 1563 930 illo
1584 890 1752 930 absolu-

212 953 274 992 to,
304 941 551 984 Barlaamus
572 944 830 998 ignominiam
862 942 979 982 illam
1008 948 1240 998 gravissime
1247 947 1388 1002 ferens
1403 978 1412 995 ,
1438 947 1567 1002 plenis
1590 946 1685 986 velis
1709 949 1751 986 in

212 998 378 1040 Italiam
407 1001 531 1053 ahii1‚·
563 1015 733 1054 quorum
755 1001 970 1040 verborum
996 1002 1062 1041 hic
1087 1004 1251 1043 videtur
1277 1019 1360 1044 esse
1380 1020 1540 1056 sensus,
1572 1004 1752 1044 Barlaa-

211 1073 318 1096 mum
336 1074 381 1096 ea
397 1060 485 1113 ipsa
505 1058 580 1106 die,
613 1074 691 1113 qua
717 1056 935 1098 Concilium
962 1058 1138 1099 habitum
1163 1063 1227 1110 sit,
1259 1061 1387 1116 plenis
1405 1062 1500 1102 velis
1525 1065 1566 1101 in
1586 1061 1751 1101 ltaliam

212 1114 377 1167 abiisse,
408 1117 451 1155 id
474 1117 584 1169 quod
607 1123 654 1155 ut
675 1116 895 1155 absurdum
917 1118 969 1155 ita
995 1119 1112 1156 etiarn
1139 1120 1282 1159 falsum
1306 1126 1376 1160 est.
1419 1122 1581 1159 Constat
1598 1122 1750 1172 quippe

211 1173 462 1213 Barlaamum
487 1188 538 1213 ex
569 1188 615 1213 eo
645 1174 893 1226 aliquamdiu
918 1175 1100 1226 Byzantii
1127 1177 1377 1227 substitisse,
1408 1192 1482 1217 nec
1509 1180 1550 1216 in
1578 1178 1751 1231 patriam

210 1244 417 1271 reversum
438 1246 546 1282 esse,
577 1232 651 1270 nisi
677 1238 770 1285 post
793 1231 947 1271 obitum
980 1234 1200 1274 Andronici
1225 1235 1407 1275 iunioris.
1469 1236 1569 1275 Vide
1598 1237 1753 1274 Canta·-

212 1302 302 1328 cuZ.
319 1289 390 1329 lib,
411 1290 461 1329 ΙΙ.
484 1304 571 1342 cap.
590 1290 676 1330 XL.
696 1302 784 1342 pag.
805 1292 902 1333 336.
961 1304 1112 1331 noivn‘.

328 1350 427 1401 Pag.
461 1350 559 1397 559,
594 1351 656 1390 16.
702 1345 860 1388 ’Έλαθε
893 1350 944 1405 τῇ
974 1347 1188 1404 ὑστεραίᾳ]
1235 1350 1432 1389 Postridie
1472 1350 1628 1389 scilicet
1666 1351 1750 1390 eius

212 1404 317 1453 diei,
362 1419 444 1457 quo
476 1404 697 1444 Concilium
725 1403 909 1444 habitum
940 1406 1083 1446 suerat.
1142 1407 1281 1459 Itaque
1316 1408 1539 1447 Concilium
1569 1408 1751 1447 habitum

211 1468 271 1501 est
291 1463 354 1502 die
374 1463 480 1502 Iunii
501 1463 571 1501 XI.
628 1463 728 1500 Nam
750 1463 851 1502 obiit
871 1464 1088 1515 imperator
1109 1463 1173 1502 die
1196 1465 1297 1503 lunii
1316 1466 1403 1504 XV.
1423 1479 1516 1504 cum
1538 1466 1622 1505 dies
1647 1481 1750 1518 qua-

209 1526 305 1559 tuor
325 1521 537 1560 continuos
559 1534 675 1572 aeger
698 1521 980 1571 decubuisset,
1010 1528 1056 1560 ut
1073 1523 1205 1561 statim
1232 1526 1479 1562 ostendetur.
1535 1537 1690 1565 Belle.

328 1581 424 1631 Pag.
456 1579 553 1628 560,
586 1583 626 1621 1.
682 1573 771 1619 Ἐπὶ
790 1580 928 1632 τρίτην
945 1575 1060 1633 ἐγγύς
1081 1595 1162 1620 που
1184 1579 1366 1634 ἡμέραν]
1398 1581 1621 1634 Imperator
1650 1583 1750 1621 duo-

209 1635 286 1675 bus
306 1636 446 1675 diebus
469 1636 581 1688 gravi
605 1650 752 1689 sopore
773 1651 1010 1689 oppressus,
1048 1638 1166 1676 tertio
1189 1639 1386 1678 excitatus
1412 1647 1474 1678 est
1494 1652 1504 1677 :
1536 1645 1620 1678 tum
1642 1641 1749 1680 idem

209 1695 332 1747 paulo
353 1700 446 1747 post
466 1694 507 1732 in
527 1708 713 1747 soporem
741 1695 947 1746 relapsus,
978 1695 1028 1733 ad
1051 1696 1214 1735 tertium
1239 1697 1324 1736 fere
1349 1696 1453 1736 diem
1478 1696 1612 1737 iacuit.
1673 1699 1750 1737 Ita·

210 1766 289 1804 que
309 1752 394 1791 dies
411 1752 552 1792 saltem
572 1758 747 1804 quatuor
769 1754 980 1791 continuos
1005 1752 1209 1793 decubuit.
1268 1754 1569 1794 Cantacuzenus
1590 1756 1750 1806 quatri-

210 1811 294 1849 duo
324 1810 496 1849 iacuisse
525 1823 616 1849 eum
642 1811 685 1849 in
718 1810 825 1849 lecto
856 1810 1066 1862 significat.
1126 1811 1179 1850 At
1214 1813 1437 1862 Fontanus,
1477 1810 1749 1852 Cantacuzeni

209 1869 425 1920 interpres,
458 1882 507 1907 ex
520 1874 694 1920 quatuor
708 1867 849 1907 diebus
872 1874 1023 1921 septem
1038 1868 1182 1909 effecit.
1212 1871 1311 1908 Nam
1333 1884 1456 1909 cuma
1471 1871 1748 1910 Cantacuzeno

209 1925 413 1979 ὑστεραία,
445 1925 620 1980 δευτέρα,
649 1926 782 1978 τρίτη,
812 1922 977 1979 τετάρτη
997 1927 1154 1979 positae
1174 1928 1328 1978 forent,
1359 1934 1479 1980 atque
1502 1942 1570 1967 eae
1585 1929 1748 1980 quidem

211 1983 296 2022 suis
317 1997 500 2036 quaeque
513 1983 793 2036 symptomatis
814 1982 1047 2034 distinctae3
1081 1984 1168 2037 ipse
1189 1999 1272 2024 eam
1287 1999 1390 2038 quae
1410 1986 1565 2024 Graece
1585 1986 1749 2040 δευτέρα

212 2047 341 2091 esset,
371 2043 526 2080 tertiam
546 2041 730 2091 vocavit,
763 2054 862 2093 quae
888 2042 1022 2095 τρίτη,
1053 2043 1208 2080 tertiam
1230 2057 1255 2081 a
1285 2044 1412 2093 tertia,
1448 2042 1491 2081 id
1513 2049 1572 2082 est
1592 2054 1747 2083 sextam

210 2098 371 2152 posuit:
404 2099 578 2151 denique
618 2095 676 2155 (in
708 2098 786 2137 fine
815 2099 978 2151 capitis)
1011 2113 1097 2138 eam
1126 2099 1256 2151 diem,
1291 2114 1394 2153 quae
1423 2115 1444 2139 a
1472 2100 1746 2139 Cantacuzeno

210 2153 376 2209 τετάρτη
403 2156 632 2206 diceretur,
672 2170 753 2194 non
782 2166 965 2210 quartam
997 2156 1282 2210 interpretatus
1311 2165 1396 2207 est,
1443 2158 1512 2196 sed
1552 2157 1750 2198 Mercurii

212 2211 342 2266 diem3
371 2228 446 2252 nec
467 2214 663 2264 advertit,
697 2214 804 2252 diem
825 2214 927 2252 Iunii
944 2214 1034 2256 XV.
1055 2229 1160 2254 anno
1181 2215 1322 2254 Mundi
1339 2216 1409 2257 VI.
1425 2215 1745 2255 MDCCCXLIX.

213 2270 362 2310 Christi
378 2271 618 2311 MCCCXLI.
638 2285 718 2310 non
738 2271 929 2311 incidisse
954 2272 997 2310 in
1025 2272 1164 2311 feriam
1194 2280 1399 2324 quartam,
1429 2286 1531 2324 quae
1557 2279 1615 2312 est
1641 2274 1748 2312 Aller-

212 2329 314 2368 curii
331 2326 434 2380 dies,
466 2330 596 2368 sedin
620 2329 761 2369 feriam
783 2335 958 2377 sextam,
991 2344 1091 2382 quae
1114 2337 1174 2370 est
1195 2330 1368 2369 Veneris.
1426 2344 1579 2372 BOIVIN.

328 2403 427 2455 Pag.
459 2402 557 2450 560,
586 2404 627 2444 3.
688 2399 802 2443 Κατοέ
823 2399 869 2443 τό
895 2405 1037 2455 ςωμθ]
1070 2401 1216 2441 Christi
1244 2403 1367 2445 1341.
1426 2416 1605 2442 nucANG.

327 2457 429 2512 Pag.
460 2458 556 2508 560,
586 2459 627 2502 5·
675 2457 732 2500 Tc?
762 2463 834 2513 τῆς
866 2455 1179 2514 αὐτοκρατορίας
1209 2459 1300 2512 ἔτη]
1342 2460 1474 2511 Haec,
1517 2473 1619 2512 quae
1651 2473 1747 2498 can-

213 2515 326 2555 cellis
357 2517 510 2555 inclusa
543 2523 656 2566 sunt,
700 2531 792 2556 cuin
824 2516 994 2556 Wolfius
1030 2530 1111 2555 non
1131 2517 1351 2556 invenisset
1387 2518 1430 2556 in
1469 2531 1543 2556 suo
1582 2517 1746 2563 Codice,

213 2588 336 2612 annos
356 2573 515 2627 imperii
533 2574 676 2625 viginti
699 2575 911 2625 assignavit
934 2574 1165 2613 Andronico
1187 2575 1346 2614 iuniori.
1406 2575 1539 2627 Atque
1563 2573 1659 2612 hinc
1689 2575 1746 2613 sa-

213 2638 323 2670 ctum
346 2639 472 2685 puto,
502 2637 547 2670 ut
566 2632 607 2671 in
625 2632 712 2685 ipsa
734 2632 904 2671 huiusce
928 2631 1129 2671 Historiae
1157 2632 1419 2686 inscriptione
1443 2631 1550 2671 idem
1577 2631 1747 2670 wolfius

213 2702 407 2727 summam
436 2703 634 2729 annorum
661 2690 933 2742 ampliaverit,
964 2691 1314 2743 numeraveritque
1346 2703 1470 2729 annos
1494 2689 1646 2728 CXLV.
1668 2703 1745 2743 pro

214 2746 456 2788 CXXXVII.
475 2753 521 2786 ut
539 2761 660 2801 supra
680 2748 957 2787 annotavimus
975 2748 1028 2787 ad
1049 2748 1154 2786 titul.
1175 2748 1270 2787 libri
1299 2748 1431 2801 primi.
1489 2761 1640 2787 noxvns.

331 2807 430 2858 Pag.
461 2806 557 2854 560,
589 2808 627 2849 6.
673 2802 774 2858 ’Έτη
803 2805 1045 2845 δυοκαίδεκα
1077 2800 1156 2858 ἦν]
1191 2806 1315 2843 Immo
1345 2807 1443 2845 anni
1471 2803 1680 2855 tredecim,
1711 2813 1747 2843 et

213 2857 296 2900 dies
321 2862 464 2916 viginti
496 2860 588 2902 duo.
649 2862 748 2902 Nam
784 2862 1040 2902 Andronicus
1070 2862 1202 2903 iunior
1226 2863 1342 2903 Urbis
1370 2864 1524 2916 potitus
1546 2869 1606 2902 est
1639 2875 1743 2900 anno
