1794 3172
238 139 344 189 960
521 180 524 184 .
659 145 700 191 N
704 142 977 189 ICEPHORJ
1004 142 1329 189 GREGORAE

22 267 59 301 A,
78 266 121 300 M.
138 265 229 304 6859
241 257 380 302 τοίνυν
399 257 467 301 καὶ
493 253 514 299 ὃ
535 255 664 305 πολὺς
684 253 737 298 τὰ
756 259 855 298 θεῖα
868 254 1086 305 Βασίλειος
1100 267 1110 278 ·
1133 253 1398 313 ,,ἆρκε’σθητι
1416 253 1541 311 λέγειν
1562 253 1618 305 ὦς
1637 254 1722 297 ἔδι-

74 314 181 350 Ind·4
242 325 431 383 δάχθης·
466 327 534 369 καὶ
556 322 616 381 μή
643 341 716 380 μοι
741 323 796 368 τὰ
814 323 928 382 σοφὰ
955 327 1088 367 ταῦτα
1107 324 1217 381 λε’γε,
1251 322 1315 368 ὅτι
1343 321 1565 382 ἀγέννητόν
1595 325 1721 377 ἐστιν,

240 396 268 454 ἢ
290 393 505 454 γεννητόν·
542 395 610 437 καὶ
630 395 665 436 εἴ
680 394 756 448 μὲν
777 392 1011 451 ἀγέννητον,
1047 391 1185 450 πατήρ
1199 408 1208 418 ·
1246 396 1282 437 εἴ
1303 395 1348 438 δὲ
1365 393 1572 452 γεννητὸν,
1604 391 1718 443 υἱός·

242 469 277 511 εἲ
299 467 345 509 δὲ
363 464 590 521 μηδέτερον
607 461 782 517 τούτων,
811 464 977 519 κτίσμα.
1016 463 1094 520 ε’γὼ
1112 463 1191 521 γὰρ
1211 463 1318 519 μετὰ
1336 468 1411 507 τοῦ
1430 461 1588 521 πατρὸς-
1609 461 1719 516 οἶδα,

204 535 294 583 Βοῧ
315 534 398 591 μὴν
423 534 467 577 δὲ
498 533 657 591 πατέρα
665 566 679 587 ,
712 532 761 576 τὸ
785 537 967 589 πνεῦμα·
1004 535 1072 576 καὶ
1100 533 1205 588 μετὰ
1236 538 1312 576 τοῦ
1343 534 1438 577 vio&
1465 532 1752 590 παρέλαβονρ

244 605 321 660 οὐχ
341 603 433 647 ὐἱὸν
455 603 498 646 δ’
525 602 861 658 ὠνομασμένον.”
896 604 964 647 καὶ
988 600 1112 646 πάλιν
1127 616 1137 628 ·
1172 600 1542 660 ,,ἇκολουθότερον
1558 597 1624 658 ἦν,
1653 601 1722 644 διὰ

241 674 289 718 τὸ
329 676 596 731 γεγεννῆσθαι
627 672 700 716 τὸν
728 672 842 726 υἱὸν,
885 673 1065 730 γέννημα
1103 677 1494 730 προσαγορευθῆναι
1538 673 1606 714 καὶ
1646 670 1724 726 οὐχ

241 741 356 788 υἱόν·
393 742 485 786 ἀλλ’
518 741 593 786 οὐκ
627 741 798 799 εἴρηται.
845 742 909 786 διὸ
933 742 1016 799 χρὴ
1037 742 1110 785 τὸν
1129 741 1209 800 πρὸ
1231 742 1468 800 ὀφθαλμῶν
1497 740 1644 797 ἔχοντα
1673 740 1721 784 τὸ

239 817 316 858 τοῦ
339 815 530 869 Χριστοῦ
561 809 828 870 δικαστήριον
856 814 923 855 καὶ
947 809 1084 856 εἰδότα
1107 810 1204 862 ὅσος
1225 809 1246 855 ὅ
1270 813 1459 862 κίνδυνος
1489 811 1652 869 ἀφελεῖν
1682 827 1724 853 τι

241 882 269 940 ἢ
289 886 534 940 προσθεῖναι
552 888 640 932 τοῖς
659 881 1008 939 παραδεδομένοις
1029 879 1109 924 ὕπὸ
1131 885 1206 924 τοῦ
1236 879 1492 937 πνεύματος,
1525 881 1585 936 μὴ
1612 879 1720 937 παρ’
1735 892 1780 927 10

243 951 394 996 ἑαυτοῦ
414 955 724 1009 φιλοτιμεῖσθαι
744 958 1001 1006 καινοτομεῖν
1015 965 1024 975 ·
1063 950 1170 994 ἀλλὰ
1197 957 1284 1002 τοῖς
1306 950 1726 1008 προκατηγγελμένοις

243 1021 359 1078 παρὰ
380 1025 463 1064 τῶν
485 1018 610 1077 ἁγίων
628 1018 937 1078 ἐφησυχάζειν.”
972 1021 1040 1064 καὶ
1063 1018 1186 1063 πάλιν
1201 1034 1211 1044 ·
1240 1053 1255 1075 ,
1261 1022 1412 1073 ,πίστιν
1432 1022 1476 1064 δὲ
1494 1018 1609 1076 ἡμεῖς
1630 1019 1724 1063 οὕτε

203 1090 354 1147 οπαρ’
392 1089 530 1133 ἄλλων
560 1090 826 1147 γραφομένην
859 1088 958 1146 ἡμῖν
987 1091 1194 1146 νεωτέρων
1227 1089 1578 1149 παραδεχόμεθα,
1627 1088 1720 1133 οὔτ’

245 1160 365 1204 αὐτοὶ
396 1159 449 1202 τὰ
469 1163 545 1215 τῆς
563 1157 764 1216 ἡμετέρας
786 1160 971 1210 διανοίας
998 1158 1230 1216 γεννήματα
1253 1158 1528 1215 παραδιδόναι
1558 1163 1724 1214 τολμῶ-

245 1247 346 1286 μεν,
375 1229 447 1272 ἳνα
480 1228 537 1284 μὴ
559 1226 806 1285 ἀνθρώπινα
835 1227 1069 1285 ποιήσωμεν
1102 1228 1154 1271 τὰ
1184 1233 1258 1285 τῆς
1288 1228 1495 1283 εὐσεβείας
1527 1227 1780 1286 ρήματα·15

245 1298 342 1343 ἀλλ’
366 1296 394 1341 ἃ
411 1298 526 1355 παρὰ
546 1301 629 1341 τῶν
647 1296 772 1355 ἁγίων
793 1298 982 1356 πατέρων
1003 1295 1282 1354 δεδιδάγμεθα
1292 1331 1306 1351 ,
1343 1303 1477 1342 ταῦτα
1506 1306 1593 1349 τοῖς
1617 1299 1723 1356 ἐρω-

244 1372 347 1413 τῶσι
370 1367 698 1425 διαγγέλλομεν.”
720 1369 788 1411 καὶ
813 1365 957 1411 πάλιν
980 1366 1076 1422 „Su
1097 1367 1143 1411 τὸ
1163 1372 1239 1424 τῆς
1258 1370 1477 1425 θεολογίας
1492 1366 1724 1425 μυστήριον

246 1437 324 1494 τὴν
342 1438 385 1480 ἐκ
402 1441 477 1493 τῆς
499 1436 783 1492 ἄβασανίστου
805 1438 979 1488 πίστεως
1005 1439 1118 1493 ζητεῖ
1144 1435 1470 1494 συγκατάθεσιν,
1508 1443 1725 1481 πιστεῦσαι

95 1513 137 1550 V.
154 1512 224 1550 488
252 1509 318 1551 δεῖ
337 1505 499 1566 (φησὶν)
531 1504 594 1550 ὅτι
615 1505 701 1550 ἔστι
724 1505 847 1561 θεὸς,
880 1508 948 1550 καὶ
965 1506 1024 1562 μὴ
1045 1509 1216 1563 ζητῆσαι
1240 1508 1347 1562 μηδὲ
1376 1509 1654 1563 ζυγομαχῆσαι
1684 1508 1727 1550 τί

207 1559 403 1621 1)ε’στιν.”
435 1574 623 1637 ὅρᾷςλκαὶ
641 1575 714 1620 τὸν
734 1576 863 1632 μέγαν
884 1581 1033 1620 τοῦτον
1050 1575 1314 1630 διδάσκαλον,
1351 1574 1454 1632 ὅσην
1471 1584 1557 1627 τοῖς
1585 1574 1723 1620 τοιού-
1733 1585 1782 1620 20

245 1663 333 1697 τοις
354 1646 582 1690 ἀποδίδωσι
598 1645 674 1701 τὴν
692 1644 820 1699 αι’δῶ,
854 1647 921 1689 καὶ
944 1643 1069 1695 αὐτός
1089 1663 1131 1689 τε
1153 1643 1347 1702 ὁμολογεῖ
1360 1645 1419 1701 μὴ
1441 1650 1599 1706 τολμᾷν
1619 1644 1724 1701 μήτε

246 1715 302 1761 τὰ
333 1720 432 1760 θεῖα
471 1713 831 1775 περιεργάζεσθαι,
881 1712 993 1772 μήθ’
1034 1713 1171 1774 ἕτερόν
1203 1732 1244 1759 τι
1278 1713 1478 1774 νεώτερον
1512 1717 1723 1771 δέχεσθαι,

340 1850 399 1885 22.
430 1845 534 1896 μήθ’
562 1847 694 1896 ἑτέρων
720 1861 757 1884 τι
783 1846 964 1896 νεώτερον
993 1845 1189 1895 δέχεσθαι,
1219 1845 1312 1896 μήτ’
1343 1845 1461 1891 αὐτὸς
1487 1846 1725 1897 παρεισάγειν

338 1895 443 1933 Boiv.
460 1896 641 1943 legendum
657 1896 808 1933 videtur.

250 2012 316 2046 est.
337 2009 499 2053 Basilius,
519 2011 556 2046 in
579 2010 705 2047 divinis
721 2011 862 2047 multum
878 2013 1048 2054 versatus,
1067 2012 1276 2053 „contentus
1294 2009 1405 2054 esto‚”
1430 2009 1554 2057 inquit,
1578 2010 1654 2054 „ita
1670 2010 1723 2045 lo-

249 2056 332 2103 qui,
355 2062 395 2091 ut
417 2057 560 2093 edoctus
582 2070 640 2093 es:
670 2070 735 2093 nec
765 2063 804 2092 tu
837 2058 920 2093 mihi
951 2058 1091 2092 subtilia
1114 2059 1200 2093 haec
1223 2058 1339 2101 dicas3
1369 2058 1426 2093 vel
1455 2057 1631 2104 ingenitus
1654 2062 1724 2100 est,

249 2103 308 2138 vel
331 2103 485 2149 genitus:
510 2105 541 2138 si
563 2105 759 2150 ingenitus,
782 2104 913 2146 Pater;
945 2104 975 2138 si
999 2106 1160 2151 genitus,
1184 2104 1316 2147 Filius;
1347 2104 1378 2140 si
1413 2106 1530 2140 horum
1554 2109 1722 2146 neutrum,

252 2155 415 2185 creatura
437 2155 500 2185 est.
546 2150 640 2186 Nam
662 2162 728 2196 ego
751 2150 919 2196 Spiritum
942 2151 1013 2186 scio
1037 2163 1113 2186 cum
1136 2152 1244 2186 Patre
1267 2163 1362 2193 esse,
1387 2156 1424 2185 at
1441 2163 1510 2186 non
1531 2155 1567 2185 et
1583 2151 1723 2185 Patrem

251 2207 339 2230 esse.
391 2196 478 2230 Item
500 2208 575 2231 eum
599 2208 673 2232 cum
697 2197 788 2232 Filio
812 2209 910 2239 esse,
933 2209 1000 2231 non
1024 2201 1136 2233 autem
1160 2198 1282 2233 Filium
1306 2197 1511 2232 nominatum
1534 2196 1643 2231 fuisse
1668 2197 1723 2230 di-

252 2241 354 2278 dici?
386 2242 541 2277 Rursus:
563 2255 802 2290 „consequens
819 2247 895 2279 erat
911 2244 1046 2287 Filium,
1074 2256 1115 2279 eo
1138 2244 1229 2290 quod
1246 2243 1381 2290 genitus
1399 2248 1503 2286 esset,
1527 2243 1724 2287 genituram

252 2288 419 2334 appellari
449 2288 563 2335 potius
593 2301 696 2335 quam
728 2288 862 2324 Filium.
917 2290 998 2325 Non
1027 2295 1140 2325 tamen
1164 2291 1216 2325 ita
1238 2291 1352 2325 dictus
1376 2290 1455 2324 fuit.
1510 2289 1583 2330 Qui
1612 2289 1724 2334 igitur

251 2334 385 2370 Christi
405 2335 570 2370 iudicium
591 2347 678 2381 prae
700 2335 810 2370 oculis
833 2336 981 2378 habeat,
1015 2341 1051 2371 et
1081 2336 1211 2382 aliquid
1244 2337 1318 2371 sive
1341 2336 1478 2371 demere
1501 2335 1578 2370 sive
1595 2335 1724 2370 addere

253 2380 309 2423 iis,
335 2392 424 2427 quae
442 2393 464 2416 a
480 2381 616 2427 Spiritu
638 2381 768 2416 tradita
790 2387 869 2416 sunt
891 2394 992 2428 quam
1010 2382 1237 2429 periculosum
1254 2382 1300 2417 sit
1322 2382 1506 2426 intelligat,
1532 2393 1608 2416 eum
1620 2392 1725 2427 opor·-

253 2431 306 2462 tet
328 2427 411 2462 nihil
433 2427 478 2462 de
500 2439 561 2462 suo
591 2438 716 2463 novum
739 2428 917 2463 ambitiose
940 2429 1167 2471 comminisci,
1200 2429 1262 2463 sed
1293 2428 1337 2463 iis
1361 2429 1602 2474 acquiescere,
1634 2439 1725 2474 quae

254 2473 334 2508 olim
357 2474 479 2509 Sancti
501 2473 805 2520 pronunciamnt.’'
841 2474 991 2510 Rursust
1014 2487 1103 2518 „nos
1127 2486 1212 2510 vero
1236 2474 1455 2517 necFidem,
1479 2486 1579 2521 quam
1601 2485 1723 2508 recen-

193 2534 198 2538 ·
241 2519 360 2555 -tiores
383 2520 444 2555 alii
465 2519 562 2556 nobis
585 2520 894 2566 praescripserint,
925 2522 1157 2564 admittimus,
1190 2533 1255 2557 nec
1287 2533 1378 2567 quae
1400 2532 1495 2556 mens
1517 2525 1636 2555 nostra
1661 2532 1725 2566 pe·-

254 2566 407 2612 pererit,
431 2568 472 2601 ea
495 2567 564 2614 ipsi
586 2566 726 2601 tradere
749 2567 931 2610 audemus,
956 2580 1000 2602 ne
1022 2569 1168 2603 humana
1191 2579 1255 2613 per
1279 2579 1340 2602 nos
1362 2567 1448 2602 fiant
1464 2579 1570 2602 verae
1583 2566 1726 2611 religio-

253 2612 308 2646 nis
331 2614 456 2648 verba:
479 2613 542 2648 sed
556 2624 647 2660 quae
669 2624 712 2648 ex
735 2612 866 2648 sanctis
887 2613 1048 2649 Patribus
1072 2613 1262 2656 didicimus,
1281 2625 1325 2648 ea
1347 2612 1576 2659 interroganti
1600 2613 1726 2658 cuique

253 2658 530 2695 denunciamus?
578 2660 733 2695 Rursus:
764 2659 947 2705 „quoniam
966 2660 1156 2696 divinitatis
1182 2660 1382 2705 mysterium
1396 2660 1517 2695 Fidem
1534 2660 1624 2694 citra
1641 2670 1725 2693 exa-

252 2715 329 2738 men
353 2707 595 2741 assentientem
617 2704 785 2752 requirit,
818 2706 961 2741 credere
993 2711 1132 2752 oportet
1165 2706 1316 2751 (inquit)
1339 2706 1448 2741 Deum
1471 2718 1568 2747 esse,
1593 2716 1634 2740 ac
1657 2716 1725 2739 non

253 2751 336 2796 quid
358 2751 406 2787 sit
428 2764 596 2798 quaerere
618 2756 655 2787 et
677 2752 889 2788 contentiose
910 2752 1126 2798 disputare.’'
1150 2752 1260 2787 Vides
1283 2757 1444 2798 quantam
1469 2758 1505 2787 et
1528 2752 1584 2787 hic
1603 2751 1726 2786 doctor

255 2796 400 2832 eximius
422 2799 652 2834 reverentiam
676 2798 731 2834 his
754 2799 856 2833 rebus
880 2804 1056 2844 praestet,
1079 2804 1184 2844 atque
1207 2803 1246 2832 ut
1268 2799 1441 2840 fateatur,
1464 2811 1529 2834 nec
1553 2810 1590 2832 se
1612 2797 1647 2832 in
1671 2796 1725 2830 di-

253 2842 337 2880 vina
360 2844 537 2892 inquirere
558 2843 749 2889 curiosius,
773 2857 838 2882 nec
859 2856 983 2882 recens
1005 2844 1187 2893 quicquam
1210 2850 1269 2881 aut
1292 2846 1336 2881 ab
1360 2845 1438 2881 aliis
1462 2844 1640 2892 accipere,
1663 2846 1726 2879 aut
