1794 3172
345 162 666 211 HISTORIAE
692 159 1067 208 BYZANTINAE
1094 157 1252 203 XVIII.
1264 158 1305 204 4.
1447 146 1548 195 885

67 276 305 335 νεστέρους,
341 273 398 327 ὥς
423 271 476 331 δή
499 291 539 317 τι
560 273 664 330 μέγα
687 273 755 316 καὶ
770 269 986 327 βασιλικὸν
1007 267 1124 327 ἔργον
1144 270 1281 326 defit-,-
1315 268 1362 312 τί
1381 264 1548 324 σχεδιά-
1571 275 1607 308 A.
1621 275 1662 308 c,
1678 272 1770 309 1351

66 350 146 402 ζεις
178 349 442 390 διαλεκτικῶν
472 342 666 398 πιθήκων
698 340 895 385 ἀνάδοσιν
904 373 918 395 ,
957 337 1148 397 καθάπερ
1187 339 1227 382 οἶ
1252 342 1387 393 μῦθοι
1419 323 1772 404 πάλαιιωῐῖζέἕξῖἓω

67 417 167 467 τοὺς
186 418 404 473 γίγαντας,·
439 414 483 456 τί
499 417 574 469 τῆς
593 416 669 468 σῆς
687 409 895 461 κολάσεως
915 406 1178 466 ἐκπυρσεύεις
1196 407 1273 464 τὴν
1303 406 1440 466 φλόγα
1452 428 1469 463 ,·
1504 408 1549 451 τί
1555 414 1589 449 Ε

68 494 155 536 τοῖς
173 487 288 529 παισὶ
305 489 491 541 γεωργεῖς
507 485 744 538 στεναγμῶν
763 482 830 523 καὶ
853 480 1033 530 πένθους
1059 476 1297 533 ἀστάχυας;
1334 480 1379 521 τί
1396 482 1551 535 κλῆρον

39 554 172 603 5ἒκιὺν
195 553 609 610 αὖτοῒςῄκαταλείπεις
627 551 703 607 τὴν
725 554 800 593 τοῦ
823 546 1087 607 προπάτορος
1110 546 1244 605 ἀράν,·
1268 549 1313 591 τί
1328 546 1548 606 τριβόλους

68 627 136 668 καὶ
165 626 310 674 κακίας
341 621 534 665 ἄκανθαν
559 618 683 678 βιάζῃ
717 624 792 676 τῆν
813 624 888 676 γῆν
917 618 1057 668 αὐτοῖς
1081 617 1314 661 ἀνατέλλειν
1322 651 1336 671 ,
1375 619 1443 661 καὶ
1467 619 1547 660 δα-

67 693 204 751 κρύων
226 692 363 748 ἅλμην
380 688 654 747 τηλικαύτην;
689 690 733 732 τί
760 689 982 744 δυστυχίας
1012 689 1081 730 καὶ
1111 685 1271 741 λύπας,
1297 678 1388 738 ἐξὸν
1407 686 1548 742 »εὔθυ-

65 765 167 820 μίαν
185 764 254 806 καὶ
272 761 426 816 δόξαν,·
467 757 680 815 μνήσθητι
700 757 761 802 ὅτι
782 758 939 814 θνητὸς
965 755 1004 800 εἶ’
1028 758 1094 800 καὶ
1117 756 1278 812 θνητὴν
1300 755 1439 813 ἔλαχες
1465 754 1547 814 (pah

66 850 144 877 σιν.
177 831 360 890 φοβερὸν
378 829 426 873 τὸ
447 830 634 884 ἐμπεσεῖν
655 830 711 879 εἷς
730 835 872 885 χεῖρας
894 831 999 871 θεοῦ
1026 828 1187 880 ζῶντος.
1234 827 1336 869 Εἰπὲ
1355 831 1444 877 πῶς
1469 826 1546 870 ἇλ-
1568 832 1611 870 Ρ.
1626 832 1700 871 557

9 916 56 952 10
68 907 135 946 λαι
155 903 231 957 μὲν
252 901 297 944 αἶ
312 897 519 957 τεττάρων
539 897 621 954 ἤδη
644 898 747 942 ἐτῶν
774 898 1030 954 ἐπαγγελίαι,
1068 896 1188 953 ἕτερα
1210 897 1235 938 δ
1242 895 1255 911 ²
1279 891 1332 938 αὖ
1351 895 1403 938 τοὶ
1421 896 1515 952 τέλη
1528 915 1547 952 ‚-

65 971 295 1027 καθολικὴν
325 970 402 1026 μὲν
431 968 510 1025 γὰρ
538 967 797 1023 πεποιηκέναι
827 965 1004 1010 σύνοδον
1034 965 1088 1009 τὰ
1110 969 1186 1021 τῆς
1207 969 1284 1021 σῆς
1306 966 1548 1022 ἐπαγγελίας

0 1045 5 1051 “
63 1037 137 1098 ἦν,
162 1043 428 1098 πατριαρχῶν
449 1035 641 1081 ἁπάντων
662 1038 729 1080 καὶ
749 1034 980 1080 ἐπισκόπων
998 1035 1237 1092 κληθέντων
1250 1048 1260 1058 ·
1283 1039 1359 1078 νῦν
1380 1037 1405 1078 δ’
1412 1034 1425 1050 ²
1450 1035 1547 1078 οὐδὲ

63 1115 231 1168 μερικοῦ
273 1125 383 1160 τινος
412 1107 503 1163 ἴχνη
540 1105 824 1159 διασώζουσαν
859 1104 1080 1161 σχεδιάζεις
1114 1106 1430 1163 βουλευτηρίου.
1475 1105 1545 1147 καὶ

64 1182 161 1238 πρὶν
183 1180 260 1235 μὲν
292 1179 466 1221 ἐλπίδων
494 1176 584 1232 ἴχνη
610 1173 877 1233 διορθώσεως
904 1179 988 1219 τῶν
1010 1179 1086 1218 τοῦ
1115 1178 1307 1229 Παλαμᾶ
1333 1191 1545 1232 καινοφω-

8 1265 54 1301 15
65 1254 162 1294 νιῶν
187 1249 360 1304 ἔβοσκον
381 1246 456 1297 τὰς
475 1246 636 1289 ἐκείνων
658 1243 799 1301 ψυχάς
814 1259 823 1269 ·
860 1249 935 1289 νῦν
953 1245 998 1288 δὲ
1017 1243 1260 1302 τυραννικὸν
1283 1241 1368 1301 ὁρῶ
1393 1261 1438 1287 σε
1459 1247 1585 1300 ,Βῆ-Β

61 1337 123 1376 μα
140 1314 504 1375 παρασκευάζοντα
522 1315 597 1359 σὸν
615 1316 658 1359 ἐν
677 1316 804 1375 γωνίᾳ
813 1347 828 1368 ,
865 1312 1059 1371 καθάπερ
1086 1316 1129 1357 ἐν
1153 1315 1341 1373 σπηλαίῳ
1362 1317 1540 1371 λῃστῶν.
1566 1315 1612 1353 V·
1630 1314 1701 1353 451

61 1393 151 1439 πῶς
169 1388 249 1446 γὰρ
271 1386 331 1443 εἴη
353 1385 406 1430 ἂν
427 1383 624 1438 σύνοδος,
662 1389 747 1428 τῶν
772 1385 899 1428 θείων
923 1388 998 1440 τῆς
1027 1385 1243 1439 ἐκκλησίας
1271 1381 1454 1427 κανόνων
1475 1384 1546 1426 καὶ

61 1462 235 1512 θεσμῶν
259 1453 478 1514 ὖπερόριος
501 1450 634 1509 odem,-
669 1452 848 1504 κανόνας
874 1453 953 1510 γὰρ
981 1454 1025 1495 ἐκ
1046 1456 1292 1510 μεταφορᾶς
1324 1457 1544 1496 καλεῖσθαι

62 1527 327 1582 ξυμπέπτωκε
357 1529 434 1568 τοῦ
467 1527 699 1568 τεκτονικοῦ
733 1524 800 1566 καὶ
829 1526 967 1566 κοινοῦ
993 1520 1179 1572 κανόνος.
1226 1520 1364 1579 ὥσπερ
1386 1517 1460 1565 οὖν
1481 1525 1544 1580 τῷ

5 1600 284 1654 εοτεκτονικῷ
317 1592 459 1638 κανόνι
498 1592 760 1651 πλατυτέραν
797 1591 899 1647 ἔχειν
931 1590 1010 1647 τὴν
1037 1592 1181 1648 χρείαν
1217 1589 1397 1647 ἀνάγκη,
1433 1589 1543 1633 κατὰ

64 1670 204 1709 πᾶσαν
223 1669 300 1721 γῆν
318 1681 362 1707 τε
382 1664 451 1707 καὶ
468 1660 692 1706 θάλασσαν
706 1695 720 1715 ,
743 1663 811 1704 καὶ
832 1660 990 1718 ὅπηπερ
1016 1659 1067 1703 ἂν
1089 1658 1166 1704 εἶεν
1189 1660 1439 1710 ἐνοικοῦντες
1468 1658 1549 1703 ἄν·

62 1739 252 1793 θρωποι·
292 1740 386 1784 ταῖς
413 1732 459 1776 δὲ
486 1736 570 1776 τῶν
600 1729 838 1790 ἀνθρώπων
869 1728 1102 1788 ἡγεμονίαις
1126 1726 1299 1789 μερικάς
1319 1745 1437 1780 τινας
1467 1730 1582 1773 ‚calc

61 1893 156 1928 tibus
181 1891 321 1935 studes,
354 1903 397 1927 ao
418 1891 449 1926 si
472 1890 566 1927 istud
586 1901 743 1938 magnum
762 1892 798 1926 et
816 1889 1024 1937 imperatore
1045 1887 1187 1934 dignum
1203 1887 1337 1924 facinus
1359 1887 1435 1923 sit?
1465 1887 1541 1923 Cur

62 1940 234 1974 simiarum
251 1939 507 1974 dialecticarum
523 1939 662 1974 uberem
681 1943 883 1984 proventum
899 1940 1045 1983 repente
1059 1935 1220 1978 effundis,
1245 1938 1285 1969 ut
1302 1935 1440 1970 fabulae
1457 1934 1538 1970 olim

60 1986 263 2032 Gigantas?
296 1987 368 2020 Cur
394 1986 469 2032 ipse
490 1985 650 2031 supplicii
671 1986 723 2020 tui
740 1984 906 2019 flammam
932 1982 1092 2018 accendis
1103 1984 1121 2017 2
1156 1983 1229 2017 Cur
1254 1981 1478 2027 suspiriorum
1501 1984 1539 2016 et

60 2033 282 2068 lamentorum
305 2043 447 2068 messem
464 2031 584 2067 liberis
609 2032 680 2067 tuis
709 2041 896 2066 coacervas
908 2029 927 2064 ’ἒ
956 2030 1031 2064 Cur
1049 2041 1108 2064 eos
1128 2030 1247 2064 volens
1264 2028 1416 2063 instituis
1434 2029 1540 2063 here-

62 2079 124 2113 des
151 2078 400 2114 maledictionis
425 2078 581 2125 prolatae
606 2079 770 2113 adversus
794 2076 936 2122 primum
964 2076 1158 2111 hominem?
1194 2077 1267 2110 Cur
1287 2075 1384 2120 cogis
1407 2081 1537 2110 terram

62 2125 112 2159 eis
132 2125 278 2160 tribulos
297 2130 333 2159 et
350 2136 587 2159 aerumnarum
608 2124 724 2171 spinas
740 2124 954 2169 germinare,
977 2127 1014 2157 et
1032 2127 1164 2157 tantam
1191 2122 1415 2167 lacrymarum
1440 2131 1536 2156 ama-

60 2171 176 2206 ritiem
196 2172 397 2217 parturire?
433 2172 506 2206 Cur
531 2171 723 2206 infortunia
745 2175 783 2205 et
800 2170 959 2211 dolores,
984 2181 1059 2204 cum
1079 2169 1244 2204 laetitiam
1267 2173 1303 2202 et
1321 2167 1539 2214 splendorem

61 2217 166 2253 facile
186 2218 260 2253 sit?
294 2218 465 2253 Memento
485 2218 662 2253 mortalem
687 2222 724 2252 te
749 2228 826 2251 esse
855 2221 892 2251 et
922 2216 1102 2250 obnoxiam
1129 2215 1228 2250 morti
1258 2219 1413 2250 naturam
1433 2213 1539 2248 sorti-

61 2268 144 2298 tum.
183 2264 359 2300 Terribile
378 2269 433 2299 est
451 2265 487 2299 in
507 2275 627 2299 manus
646 2263 714 2298 Dei
739 2262 887 2297 viventis
905 2262 1069 2298 incidere.
1111 2263 1182 2297 Iam
1209 2260 1292 2296 illud
1311 2261 1413 2296 velim
1429 2259 1538 2302 dicas,

60 2310 146 2356 quid
163 2309 211 2345 eit
229 2311 322 2356 quod
339 2322 401 2357 per
419 2322 525 2346 annos
541 2316 633 2345 totos
653 2315 800 2356 quatuor
815 2308 883 2344 alia
899 2309 1116 2354 promiseris,
1140 2308 1208 2344 alia
1223 2308 1301 2353 ipso
1318 2307 1414 2342 exitu
1432 2318 1539 2352 prae-

59 2357 162 2391 stes?
184 2357 323 2392 Etenim
338 2365 431 2392 tuum
448 2356 533 2392 illud
553 2356 754 2403 promissum
776 2355 863 2396 fuit,
895 2361 1052 2391 coactum
1077 2355 1121 2390 iri
1143 2354 1339 2400 generalem
1358 2352 1538 2399 synodum,

58 2402 97 2436 in
123 2413 223 2448 quam
254 2409 524 2439 convocarentur
551 2415 668 2440 omnes
694 2402 912 2448 patriarchae
938 2407 975 2437 et
998 2402 1163 2448 episcopi.
1212 2401 1324 2442 Quam
1345 2409 1429 2433 vero
1447 2409 1538 2432 nunc

60 2450 346 2494 extemporariam
365 2451 482 2495 cogis,
515 2461 556 2484 ea
578 2462 622 2485 ne
642 2449 782 2484 minoris
801 2448 937 2494 quidem
959 2448 1105 2484 alicuius
1133 2446 1250 2482 curiae
1270 2445 1451 2490 imaginem
1478 2455 1538 2479 re·-

60 2500 270 2540 praesentat.
302 2497 460 2531 Antehac
477 2508 558 2542 spes
578 2497 701 2532 saltem
724 2495 965 2537 adumbratae,
990 2495 1035 2531 de
1055 2495 1172 2530 futura
1194 2503 1358 2528 novarum
1373 2491 1537 2526 Palamae

60 2540 257 2586 opinionum
281 2543 516 2583 correctione,
541 2543 675 2578 illorum
697 2542 825 2576 animos
852 2540 1004 2578 alebant.
1049 2542 1097 2576 At
1124 2552 1232 2582 nunc,
1263 2543 1303 2573 ut
1328 2537 1451 2580 video,
1475 2542 1538 2581 ty-

59 2587 236 2622 rannicum
252 2588 403 2623 tribunal
421 2595 496 2624 tute
511 2588 588 2635 ipse
605 2589 641 2624 in
659 2588 784 2634 angulo
796 2613 808 2630 ‚
840 2591 876 2623 et
901 2588 1007 2623 veluti
1024 2587 1060 2622 in
1078 2587 1242 2633 spelunca
1258 2585 1446 2625 latronum,
1468 2581 1536 2617 tibi

60 2632 253 2668 constituis.
299 2635 389 2670 Nam
412 2647 500 2681 quae
519 2646 542 2670 a
567 2636 677 2670 sacris
703 2634 868 2670 ecclesiae
887 2635 1016 2680 regulis
1036 2646 1078 2669 ac
1094 2634 1233 2679 legibus
1251 2629 1452 2675 longissime
1471 2630 1536 2664 ab·

58 2683 135 2721 est,
171 2690 214 2713 an
241 2691 283 2714 ea
310 2682 462 2726 synodus
489 2693 567 2717 esse
587 2682 655 2718 ullo
678 2681 776 2716 modo
803 2682 940 2727 possit?
974 2681 1082 2716 Certe
1111 2676 1365 2715 ecclesiasticas
1391 2675 1534 2721 regulas

58 2725 296 2779 metaphorice
322 2726 435 2763 dictas
458 2732 595 2763 constat
621 2740 644 2763 a
671 2727 789 2762 fabrili
816 2727 1021 2772 vulgarique
1053 2726 1185 2772 regula.
1240 2721 1532 2765 Quemadmodum

58 2776 170 2815 :gntur
188 2783 332 2807 necesse
352 2776 427 2816 est,
458 2778 497 2809 ut
515 2774 637 2819 regula
653 2773 788 2809 fabrilis
815 2785 911 2808 usum
937 2774 1094 2809 latiorem
1114 2772 1265 2811 habeat,
1297 2768 1390 2803 omni
1412 2772 1533 2802 terrae

59 2821 97 2851 et
118 2816 223 2859 mari,
246 2818 403 2854 omnibus
422 2820 588 2855 habitatis
616 2819 816 2866 regionibus
837 2819 1144 2861 accommodatum3
1167 2817 1248 2852 item
1268 2826 1351 2850 usus
1377 2813 1533 2860 singula-

57 2872 118 2899 res
127 2891 140 2911 ,
163 2868 270 2912 atque
287 2870 328 2902 ut
342 2864 395 2903 ita
412 2865 524 2903 dicam
541 2866 688 2903 minutos
710 2871 748 2903 et
760 2866 990 2915 multiplices,
1019 2877 1083 2914 pro
1101 2864 1211 2902 variis
1235 2861 1404 2898 hominum
1424 2859 1531 2897 ditio-
