1794 3172
200 152 298 200 638
413 179 420 182 -
587 149 900 198 NICEPHORI
931 144 1256 191 GREGORAE

0 277 22 307 l.
38 273 82 307 Μ.
100 271 192 309 6850
203 267 246 311 δὲ
264 268 332 318 καὶ
352 262 519 322 ἀδήλοις
541 263 672 306 ἐλπίσι
688 261 741 304 τοὶ
765 259 864 303 κατ’
891 257 1016 302 αὐτὸν
1035 254 1273 313 ἐπιτρέψας.
1311 251 1440 303 πολὺς
1458 250 1536 310 γὰρ
1561 248 1676 309 αὐτῷ

16 321 464 403 ἰωὲὶῙὲῃπανταχόθεν
493 331 696 391 ἐπήρτητο
725 334 800 374 τοῦ
831 325 1125 386 συρφετώδους
1164 323 1288 380 ὄχλου
1327 324 1396 366 καὶ
1426 321 1677 379 ἀγροικικοῦ,

105 391 115 400 θ
201 405 344 463 λάθρα
362 406 430 449 καὶ
458 406 656 459 λαμπρῶς
675 399 963 454 ἐπιτιθεμένων
983 395 1162 439 ἄλλοθεν
1185 393 1337 446 ἄλλων,
1374 391 1482 435 κατὰ
1506 386 1680 446 διαστήε

204 473 319 532 ματά
338 491 380 518 τε
400 475 466 517 καὶ
486 469 731 527 συστήματα
743 502 757 523 ,
794 470 861 513 καὶ
880 467 955 523 τὴν
977 465 1173 523 οὐραγίαν
1195 459 1513 520 ἀκρωτηριάζειν
1530 477 1676 517 πειρω-

205 546 336 601 μένων
354 544 421 586 καὶ
441 546 523 585 τῶν
542 537 805 598 σκευοφόρων
824 538 909 582 ε’νια
931 533 1177 594 διαρπάζειν.
1214 532 1269 576 τὰ
1289 535 1461 575 πλεῖστα
1478 529 1558 588 γὰρ
1579 533 1676 573 τολ-
1684 541 1715 578 5,

204 618 313 671 μῶσι
335 609 500 672 (φάναι)
522 611 672 667 γίνεται
695 607 829 662 δεινὰ,

465 678 595 724 Ὅταν
614 677 672 722 δι’
696 679 853 735 ἐχθρᾶς
871 674 975 725 ποὺς
995 673 1213 729 ἀμείβηται
1229 668 1402 728 χθονός.
1680 703 1683 707 .

173 764 204 800 Β
311 748 400 811 (ς’.)
428 749 554 794 Ἀλλὰ
579 750 675 807 πρὶν
696 746 852 805 ἡμέρας
881 744 978 801 ὅλης
1008 743 1104 787 ὁδὸν
1128 740 1304 796 ἀνύσαι,
1341 738 1524 792 σπεύσας
1553 737 1685 784 ὃΛι-

209 820 346 877 βέριος
367 818 597 875 ὖπήντησεν
619 817 731 876 αὐτῷ
752 815 867 874 παρὰ
884 815 959 871 τὴν
982 812 1100 867 ὁδὸν,
1139 814 1207 856 καὶ
1224 813 1329 870 χειρὶ
1359 813 1428 855 καὶ
1448 808 1592 869 γνώμῃ
1617 812 1687 853 καὶ

209 888 324 949 πάσῃ
348 889 544 948 προθέσει
576 884 870 942 δεξιωσάμενος
898 888 973 940 τῆς
1002 887 1166 939 ψυχῆς,
1215 883 1284 925 καὶ
1312 881 1383 940 ἐφ’
1416 878 1588 938 ἡμέραις
1609 895 1685 923 συ-
1698 888 1744 924 10

206 967 325 1017 χναΐς
345 960 526 1012 ξενίσας,
573 956 776 1000 ἄνέπαυσέ
808 972 852 998 τε
888 955 956 998 καὶ
991 951 1128 1010 λόγοις
1158 951 1364 1010 ἇνέῤῥωσε
1384 954 1688 1009 φιλανθρωπο-

209 1029 357 1086 τέροις,
393 1028 578 1083 ἀθυμίας
596 1030 759 1083 μακρᾶς
776 1024 991 1081 ἐμβριθέσι
1012 1023 1175 1082 ῥοθίοις
1192 1018 1561 1079 περιαντλούμενον
1580 1017 1690 1077 φρόο·

213 1117 340 1155 νημα.
378 1097 399 1142 ὅ
425 1097 567 1155 γεςμὴν
592 1095 786 1151 βασιλεὺς
808 1094 880 1138 τὸν
897 1092 1041 1137 ἐνόντα
1060 1094 1128 1136 καὶ
1151 1091 1278 1142 αὐτὸς
1301 1087 1690 1149 ἀντιφιλοτιμούμε-

212 1186 285 1219 νος
305 1165 462 1226 τρόπον
495 1164 684 1223 ἦμείβετό
715 1182 758 1209 τε
793 1166 860 1207 καὶ
901 1163 1199 1219 δαψιλέστερον
1234 1162 1277 1213 ἐξ
1306 1155 1363 1205 ὧν
1391 1160 1607 1218 ἐπεφέρετο
1626 1162 1690 1202 λι-

173 1236 483 1294 Οθοκολλήτων
514 1239 666 1280 σκευῶν
694 1234 806 1293 αὐτῷ
841 1235 909 1277 καὶ
941 1229 1251 1291 ἀργυρωμάτων
1281 1231 1585 1290 ἀντεχαρίζετο,
1623 1229 1748 1274 καὶ15

84 1318 128 1355 V.
140 1319 209 1355 322
218 1306 308 1364 ἅμα
327 1307 398 1351 τὸν
420 1306 510 1350 υἱέα
527 1304 737 1361 ,Μανουὴλ
757 1304 1017 1360 ἐπηγγέλλετο
1038 1301 1183 1346 δώσειν
1204 1303 1268 1344 ἐπὶ
1286 1302 1467 1358 θυγατρὶ
1485 1299 1691 1357 γαμβρὸν,

164 1411 168 1421 .
190 1416 194 1420 f
218 1379 253 1420 εἶ
273 1374 409 1420 πάντα
437 1373 660 1433 βοηθήσειε
681 1372 834 1432 τρόπον
855 1373 968 1433 αὐτῷ
1003 1375 1071 1416 καὶ
1097 1372 1150 1417 τὰ
1173 1372 1279 1430 πρὸς
1303 1370 1377 1415 τὸν
1395 1368 1571 1428 Κράλην
1588 1374 1695 1427 Σερ-

217 1447 314 1502 βιάς
350 1444 473 1490 εἷίοδα
503 1446 623 1502 θείη,
672 1444 919 1500 διαλλακτὴς
952 1442 1078 1494 αὐτὸς
1110 1439 1334 1492 καταστάς.
1381 1438 1402 1485 ὅ
1434 1441 1479 1484 δὲ
1506 1437 1696 1497 παρόντα

217 1514 427 1571 θεώμενος
448 1514 527 1572 ἤδη
553 1517 621 1558 καὶ
649 1513 721 1558 τὸν
751 1518 826 1557 τοῦ
847 1513 1049 1567 βασιλέως
1069 1512 1184 1566 υἱὸν,
1222 1513 1290 1555 καὶ
1311 1514 1387 1568 τῆς
1418 1528 1462 1555 τε
1484 1506 1697 1553 ἐπανθού-

219 1600 296 1641 σης
313 1589 372 1644 τῷ
400 1584 495 1642 ἤθει
516 1582 688 1643 χάριτός
715 1601 759 1627 τε
780 1584 848 1626 καὶ
879 1580 1141 1640 ἇστειότητος
1176 1583 1245 1626 καὶ
1274 1579 1363 1637 ἅμα
1390 1584 1466 1637 τῆς
1487 1579 1696 1638 ἀγχινοίας
1707 1587 1755 1623 20

183 1653 478 1710 Βθαυμάζων,
518 1653 581 1697 ὅτι
611 1657 751 1713 πολλῷ
777 1670 855 1696 τινι
881 1653 1020 1712 μέτρῳ
1043 1651 1199 1709 ταύτην
1230 1648 1454 1707 ἐπλούτησε
1472 1648 1700 1708 πρεσβυτέ-

222 1741 299 1782 ραν
326 1722 352 1780 ἢ
380 1724 485 1767 κατὰ
513 1723 590 1780 τὴν
618 1728 694 1780 τῆς
722 1721 880 1780 ἡλικίας
914 1722 1072 1779 ἀκμὴν,
1121 1720 1290 1781 σφόδρα
1323 1738 1368 1764 τε
1396 1718 1618 1779 ὑπερήσθη
1639 1722 1700 1778 τῷ

222 1791 331 1852 λόγῳ
365 1795 434 1836 καὶ
471 1791 586 1849 μάλα
614 1811 679 1837 τοι
723 1792 899 1848 ἄσμενος
934 1790 1152 1848 ὖπεδέχετό
1191 1809 1236 1836 τε
1263 1793 1331 1836 καὶ
1362 1789 1701 1847 ἀντεπηγγέλλετο

223 1861 361 1907 πάντα
393 1861 499 1906 πάνυ
531 1861 763 1922 προθύμως
786 1861 983 1922 πράσσειν
1013 1862 1069 1906 τὰ
1100 1861 1207 1905 κατὰ
1238 1859 1426 1919 γνώμην,
1464 1861 1534 1904 καὶ
1562 1861 1596 1902 εἲ
1618 1858 1703 1902 δέοι

221 1972 298 2008 Deo
318 1975 429 2007 autem
455 1976 491 2008 et
514 1972 589 2019 spei
613 1973 768 2009 incertae
789 1985 871 2009 suas
896 1985 954 2009 res
980 1972 1205 2009 committens,
1251 1972 1411 2007 Instabat
1433 1970 1521 2006 enim
1542 1969 1594 2004 illi
1613 1969 1705 2004 omni

226 2030 269 2053 ex
288 2023 389 2065 parte
416 2020 575 2066 frequens
597 2020 715 2055 vilium
734 2024 771 2056 et
787 2022 1038 2056 rusticanorum
1059 2020 1228 2055 hominum
1256 2019 1442 2062 colluvies,
1473 2018 1534 2065 qui
1561 2016 1647 2052 clam
1669 2020 1707 2051 et

227 2070 364 2110 aperte,
389 2066 468 2101 hinc
493 2071 596 2111 atque
620 2066 735 2109 illinc,
758 2068 903 2113 sparsim
923 2073 959 2103 et
978 2068 1158 2102 confertim
1179 2067 1444 2107 adoriebantur,
1467 2070 1504 2099 et
1521 2067 1707 2099 extremam

228 2111 334 2146 aciem
360 2112 504 2147 caedere
530 2124 571 2146 ac
596 2113 747 2148 sarcinas
779 2115 911 2160 aliquas
940 2114 1094 2160 diripere
1134 2114 1358 2148 conabantur.
1417 2111 1555 2157 Etenim
1583 2109 1708 2157 gravia

229 2158 334 2193 multa
356 2158 412 2203 (ut
432 2158 486 2193 his
510 2159 625 2193 verbis
645 2161 741 2205 utar)
766 2161 970 2196 audentibus
993 2165 1190 2202 occurrunt,
1456 2166 1461 2172 ‘

575 2206 710 2240 Hostile
734 2207 763 2241 si
788 2207 862 2253 quis
885 2209 921 2242 in
946 2208 1055 2242 solum
1077 2207 1205 2242 inferat
1228 2205 1361 2253 pedem.

228 2248 332 2296 (VI.)
363 2249 435 2284 Sed
459 2250 651 2298 priusquam
680 2252 750 2287 diei
773 2254 872 2288 unius
896 2254 965 2289 iter
989 2259 1082 2289 esset
1106 2254 1317 2295 confectum,
1348 2251 1518 2287 festinans
1545 2248 1710 2286 Liberius

229 2296 364 2331 obviam
384 2296 436 2331 illi
457 2297 572 2341 venit,
595 2310 762 2345 manuque
785 2306 820 2334 et
844 2300 1021 2336 voluntate
1046 2306 1083 2335 et
1107 2301 1197 2335 omni
1218 2300 1332 2335 cordis
1356 2300 1487 2334 affectu
1514 2299 1709 2338 salutatum,

230 2355 272 2377 ac
293 2343 414 2377 diebus
440 2343 573 2389 aliquot
594 2345 763 2380 continuis
781 2347 930 2393 hospitio
951 2353 1130 2393 exceptum
1144 2373 1154 2389 ‚
1177 2347 1369 2389 recreavit,
1393 2350 1429 2380 et
1447 2345 1566 2380 verbis
1592 2345 1712 2378 huma-

230 2389 384 2424 nioribus
404 2389 549 2425 animum
567 2391 643 2425 eius
661 2392 894 2435 confirmavit,
917 2394 1068 2439 ingentis
1088 2394 1342 2440 desperationis
1361 2391 1574 2438 gravissimis
1592 2389 1712 2425 flucti-

230 2437 295 2471 bus
314 2447 525 2482 oppressum.
572 2438 619 2471 At
634 2437 818 2482 imperator
837 2441 1093 2485 magnificentia
1112 2447 1147 2475 et
1166 2442 1243 2487 ipse
1266 2451 1341 2475 cum
1361 2451 1402 2474 eo
1421 2444 1559 2474 certans
1571 2463 1581 2479 ‚
1603 2437 1655 2471 ita
1673 2439 1714 2470 ut

235 2487 390 2528 poterat,
415 2494 479 2528 par
497 2481 574 2529 pari
594 2484 786 2526 referebat,
821 2498 861 2520 ac
884 2487 927 2521 de
951 2492 1120 2532 gemmata
1142 2487 1204 2522 illa
1228 2490 1465 2532 argenteaque
1493 2482 1713 2530 supellectili,

234 2539 335 2573 quam
361 2541 474 2563 secum
499 2530 680 2575 gestabat,
713 2530 842 2575 largius
872 2535 1168 2568 remunerabatur.
1215 2534 1310 2575 Quin
1332 2537 1368 2566 et
1391 2533 1498 2566 filium
1517 2542 1614 2566 suum
1634 2530 1716 2564 Ma-

233 2575 366 2609 nuelem
392 2576 551 2618 daturum¹
573 2587 612 2610 se
628 2575 679 2609 illi
700 2588 861 2621 generum
880 2579 1051 2624 pollicitus
1071 2585 1142 2623 est,
1167 2580 1196 2614 si
1217 2580 1284 2614 sibi
1306 2578 1395 2614 omni
1415 2579 1515 2613 modo
1535 2588 1716 2612 succurre-

234 2625 309 2664 ret,
334 2624 369 2656 et
386 2620 514 2656 aditum
532 2622 575 2656 ad
592 2622 728 2657 Cralem
746 2624 891 2659 Serviae
912 2626 1080 2671 aperiret,
1105 2639 1146 2661 ac
1165 2625 1435 2661 reconciliatoris
1456 2623 1571 2659 officio
1589 2625 1716 2669 funge-

233 2672 340 2702 retur.
389 2668 459 2703 Hic
475 2679 558 2703 vero
575 2674 790 2714 praesentem
808 2670 875 2705 iam
898 2671 1036 2707 intuens
1056 2672 1274 2719 imperatoris
1294 2672 1423 2714 filium,
1445 2671 1661 2717 gratiamque
1681 2672 1719 2704 et

233 2713 484 2756 urbanitatem,
508 2726 596 2760 quae
614 2715 650 2749 in
666 2715 757 2749 illius
775 2717 922 2751 moribus
943 2719 1119 2762 elucebat,
1143 2732 1183 2755 ac
1201 2719 1377 2754 solertiam
1397 2718 1498 2752 simul
1516 2717 1718 2758 admiratus,

233 2771 302 2806 qua
320 2760 380 2795 ille
400 2760 555 2796 seniliori
579 2772 681 2807 quam
705 2773 769 2808 pro
792 2762 849 2797 illo
872 2766 996 2799 aetatis
1023 2765 1109 2799 flore
1134 2765 1397 2801 cumulatissime
1419 2765 1609 2799 instructus
1629 2766 1718 2804 erat,

232 2805 270 2840 id
288 2806 354 2841 sibi
376 2807 530 2854 promitti
548 2809 769 2843 vehementer
784 2810 923 2853 gavisus
942 2816 1007 2852 est,
1024 2823 1065 2846 ac
1083 2812 1317 2847 lubentissime
1337 2811 1525 2853 consensit,
1547 2809 1718 2845 vicissim-

233 2864 303 2900 que
319 2865 376 2896 se,
399 2865 632 2902 quaecumque
647 2854 708 2891 ille
725 2855 956 2905 desideraret,
984 2869 1112 2894 summa
1133 2859 1236 2895 animi
1259 2858 1441 2896 alacritate
1457 2858 1627 2894 facturum
1643 2855 1720 2903 pol-
