1794 3172
255 137 357 186 730
670 136 987 184 NICEPHORI
1016 134 1342 180 GREGORAE

39 268 77 300 A.
93 267 137 298 M.
153 263 245 299 6853
259 251 418 310 νύκτωρ
439 252 505 295 καὶ
526 249 635 306 μεθ’
661 246 819 306 ἡμέραν
841 243 993 302 μεστός
1009 260 1019 269 ·
1058 244 1114 296 ὥς
1132 244 1290 302 πολλὴν
1311 245 1387 302 μὲν
1409 246 1478 290 διὰ
1501 251 1636 291 ταῦτα
1656 251 1748 307 περὶ

83 314 149 347 lnd'
166 313 247 390 130
258 324 385 367 αὐτὸν
400 320 655 379 δορυφορίαν
681 318 783 374 ἔχειν
806 315 983 360 ὁπλιτῶν
1009 317 1077 358 καὶ
1109 315 1262 358 ἱππέων
1271 348 1285 369 ,
1324 313 1447 360 ὁπότε
1470 317 1546 368 τὰς
1569 322 1644 373 τῆς
1668 317 1747 362 πό·-

256 399 358 443 λεως
388 387 614 449 περιοδεύοι
642 388 865 439 πλατείας,
904 389 1077 435 πολλαῖς
1107 385 1153 427 δὲ
1174 383 1344 441 καὶ-τὴν
1373 387 1506 430 οῗκιάν
1526 386 1747 445 κατάφρα-

256 481 353 508 κτον
382 462 483 517 ἔχειν
510 456 759 513 δυνάμεσιν,
798 452 924 500 ὁπότ’
960 455 1063 498 οἴκοι
1097 459 1320 511 καθῆσθαι
1337 457 1457 512 χρεία
1478 473 1541 507 τις
1563 457 1623 512 εἴη
1645 458 1746 500 τᾶν-

259 533 331 590 δρί
343 545 352 555 ·
390 532 456 574 καὶ
487 529 731 585 τυραννίδος
756 526 930 582 μελέτας
960 525 1002 567 ἒν
1036 525 1187 584 καρδία
1214 524 1375 582 τρέφειν
1402 525 1479 581 μὲν
1503 526 1546 568 ἔκ
1566 530 1775 580 πολλοῧ,5

255 606 329 646 νῦν
350 601 394 644 δὲ
415 601 482 643 καὶ
503 596 618 654 μάλα
645 594 828 652 μάλιστα
839 629 851 649 ,
890 594 956 638 ὅτε
977 592 1137 644 πάντας
1158 593 1256 645 τοὺς
1283 592 1384 652 δόξῃ
1404 596 1470 638 καὶ
1493 595 1592 652 γένει
1614 596 1747 654 προῦ-

213 677 406 727 Βχοντας
437 666 514 724 εἶχε
543 665 781 722 δεσμώτας,
821 666 888 708 καὶ
919 660 1155 720 ἧνοῦδεὶς,
1197 662 1246 728 ὃς
1262 663 1439 720 ἀντᾶραι
1458 665 1672 724 βλέφαρον
1694 661 1746 722 ἦν

255 741 392 799 αὐτῷ,
431 736 537 781 ἀλλὰ
569 734 718 787 πάντες
747 737 951 790 ἐδεδίεσαν
962 767 976 788 ,
1015 733 1153 791 ὥσπερ
1182 732 1311 777 πάλαι
1333 733 1611 792 Συρακούσιοι
1637 738 1746 780 Διο-

249 809 392 854 νύσιον
420 808 494 852 τὸν
525 808 713 857 Σικελίας
732 804 945 863 τύραννον.
1019 802 1082 863 (Γ
1080 802 1112 861 >
1139 803 1272 847 “Όθεν
1293 803 1444 863 ὀχυρόν
1473 823 1566 848 τινα
1588 803 1745 863 πύργον

250 885 334 925 τῶν
364 879 481 923 ἔνδον
520 881 595 921 τοῦ
630 879 808 919 παλαιοῦ
837 874 1042 918 παλατιόυ
1087 872 1390 930 ἀπολεξάμενος
1427 874 1743 929 κατασκευάζειν
1757 884 1794 919 lc

121 948 412 1008 Ρ.459,ἓγνώκει
432 947 535 1004 πρὸς
564 945 679 1002 μάλα
700 946 805 988 πολὺ
829 949 904 988 τοῦ
921 944 1051 1002 ἀέρος
1068 943 1115 987 τὸ
1145 942 1259 999 ὕψος
1280 942 1511 1001 ἀνάγοντα,
1551 947 1619 988 καὶ
1641 947 1744 989 οἰκί-

250 1036 377 1070 σκους
397 1020 440 1062 ἓν
463 1018 576 1076 αὐτῷ
598 1016 776 1066 πολλοὺς
792 1015 867 1071 μὲν
878 1048 891 1068 ,
926 1012 1107 1071 χώρημα
1133 1016 1158 1057 δ
1164 1013 1177 1029 ²
1211 1014 1387 1058 ἕκαστον
1415 1013 1563 1070 ἔχοντα
1584 1013 1744 1072 μήκους

250 1090 339 1146 ἅμα
368 1090 436 1133 καὶ
467 1085 650 1137 πλάτους
685 1085 805 1130 οὐδὲν
838 1084 1007 1142 οὖργιᾶς
1045 1087 1232 1139 μᾶλλον·
1269 1082 1344 1128 τόν
1374 1101 1418 1141 γε
1447 1084 1531 1141 μὴν
1564 1086 1628 1128 ἐπὶ
1658 1089 1742 1129 τῶν

250 1159 455 1211 ἓπάλξεὼν
486 1159 734 1214 περίδρομον
770 1155 845 1199 οὐκ
880 1154 1042 1198 ἔσωθεν
1076 1153 1175 1197 ἀλλ’
1222 1152 1379 1205 ἔξωθεν
1411 1152 1510 1198 εἶναι
1540 1155 1742 1211 ἐληλαμέ-

248 1244 345 1275 νον·
383 1229 513 1272 αἴτιον
537 1228 582 1271 δ’
613 1229 684 1271 ἵνα
713 1223 873 1276 πάντας
902 1222 1084 1275 ὁπόσους
1105 1225 1256 1274 ἐκεῖνος
1289 1222 1367 1280 εἶχε
1388 1221 1604 1280 δεσμώτας
1620 1258 1635 1280 ,
1673 1227 1741 1268 καὶ
1754 1235 1794 1270 15

251 1299 377 1351 ὅσους
412 1299 510 1350 ἕξειν
550 1297 618 1340 διὰ
648 1296 820 1352 μελέτης
849 1293 950 1351 εἶχε,
987 1293 1231 1351 συναγαγών
1257 1296 1326 1343 καὶ
1355 1295 1596 1351 συγκλείσας
1626 1294 1742 1346 ἐντὸς

240 1370 452 1427 μηδεμίαν
474 1367 727 1427 ἀνεῳγμένην
751 1366 893 1416 αὐτοῖς
918 1362 1021 1423 ἐάσῃ
1049 1362 1207 1420 πύλην,
1247 1363 1308 1407 δι’
1332 1358 1382 1420 ἧς
1407 1363 1460 1407 ἄν
1477 1381 1539 1414 τις
1559 1365 1740 1409 εἰσέλθοι

210 1450 296 1485 Βτε
324 1441 392 1483 καὶ
426 1439 587 1490 ἐξέλθοι
612 1452 621 1461 ·
670 1436 776 1480 ἀλλὰ
809 1437 948 1486 λίθοις
981 1436 1050 1478 καὶ
1090 1431 1244 1494 τιτάνῳ
1280 1432 1539 1492 περιφράξας
1573 1433 1741 1487 ἁπάσας

251 1509 388 1567 ὥσπερ
411 1510 454 1552 ἐν
478 1505 597 1566 τάφῳ
618 1509 772 1560 ζῶντας
795 1506 958 1563 κατέχῃ.
1018 1501 1115 1563 (Δ.)
1148 1503 1267 1547 Ἐπεὶ
1289 1505 1334 1548 δὲ
1354 1504 1469 1555 τέλος
1491 1502 1568 1560 εἶχε
1589 1504 1642 1548 τὰ
1665 1510 1740 1562 τῆς

251 1579 368 1635 ξένης
399 1579 550 1634 ἐκείνης
567 1579 820 1632 ,οἴκοδομίας
852 1578 920 1619 καὶ
940 1575 1020 1618 ἔδει
1044 1578 1169 1632 τριῶν
1189 1572 1355 1633 ἡμερῶν
1375 1574 1530 1630 μεταξὺ
1549 1574 1647 1625 τοὺς
1671 1577 1738 1618 δε-
1749 1584 1794 1620 20

249 1648 420 1705 σμώτας
447 1646 551 1704 ὁμοῦ
589 1650 909 1704 συγκλασθῆναι
938 1642 1100 1696 πάντας
1130 1644 1246 1695 ἐντὸς
1254 1677 1268 1698 ,
1307 1642 1500 1703 καθάπερ
1521 1646 1578 1695 εἷς
1599 1642 1738 1702 λήθης

247 1718 446 1777 φρούριον
482 1717 508 1774 ἢ
539 1718 674 1762 κοινὸν
706 1715 1005 1773 πολυάνδριον,
1042 1716 1100 1766 εἷς
1123 1712 1367 1771 “ἇπόγνωσιν
1389 1709 1492 1771 ἧκον
1513 1714 1554 1758 οἳ
1577 1715 1735 1769 δέσμιοι

244 1793 441 1848 προφανῆ
465 1791 538 1844 τῆς
567 1784 783 1845 παρούσης
818 1788 924 1844 ζωῆς
954 1786 1024 1829 καὶ
1055 1788 1130 1829 τοῦ
1160 1788 1300 1829 κοινοῦ
1330 1791 1418 1836 τοῖς
1440 1788 1566 1828 πᾶσιν
1587 1782 1731 1842 ἦλίου·

244 1922 457 1958 occasionem
474 1922 662 1957 ulciscendi
682 1912 943 1969 quaeritabant:
967 1918 1026 1955 diu
1045 1922 1219 1966 noctuque
1238 1917 1369 1954 timoris
1391 1918 1511 1965 plenus
1535 1918 1733 1962 oberrabat,

243 1976 349 2016 atque
367 1981 441 2004 eam
458 1970 502 2004 ob
521 1981 656 2004 causam
674 1970 797 2004 multos
813 1968 909 2004 circa
927 1979 967 2002 se
984 1967 1136 2002 habebat
1152 1967 1354 2012 stipatores,
1378 1970 1448 2000 tam
1466 1965 1612 2012 pedites,
1631 1978 1734 2012 quam

244 2017 399 2062 equites,
423 2016 559 2061 quoties
579 2017 674 2050 urbis
701 2016 833 2062 plateas
854 2015 1075 2056 circumiret3
1099 2014 1234 2060 magnis
1255 2012 1346 2047 idem
1376 2013 1560 2059 praesidiis
1584 2013 1735 2048 munitae

244 2068 346 2097 erant
363 2063 467 2098 aedes
485 2062 589 2104 illius,
616 2075 690 2097 cum
708 2063 798 2097 domi
816 2062 939 2106 sedere
960 2073 1036 2096 eum
1055 2061 1172 2106 aliqua
1188 2060 1378 2095 necessitas
1398 2060 1558 2105 cogebat.
1604 2061 1656 2095 Ac
1676 2064 1736 2105 ty-

243 2109 399 2147 rannidis
415 2109 553 2155 quidem
573 2109 787 2145 invadendae
808 2109 953 2144 consilia
970 2108 1086 2143 alebat
1102 2107 1139 2142 in
1158 2108 1263 2142 corde
1279 2106 1507 2152 iampridem3
1529 2111 1600 2141 tum
1620 2111 1733 2142 autem

243 2156 345 2201 longe
371 2156 570 2201 plurimum,
601 2169 676 2191 cum
701 2168 761 2192 eos
788 2168 904 2192 omnes
926 2154 1061 2191 vinctos
1082 2158 1238 2196 teneret,
1262 2153 1322 2200 qui
1347 2153 1519 2199 dignitate
1545 2158 1582 2189 et
1604 2165 1734 2198 genere

241 2203 485 2248 praestabant,
510 2214 621 2248 neque
643 2204 732 2238 ullus
760 2207 875 2246 esset,
909 2202 970 2250 qui
994 2202 1112 2236 oculos
1138 2207 1259 2236 contra
1287 2200 1447 2235 attollere
1476 2199 1644 2242 auderet,
1668 2200 1733 2234 sed
1771 2219 1782 2228 ι

240 2261 356 2285 omnes
372 2249 646 2292 extimescerent,
663 2253 705 2285 ut
719 2249 797 2284 olim
809 2248 1247 2296 SyracusaniDionysium,
1256 2247 1398 2282 Siciliae
1409 2250 1603 2293 tyrannum.
1629 2247 1732 2292 (III.)

241 2296 466 2342 Quapropter
484 2296 520 2330 in
538 2297 653 2331 veteri
678 2297 808 2342 palatio
833 2296 995 2331 munitam
1025 2296 1196 2342 quandam
1221 2294 1362 2336 turrim,
1386 2306 1471 2340 prae
1490 2292 1637 2328 caeteris
1663 2293 1732 2328 de·-

238 2343 376 2385 lectam,
400 2342 557 2378 decrevit
575 2343 624 2377 ita
644 2343 883 2386 exaedificare,
909 2343 1003 2378 utin
1021 2343 1162 2378 multam
1182 2341 1400 2377 altitudinem
1418 2341 1635 2383 eveheretur,
1660 2339 1731 2375 cel-

238 2390 399 2435 lulaeque
423 2389 581 2424 inessent
601 2389 789 2435 plurimae,
812 2392 973 2436 paterent
991 2394 1105 2425 autem
1123 2389 1302 2435 singulae,
1325 2392 1395 2422 tam
1419 2387 1456 2422 in
1473 2387 1611 2432 longum
1630 2398 1730 2432 quam

238 2435 276 2471 :in
293 2437 418 2479 latum,
441 2447 511 2471 non
529 2436 607 2482 plus
629 2436 773 2482 orgyia:
797 2437 940 2482 crepido
956 2448 1041 2472 vero
1061 2443 1124 2471 seu
1145 2434 1330 2471 ambulatio
1346 2434 1418 2476 illa,
1443 2445 1534 2480 quae
1555 2445 1730 2468 murorum
1789 2444 1793 2447 ·

238 2483 385 2528 fastigia
403 2483 528 2526 ambit,
551 2494 620 2518 non
636 2483 728 2517 intus
749 2483 811 2517 sed
827 2484 1044 2519 extrinsecus
1059 2487 1154 2519 esset
1172 2481 1426 2523 circumducta3
1453 2492 1494 2516 eo
1514 2481 1661 2522 scilicet,
1688 2484 1730 2515 ut

237 2529 283 2564 iis
303 2530 482 2572 omnibus,
505 2541 592 2575 quos
611 2529 670 2564 ille
694 2532 754 2564 aut
780 2530 914 2565 vinctos
934 2531 1097 2572 tenebat,
1121 2534 1181 2565 aut
1198 2529 1234 2563 in
1253 2527 1391 2573 vincula
1417 2527 1591 2563 coniicere
1616 2527 1729 2562 medi-

236 2577 389 2619 tabatur,
414 2577 543 2614 coactis
562 2576 656 2611 intus
675 2580 778 2623 atque
796 2577 965 2611 conclusis
977 2602 989 2619 ‚
1013 2577 1136 2612 nullam
1153 2579 1329 2623 patentem
1347 2578 1481 2620 portam
1502 2574 1728 2620 relinqueret,

235 2634 301 2669 per
317 2635 416 2669 quam
435 2623 560 2670 aliquis
575 2622 720 2661 introire
739 2626 802 2659 aut
820 2623 941 2669 egredi
959 2627 1097 2669 posset3
1123 2623 1185 2658 sed
1202 2622 1375 2669 lapidibus
1395 2625 1539 2656 cunctas
1555 2625 1592 2656 et
1611 2632 1725 2666 gypso

237 2671 455 2715 obstrueret,
487 2674 591 2716 atque
612 2670 665 2712 ita
692 2669 791 2716 quasi
811 2670 912 2705 vivos
938 2670 1016 2705 illos
1042 2670 1219 2716 sepeliret.
1268 2668 1371 2715 (IV.)
1395 2667 1581 2714 Postquam
1607 2667 1728 2712 itaque

235 2717 430 2752 absolutum
456 2720 511 2753 est
535 2716 730 2752 aedificium
756 2716 842 2751 illud
868 2717 951 2751 novi
978 2717 1139 2763 generis,
1163 2727 1240 2752 cum
1261 2718 1438 2762 oporteret
1463 2714 1610 2749 triduum
1634 2713 1728 2748 intra

235 2775 307 2807 eos,
334 2763 442 2810 quiin
459 2763 607 2800 vinculis
630 2767 743 2806 erant,
764 2763 893 2798 includi
917 2774 1033 2799 omnes
1058 2763 1171 2806 simul,
1194 2768 1357 2808 tanquam
1381 2761 1418 2796 in
1436 2772 1549 2797 arcem
1577 2759 1728 2803 oblivii,

235 2815 299 2845 aut
318 2811 534 2856 sepulchrum
555 2811 694 2856 aliquod
712 2822 905 2852 commune,
929 2810 1084 2846 incidere
1102 2810 1154 2845 illi
1173 2809 1208 2845 in
1229 2814 1383 2856 apertam
1406 2808 1502 2843 vitae
1529 2806 1727 2854 praesentis

237 2856 489 2904 communisque
513 2857 668 2895 omnibus
695 2857 784 2895 lucis
804 2857 1100 2905 desperationem,
1125 2856 1313 2904 subiitque,
1337 2856 1476 2892 abiecta
1499 2854 1553 2891 sui
1571 2854 1726 2902 ipsorum
