1794 3172
365 111 690 186 'fflsTofflAE
715 140 1092 186 BYzAerNAE
1119 141 1238 186 xv1.
1263 149 1304 189 2.
1473 137 1573 185 799

78 257 200 302 λακες
219 249 504 306 θαλαμεῦουσι
523 253 731 307 λογισμῶν
750 250 888 310 ἐκείνῳ
908 247 1197 296 κοινώσασθαι
1210 265 1220 276 ·
1253 253 1323 295 καὶ
1341 249 1571 310 ἀρξάμενος
1593 265 1630 297 Α.
1644 266 1684 297 C.
1702 261 1792 299 1347

76 321 183 372 ἔλεξε
202 318 357 365 τοιάδε.
395 319 490 380 (Β.)
504 323 591 373 „Ei
601 321 678 376 μὲν
694 317 865 375 τύχην”,
887 322 1030 378 φησὶν,
1051 320 1176 375 „uui
1199 311 1267 364 καὶ
1283 312 1793 393 τυραννοῦσανιωῑᾞζὲῗψ

78 390 349 447 πεπρωμένην
377 397 465 440 τοῖς
493 387 735 446 ἀνθρώποις
762 389 816 432 τὰ
845 388 1071 447 πράγματα
1104 389 1371 448 πρυτανεύειν
1402 393 1606 437 οἷἐσθαιΒ
1704 383 1714 392 ⁸

78 458 210 504 ἔπεισί
225 475 313 512 σοι,
350 459 378 516 ἢ
404 464 463 519 τῷ
495 457 721 518 αὐτομάτῳ
742 460 970 503 δεδωκυῖαν
991 459 1068 516 τὴν
1086 465 1171 503 τῶν
1190 459 1445 518 πραγμάτων
1463 461 1569 506 ὄθό-

42 540 152 586 ὄνην
186 527 445 587 ἀτέκμαρτόν
477 546 569 572 τινα
597 530 666 571 καὶ
695 528 975 585 ἀκυβέρνητον
996 529 1201 587 φέρεσθαι
1221 534 1375 585 πλοῦν,
1409 536 1570 594 σιωπᾷν

75 616 119 642 τε
151 598 319 653 ἄμεινον
346 601 415 641 καὶ
448 598 522 642 τὸν
550 603 625 654 τῆς
654 598 922 654 πεπρωμένης
941 598 1099 654 ἄδηλον
1124 601 1347 656 περιμένειν
1362 602 1496 655 μίτον.
1535 604 1571 644 εἷ

75 669 122 712 δὲ
140 668 373 726 προαιρέσει
405 670 474 711 καὶ
493 671 629 725 βουλῇ
658 668 709 711 τὰ
732 667 805 724 ἐφ’
830 665 929 723 ἦμΐν
955 666 1011 719 ὥς
1034 670 1098 710 ἐπὶ
1119 669 1167 712 τὸ
1193 673 1383 713 πλεῖστον
1404 672 1568 714 διοικεῖ-

75 743 183 781 σθαι
215 739 407 791 δέδοται,
443 742 518 781 τοῦ
544 736 693 794 χάριν,
730 737 865 793 παρὸν
894 735 1005 793 ἡμᾶς
1032 739 1077 780 ἐκ
1106 743 1181 782 τοῦ
1201 737 1359 798 ῥᾴστου
1383 745 1569 797 καρποῦ-

74 812 181 852 σθαι
214 807 263 851 τὸ
298 809 370 866 ζῇν
405 805 631 858 ἀκινδύνως
648 840 663 860 ,
707 807 933 857 ἐθελοντὰς
974 805 1074 864 ἡμῖν
1114 807 1257 858 αὐτοῖς
1288 811 1608 854 παντοδαπῶνΟ

19 892 65 927 10
77 877 326 934 περιπλέκειν
345 878 491 920 δίκτυα
514 874 683 934 (Ῑόβωνς
721 875 850 920 οἶσθα
873 876 974 934 γὰρ,
1007 875 1063 928 ὦς
1079 878 1256 934 μυριόυς
1276 878 1318 921 ἐν
1341 883 1392 936 τῇ
1412 877 1566 936 ὕπερο-

75 949 144 1007 ρίςι
174 944 472 1003 διηντλῆκαμεν
498 944 694 1002 μόχθους
722 946 828 1001 μετὰ
860 951 1035 1003 μακρῶν
1067 949 1135 989 καὶ
1166 950 1448 991 παντοδαπῶν
1479 954 1564 992 τῶν

73 1014 298 1069 κινδύνων,
342 1014 488 1060 ὖπόσοι
516 1013 709 1059 θανάτου
738 1017 912 1072 γείτονες
944 1013 1219 1074 ἐπεφύκεσαν,
1260 1021 1320 1076 τῷ
1354 1021 1416 1077 σῷ
1436 1021 1564 1075 πατρὶ

73 1084 400 1142 περιποιούμενοι
428 1085 476 1128 τὸ
509 1085 749 1128 ἀκίνδυνον·
786 1082 843 1136 ὥς
871 1083 1042 1142 δεύτερα
1073 1083 1175 1129 εἶναι
1205 1085 1255 1129 τὰ
1289 1085 1563 1143 Διοσκούρων

73 1154 252 1211 ἐγκώμια
264 1188 278 1208 ,
309 1157 377 1197 καὶ
398 1155 441 1198 εἶ’
449 1171 556 1204 τινες
568 1154 758 1211 Ὀρέσται
778 1156 846 1197 καὶ
864 1154 1062 1198 Πυλάδαι
1081 1155 1153 1198 τὸν
1170 1156 1333 1213 μακρὸν
1354 1157 1564 1213 ἐμπεπλη-

17 1237 62 1274 15
74 1222 192 1275 κότες
216 1226 348 1268 αι’ὥνα
379 1225 655 1282 φιλαδελφίας
678 1221 1015 1280 ὑποδειγμάτων,
1047 1224 1090 1268 εἶ’
1113 1243 1175 1275 τις
1203 1225 1255 1269 τὰ
1276 1223 1455 1284 ἡμέτερα
1475 1232 1601 1277 τοΐςῙ)

72 1295 234 1338 ἐκείνων
262 1292 535 1347 ἀντεξετάζειν
566 1293 712 1337 ἐθέλει.
750 1295 820 1337 καὶ
851 1289 904 1350 ἦν
938 1292 965 1350 ἦ
999 1294 1099 1345 τους
1125 1293 1339 1346 τοιούτους
1365 1295 1427 1339 ἀεὶ
1455 1295 1563 1339 κατὰ

71 1368 148 1407 τοῦ
167 1367 245 1407 σοῦ’
264 1364 542 1420 μηχανωμένη
565 1363 723 1420 πατρὸς
745 1363 951 1420 διωγμοὺς
968 1366 1036 1406 καὶ
1055 1363 1274 1415 θανάτους
1286 1364 1411 1408 Ἄννα
1433 1363 1459 1421 ἢ
1478 1370 1562 1420 βα-

71 1434 198 1486 σιλὶς,
228 1432 455 1491 πρόσωπον·
472 1433 676 1489 ἀληθείας
704 1433 880 1488 ἔχουσαν
904 1433 1004 1477 οὐδ’
1033 1432 1224 1490 ἡντινοῦν
1246 1433 1562 1491 προβάλλεσθαι

71 1503 278 1559 δυναμένη
297 1501 508 1561 πρόφασιν
529 1502 627 1546 κατ’
654 1502 799 1546 αὐτοῦ.
836 1503 941 1560 παρ’
961 1497 1013 1559 ἧς
1034 1501 1113 1559 ἐγώ
1137 1521 1179 1546 τε
1197 1505 1264 1546 καὶ
1286 1501 1414 1559 οὖμὸς
1436 1503 1560 1546 ἀδελ-

13 1572 153 1630 Ξοφός
178 1574 391 1628 ,Μανουὴλ
421 1572 579 1622 πολλᾶς
608 1570 842 1626 ἐδεξάμεθα
870 1570 1016 1629 λάθρα
1042 1572 1150 1627 μεθ’
1191 1572 1325 1630 ὅρκων
1353 1574 1561 1616 παντοίων

71 1642 259 1699 γραφὰς,
291 1640 390 1697 ἡμῖν
409 1659 452 1684 τε
473 1638 694 1697 κτημάτων
715 1639 822 1695 ὁμοῦ
847 1643 914 1683 καὶ
932 1639 1162 1698 χρημάτων
1179 1639 1560 1698 προσόδουςέπαγ-

68 1712 315 1767 γελλομένης
344 1713 412 1753 καὶ
439 1709 528 1765 ἅμα
548 1717 634 1760 τοῖς
654 1710 963 1766 καθειργμένοις
982 1715 1163 1767 γονεῦσιν
1186 1709 1405 1769 ἐλεύθερον
1423 1710 1597 1768 ἣλιον-Ε

70 1781 167 1823 ἀλλ’
187 1779 304 1837 ἡμεῖς
322 1798 364 1837 γε
374 1814 387 1833 ,
424 1780 524 1830 τοῦς
539 1784 613 1835 τῆς
634 1782 750 1835 δίκης
769 1781 902 1832 σέβειν
923 1781 1138 1830 ἐθέλοντες
1154 1778 1351 1837 θρόνους,
1387 1781 1431 1823 ἐν
1450 1781 1559 1824 ἆσα-

69 1848 228 1900 λεύτοις
251 1850 353 1906 ἔχειν
375 1848 488 1906 ὅροις
511 1850 821 1905 ἐρηρεισμένους
840 1849 939 1899 τοὺς
960 1847 1095 1900 πόδας
1114 1850 1327 1906 ἐκρίναμεν
1345 1852 1451 1903 δεῖν,
1489 1851 1558 1893 καὶ

12 1929 59 1965 25
68 1921 128 1976 μὴ
146 1919 217 1963 διὰ
242 1917 500 1978 φαυλότερον
530 1918 696 1975 ἀγαθὸν
724 1920 917 1974 διηνεκεῖς
944 1936 1060 1969 τινας
1086 1924 1146 1979 τῷ
1176 1917 1379 1963 συνειδότι
1404 1917 1558 1975 μάστι-

69 2019 172 2054 quam
190 2006 316 2050 Mani,
339 2018 468 2042 areana
494 2005 599 2041 animi
625 2004 781 2052 cogitata
806 2017 881 2042 cum
905 2006 970 2041 hoc
990 2005 1251 2041 communicare.
1304 2006 1409 2041 Prior
1435 2005 1558 2052 itaque

69 2066 214 2091 exorsus
237 2055 328 2090 hanc
348 2054 536 2089 orationem
560 2053 694 2088 habuit.
752 2053 840 2098 (Π.)
863 2053 939 2095 „Si
961 2054 1135 2088 fortunam
1156 2053 1305 2099 aliquam
1332 2065 1375 2088 ac
1397 2053 1559 2099 tyranni-

69 2113 144 2137 cam
161 2101 227 2135 fati
244 2100 356 2146 legem
374 2112 452 2136 esse
467 2100 606 2142 statuis,
629 2111 721 2145 quae
737 2099 794 2134 vel
810 2100 1001 2145 prudenter
1016 2100 1185 2135 hominum
1206 2112 1263 2134 res
1278 2101 1465 2145 gubernet,
1487 2099 1557 2143 vel,

68 2147 245 2195 permissis
263 2147 408 2182 fortuito
426 2147 522 2181 casui
542 2145 706 2188 habenis,
729 2146 864 2181 incerto
886 2147 1033 2192 quodam
1062 2151 1098 2180 et
1123 2146 1307 2181 temerario
1334 2157 1436 2181 cursu
1462 2146 1559 2180 fera-

66 2200 149 2237 tur,
171 2195 276 2229 silere
295 2200 392 2229 certe
417 2193 527 2228 satius
544 2198 618 2235 est,
642 2198 678 2227 et
692 2193 846 2238 ignotum
866 2193 983 2227 fatalis
999 2193 1217 2228 necessitatis
1235 2193 1412 2228 decretum
1430 2204 1557 2238 exspe-

68 2246 175 2276 ctare.
198 2241 262 2275 Sin
280 2253 337 2276 res
354 2247 493 2275 nostrae
514 2240 690 2274 voluntate
708 2244 745 2274 et
762 2239 905 2274 consilio
922 2240 1123 2285 plerumque
1139 2239 1436 2281 administrantur,
1456 2250 1561 2284 quor·

68 2299 143 2322 sum
158 2299 240 2329 noS‚
263 2288 391 2334 quibus
409 2286 606 2321 facillimum
628 2291 682 2319 est
697 2286 806 2320 vitam
822 2298 929 2331 agere
950 2286 1059 2321 omnis
1079 2285 1225 2332 periculi
1246 2291 1444 2332 expertem,
1466 2285 1557 2319 ultro

67 2334 135 2380 ipsi
152 2334 252 2369 nobis
271 2334 479 2380 multiplices
499 2338 622 2374 metus,
647 2332 757 2366 veluti
772 2334 862 2367 retia
879 2334 1068 2379 quaedam,
1090 2333 1283 2367 nectimus?
1327 2332 1406 2366 Scis
1424 2331 1556 2376 qnippe

66 2392 131 2415 nos
148 2380 302 2415 infinitos
318 2381 454 2415 labores
465 2405 477 2422 ,
501 2391 577 2414 cum
594 2379 728 2424 magnis
748 2380 930 2425 multisque
944 2384 980 2413 et
998 2379 1162 2425 proximis
1177 2379 1279 2414 morti
1294 2378 1455 2424 periculis
1473 2389 1558 2411 con-

67 2427 224 2468 iunctos,
247 2427 469 2469 exhausisse,
493 2430 534 2460 ut
551 2426 643 2472 patri
663 2432 725 2460 tuo
749 2427 972 2460 securitatem
997 2425 1252 2461 redimeremus.
1297 2426 1421 2470 Itaque
1437 2428 1474 2458 et
1491 2435 1558 2469 ge—

67 2473 244 2508 mellorum
269 2473 368 2508 Jovis
393 2473 598 2516 liberorum,
635 2478 672 2506 et
694 2477 864 2518 quotquot
885 2484 1030 2518 unquam
1051 2473 1203 2506 Orestae
1229 2478 1266 2507 et
1283 2471 1440 2517 Pyladae
1462 2469 1556 2517 cari-

68 2520 153 2554 tatis
170 2520 346 2554 fraternae
367 2519 531 2565 exemplis
548 2519 670 2564 longas
690 2519 903 2553 saeculorum
923 2524 1057 2554 aetates
1076 2518 1319 2565 impleverunt,
1343 2517 1454 2551 minor
1471 2527 1555 2562 pro-

67 2567 163 2602 fecto
183 2565 256 2600 laus
282 2566 409 2606 fuerit,
433 2567 463 2600 si
487 2565 565 2610 quis
584 2565 671 2600 velit
695 2577 774 2599 cum
793 2565 928 2600 illorum
950 2567 1057 2600 rebus
1077 2570 1214 2600 nostras
1240 2565 1408 2598 conferre.
1454 2563 1556 2597 Haec

70 2613 162 2657 patri
181 2618 241 2646 tuo
262 2612 430 2658 pericula,
454 2613 518 2646 has
540 2617 667 2647 mortes
684 2613 784 2646 Anna
801 2611 1023 2657 imperatrix,
1047 2612 1138 2646 nullo
1157 2612 1283 2653 colore,
1310 2610 1404 2644 nullo
1426 2609 1556 2655 proba-

68 2658 130 2693 bili
152 2663 336 2703 praetextu
362 2659 396 2693 ei
421 2659 575 2700 infensa,
599 2663 768 2704 perpetuo
797 2670 907 2704 usque
931 2658 1117 2693 conflabat.
1177 2658 1257 2703 Ego
1280 2668 1363 2690 vero
1387 2660 1425 2691 et
1444 2656 1557 2690 frater

66 2716 162 2739 meus
182 2705 323 2739 Manuel
345 2705 466 2739 multas
487 2706 530 2740 ab
553 2717 596 2739 ea
622 2705 760 2739 litteras
792 2704 879 2739 clam
897 2705 1110 2750 accepimus3
1134 2716 1199 2751 per
1219 2715 1307 2749 quas
1326 2702 1407 2744 illa,
1431 2700 1556 2747 quovis

68 2750 289 2786 iureiurando
309 2751 536 2797 interposito,
560 2750 795 2797 possessiones
814 2751 914 2786 nobis
929 2751 1215 2796 pecuniariosqne
1231 2749 1377 2790 reditus,
1402 2746 1558 2794 parenti-

29 2829 32 2831 .
68 2798 135 2832 bus
155 2808 240 2831 vero
260 2797 387 2831 vinctis
411 2798 608 2832 libertatem
635 2797 875 2843 pollicebatur.
921 2797 994 2831 Sed
1013 2809 1075 2832 nos
1096 2796 1257 2831 Iustitiae
1280 2795 1432 2830 tribunal
1454 2805 1557 2828 reve-

69 2843 140 2880 reri
163 2848 201 2880 et
222 2843 314 2880 intra
339 2843 465 2880 limites
488 2844 644 2880 immotos
667 2844 738 2879 fixa
763 2848 884 2879 tenere
903 2844 1056 2891 vestigia
1080 2843 1275 2885 maluimus,
1299 2852 1399 2889 quam
1422 2840 1556 2876 vilioris
