1794 3172
222 111 324 163 754
652 119 968 165 NICEPHORI
998 119 1324 165 GREGORAE

5 241 40 274 A.
58 239 102 273 M.
120 234 436 276 6854διοικοῦσα
465 231 541 282 τὰς
573 231 615 274 ἓν
636 229 776 281 ἄλλοις
802 228 1099 288 ἡμαρτημένας
1128 234 1263 283 αἰτίας
1297 240 1456 291 καιροῖς
1486 233 1529 277 ἒν
1563 232 1723 292 ἑτέροις.

48 288 116 321 md*
133 284 177 322 ²4
225 306 426 360 λαμπρῶς
452 301 707 355 ἀποδίδωσι,
753 302 952 358 γεωργίας
975 302 1210 358 μιμουμένη
1244 300 1415 359 λόγους·
1452 302 1479 359 ἢ
1509 306 1577 346 καὶ
1607 305 1714 362 αὗτὴ

186 373 303 429 Οτὴν
327 376 411 415 τῶν
433 369 678 428 σπερμάτων
709 370 948 426 καταβολὴν
976 372 1017 412 ἒν
1050 370 1191 423 ἄλλοις
1222 376 1274 429 τῇ
1303 377 1354 430 γῇ
1377 374 1599 430 ποιουμένη
1617 365 1724 418 ’και-

225 449 314 502 ροΐς
342 443 385 484 ἐν
415 439 568 499 ἑτέροις
603 445 734 501 ,τρυγᾷ
770 440 869 491 τοὺς
900 438 1098 497 καρπούς.
1160 440 1255 500 (Β.)
1293 443 1378 486 Διὰ
1411 442 1462 499 δὴ
1490 447 1625 486 ταῦτα
1646 446 1714 487 καὶ

221 515 464 569 μνησθῆναι
485 514 585 565 μιᾶς
604 527 715 560 τινος
743 508 1034 568 ἀνεπιφθόνως
1062 515 1147 554 τῶν
1166 513 1393 560 ἐπιστολῶν
1411 516 1744 570 Καντακουζη-5

224 585 299 626 νοῦ
308 614 321 634 ,
356 580 584 637 γενομένοις
612 577 712 636 ἡμῖν
742 581 946 623 ἐνταυθοῖ
968 584 1044 636 τῆς
1066 580 1316 638 διηγήσεως,
1346 582 1451 640 πρὸς
1476 581 1715 640 βουλήσεως

223 652 374 709 γίνεται
387 664 398 674 ·
436 649 488 692 αἳ
506 649 574 692 διὰ
594 655 718 693 τοῦτο
739 651 977 707 σεσίγηνταί
992 668 1064 705 μοι
1083 652 1203 710 με’χρι
1223 657 1298 696 νῦν
1307 686 1321 706 ,
1358 654 1426 695 καὶ
1450 658 1583 696 ταῦτα
1609 658 1714 697 πολ-

225 722 301 764 λαί
325 737 430 770 τινες
452 714 573 763 οὖσαι
601 722 669 763 καὶ
692 728 870 775 συνεχεῖς
898 721 942 763 αἱ
969 719 1225 776 πεμπόμεναι
1259 722 1363 781 πρὸς
1396 722 1526 766 αὐτοῦ
1547 725 1712 776 Βυζαν-

222 791 350 843 τίοις,
384 788 448 833 ὅτι
480 787 638 845 πολλήν
671 807 763 833 τινα
804 789 880 845 τὴν
914 788 1158 835 ’ὗπόπτωσιν
1189 790 1297 848 εἶχον
1332 794 1400 836 καὶ
1428 798 1713 851 σμικροπρεπῆ

179 867 318 904 Ὡτινα
349 859 425 916 τὴν
455 858 714 917 παράκλησιν
736 874 747 884 ·
794 860 884 911 ἐξὸν
921 860 1295 920 διαγρηγορήσαντι
1333 862 1712 920 στρατηγικώτερον
1727 874 1772 908 10

222 928 379 988 τρόπον
423 930 722 987 κραταιοτέραν
763 928 1027 986 ποιήσασθαι
1065 933 1133 974 καὶ
1170 933 1501 991 σπουδαιοτέραν
1531 933 1608 989 τὴν
1637 938 1712 976 τοῦ

223 1000 385 1058 ἀγῶνος
406 1001 553 1057 κρίσιν,
590 1002 656 1043 καὶ
678 999 738 1056 μὴ
758 998 895 1056 μάτην
915 1000 1025 1044 οὕτω
1045 1003 1199 1059 τρίβειν
1222 1002 1296 1046 τὸν
1308 1001 1475 1060 χρόνον,
1500 1005 1567 1046 καὶ
1587 1004 1713 1061 φθεί-

226 1088 309 1129 ρειν
331 1071 407 1125 μὲν
429 1068 598 1123 ἑαυτὸν,
636 1073 823 1127 φθείρειν
845 1071 890 1114 δὲ
907 1071 960 1114 τὰ
976 1069 1190 1126 Ῥωμαίων
1211 1072 1259 1116 οὗ
1283 1073 1374 1116 δέον
1394 1070 1633 1130 πράγματα,
1658 1071 1714 1124 ῶς

226 1142 293 1184 καὶ
308 1141 349 1190 ἒς
362 1138 460 1196 γόνυ
476 1137 654 1183 πεσόντα
666 1139 745 1196 ἤδη
763 1141 902 1197 μηκέτ’
925 1142 1095 1194 ἐλπίζειν
1111 1141 1266 1203 ῥαδίως
1281 1144 1343 1186 ἐπὶ
1363 1148 1447 1187 τῶν
1468 1143 1714 1198 εἰθισμένων

95 1218 216 1256 Ρ.473
227 1212 437 1268 κρηπίδων
458 1208 662 1265 ἑστήξειν·
701 1209 804 1266 ἔχειν
823 1210 901 1269 γὰρ
928 1211 1082 1266 αὐτὸν,
1114 1212 1225 1271 εἴπερ
1252 1211 1469 1268 ἐβούλετο,
1505 1213 1608 1269 πρὸς
1635 1213 1713 1271 (Ξρ-
1726 1226 1771 1261 15

221 1278 418 1338 χαιότερα
440 1279 516 1335 τὴν
532 1281 704 1336 μιζιιησιν
726 1280 945 1338 ἀναφέρειν
966 1286 1049 1326 τῶν
1070 1281 1197 1340 ἔργων
1209 1316 1223 1337 ,
1247 1282 1428 1335 Ἀλεξίου
1448 1287 1523 1326 τοῢ
1540 1286 1715 1339 Κομνη-

222 1355 297 1394 νοῦ
321 1349 482 1406 δηλαδὴ
518 1351 586 1393 καὶ
619 1355 704 1393 τῶν
737 1351 817 1408 πρὸ
853 1351 983 1395 αὐτοῦ
1017 1346 1095 1410 (ὧν
1129 1351 1155 1409 ἡ
1183 1351 1332 1410 ὀξύτης
1357 1353 1532 1410 εὐχερῶς
1551 1354 1715 1406 Βυζαν-

222 1421 326 1470 τίοις
345 1419 548 1478 ἀφείλετο,
581 1419 875 1479 προσηκόντως
894 1420 1183 1480 φυλάττεσθαι
1203 1423 1279 1479 τὴν
1300 1427 1382 1467 τῶν
1401 1424 1606 1478 πολεμίων
1626 1424 1716 1465 ε’πί-

222 1508 340 1534 νοιαν
373 1491 441 1533 καὶ
471 1489 518 1532 τὸ
553 1494 628 1546 τῆς
659 1489 814 1548 ἐφόδου
845 1490 988 1550 τάχος)
1020 1494 1096 1536 καὶ-
1118 1494 1248 1550 μυρία
1269 1494 1311 1536 ἓν
1342 1493 1484 1543 ἄλλοις
1506 1492 1612 1536 ἄλλα
1630 1497 1714 1536 τῶν

222 1577 267 1603 τε
286 1557 511 1618 ὁμοφύλων
537 1562 604 1602 καὶ
626 1559 896 1619 ἀλλοφύλων,
931 1565 1245 1621 παραπλησίαις
1261 1564 1328 1606 καὶ
1350 1565 1529 1619 μείζοσιν
1549 1564 1712 1606 ε’ντετυ-
1725 1576 1772 1611 20

219 1628 409 1686 χηκότων
429 1628 576 1673 ἄλλοτ’
604 1630 740 1682 ἄλλως
757 1631 896 1676 ἄλλων
909 1631 1169 1691 περιστάσεσι
1189 1634 1338 1688 βιαίων
1358 1635 1424 1675 καὶ
1444 1635 1713 1690 δυσανταγω-

182 1700 518 1758 Βνιστικωτὲρων
544 1699 660 1756 μάλα
681 1700 949 1759 πραγμάτων.
1009 1702 1100 1763 (Γ.)
1129 1702 1271 1759 Ὅμως
1301 1704 1383 1746 ἐπεὶ
1404 1711 1489 1752 τοῖς
1507 1708 1582 1758 τῆς
1609 1720 1713 1760 προ-

223 1770 339 1820 νοίας
359 1768 611 1828 ἀποῤῥήτοις
632 1770 822 1828 πελάγεσι
850 1773 897 1817 τὸ
928 1777 1012 1816 τῶν
1044 1771 1245 1817 τοιούτων
1280 1771 1412 1830 λόγων
1446 1771 1715 1830 ε’παφήκαμεν

225 1837 408 1898 σκάφος,
447 1840 544 1898 φέρε
567 1841 641 1897 τὴν
669 1839 889 1899 ὑπόσχεσιν
910 1842 1153 1899 ἀποδῶμεν,
1189 1847 1289 1899 μιᾶς
1307 1860 1418 1894 τινος
1436 1847 1519 1887 τῶν
1539 1846 1714 1887 Καντα-

225 1994 327 2030 nibus
349 1995 416 2031 alio
435 1999 590 2044 tempore
612 1998 769 2034 admissis
793 2000 861 2035 alio
888 2001 1077 2037 mercedem
1107 2002 1252 2048 amplam
1271 2001 1453 2048 rependit3
1479 2000 1716 2047 agriculturae

225 2053 352 2077 morem
371 2043 528 2087 imitata,
553 2057 643 2090 quae
663 2052 699 2080 et
717 2047 807 2092 ipsa,
830 2048 897 2082 alio
914 2054 1070 2095 tempore
1088 2050 1258 2085 mandatis
1276 2055 1393 2083 terrae
1418 2048 1623 2090 seminibus,
1647 2048 1714 2082 alio

227 2089 362 2134 colligit
377 2090 522 2128 fructus·
557 2092 640 2137 (ΙΙ.)
658 2093 882 2141 Quapropter
898 2096 963 2130 hac
977 2096 1013 2130 in
1030 2101 1129 2142 parte
1145 2096 1314 2133 historiae
1330 2096 1414 2131 libet
1431 2096 1592 2130 selectam
1614 2106 1715 2129 unam

226 2148 271 2170 ex
290 2136 526 2171 Cantacuzeni
543 2139 698 2183 epistolis
717 2142 806 2176 citra
823 2142 987 2177 invidiam
1009 2144 1184 2188 proferre:
1209 2155 1294 2188 quas
1311 2143 1390 2177 ideo
1407 2143 1574 2178 hactenus
1598 2141 1717 2176 omisi-

227 2194 302 2218 mus
327 2183 504 2228 (quamvis
530 2185 587 2218 ille
613 2186 735 2221 multas
755 2193 791 2222 et
809 2190 991 2224 continuas
1014 2190 1057 2224 ad
1074 2190 1263 2236 Byzantios
1289 2189 1452 2234 miserit),
1478 2189 1559 2235 quia
1578 2188 1716 2222 nimiam

226 2230 394 2275 quandam
420 2230 645 2266 humilitatem
675 2238 709 2267 et
733 2234 894 2281 indignas
913 2237 1172 2272 obsecrationes
1191 2237 1436 2278 continebant3
1461 2247 1536 2270 cum
1555 2235 1614 2270 ille
1632 2246 1717 2281 pos·

227 2280 304 2318 set,
328 2277 358 2311 si
383 2276 440 2320 (ut
455 2276 694 2322 imperatorem
714 2281 853 2327 decuit)
877 2283 1026 2328 vigilans
1048 2284 1191 2327 fuisset,
1215 2284 1336 2318 maiori
1350 2283 1557 2318 strenuitate
1575 2294 1617 2317 ac
1634 2281 1716 2315 dili-

225 2323 348 2368 gentia
372 2327 479 2357 totam
496 2326 764 2362 controversiam
783 2328 965 2372 dirimere,
989 2342 1058 2365 non
1076 2335 1189 2366 autem
1209 2331 1260 2365 ita
1279 2336 1415 2376 tempus
1441 2331 1570 2364 frustra
1589 2334 1718 2370 terere,

226 2370 396 2416 simulque
415 2374 452 2404 et
475 2382 514 2404 se
539 2370 649 2416 ipsum
674 2376 711 2406 et
729 2375 916 2411 Romanum
936 2377 1138 2423 imperium,
1163 2389 1239 2413 cum
1254 2377 1390 2411 minime
1408 2380 1602 2422 oporteret,
1628 2375 1716 2409 adeo

226 2416 420 2458 afflictare,
444 2422 483 2452 ut
502 2416 569 2452 iam
588 2417 624 2451 in
645 2430 757 2463 genua
777 2423 971 2468 prolapsum
989 2436 1057 2459 non
1077 2431 1196 2470 speret
1219 2424 1415 2458 institurum
1437 2435 1476 2457 se
1493 2433 1641 2468 unquam
1662 2422 1718 2455 fa-

225 2463 294 2500 cile
311 2464 486 2510 prioribus
503 2464 675 2509 vestigiis.
723 2466 845 2502 Potuit
867 2470 955 2504 enim
971 2470 1049 2511 ille,
1075 2472 1105 2506 si
1126 2470 1308 2512 voluisset,
1334 2469 1531 2516 antiquiora
1550 2468 1720 2513 quaedam

226 2508 294 2544 sibi
320 2510 367 2544 ad
390 2510 590 2545 imitandum
610 2512 703 2546 facta
721 2524 936 2560 proponere,
956 2517 1070 2552 Alexii
1088 2530 1210 2564 nempe
1231 2516 1418 2558 Comneni,
1442 2521 1478 2550 et
1497 2527 1636 2557 eorum,
1658 2514 1721 2560 qui

224 2555 338 2602 ipsum
357 2562 577 2592 antecessere
601 2559 762 2604 (quorum
782 2562 873 2595 acris
890 2563 1004 2598 virtus
1024 2564 1207 2610 Byzantiis
1233 2563 1336 2598 facile
1355 2563 1569 2609 praeripuit,
1593 2574 1636 2596 ne
1656 2562 1721 2596 ho-

226 2603 329 2638 stium
352 2604 495 2638 consilia
516 2605 797 2652 celeritatemque
817 2608 1051 2654 impressionis
1074 2615 1268 2657 opportune
1286 2609 1565 2655 praecaverent)
1587 2613 1623 2643 et
1640 2607 1721 2642 infi-

226 2650 302 2685 nita
321 2651 528 2697 diversaque
548 2656 618 2686 tam
637 2653 851 2698 popularium
877 2667 1013 2691 suorum
1042 2669 1142 2702 quam
1167 2663 1389 2692 externorum
1413 2656 1583 2690 hominum
1607 2666 1722 2688 exem-

226 2697 306 2742 pla,
331 2698 393 2743 qui
410 2698 444 2732 in
473 2697 642 2733 similibus
672 2704 780 2745 atque
804 2700 905 2735 etiam
935 2703 971 2737 in
995 2704 1182 2739 maioribus
1208 2703 1424 2749 negotiorum
1449 2702 1722 2737 turbulentorum

226 2743 533 2791 difficiliorumque
557 2746 723 2780 molestiis
748 2747 834 2782 alias
859 2748 961 2783 aliter
982 2750 1113 2785 versati
1140 2757 1232 2786 sunt.
1281 2750 1385 2794 (111.)
1409 2750 1538 2783 Verum
1559 2748 1642 2793 quia
1663 2759 1720 2782 31·-

227 2801 314 2825 cano
334 2791 580 2826 Providentiae
595 2793 765 2838 profundo
787 2805 903 2829 earum
923 2807 1036 2830 rerum
1056 2809 1180 2831 causas
1199 2802 1236 2831 et
1254 2796 1418 2838 rationes,
1438 2795 1549 2830 veluti
1567 2794 1721 2840 cymbam

225 2837 396 2885 aliquam,
420 2838 660 2886 permisimus;
684 2852 764 2887 age,
787 2842 991 2888 promissum
1009 2844 1240 2888 absolvamus,
1265 2855 1307 2880 ac
1324 2854 1424 2880 11113111
1443 2854 1487 2879 ex
1509 2840 1722 2888 longioribus
