1794 3172
284 158 422 207 1170‘
705 144 708 146 ’
801 163 1283 210 AsNo‘rA'rioNEs.

395 270 492 326 Pag.
520 272 590 321 94,
620 274 689 314 23.
745 270 1008 313 Εἶσκαλεΐται
1043 270 1211 325 τοίνυν]
1277 271 1620 327 Οοεοῒει’5)νηοᾶο
1665 274 1794 327 aliquo

284 329 564 383 episcoporum
598 328 947 382 Constantinopoli
964 330 1007 368 in
1031 328 1223 369 Alexiaco
1242 330 1434 371 triclinio.
1493 331 1727 383 Pachymer.
1751 332 1794 371 lil

282 387 349 427 IV.
370 401 456 436 cap.
475 386 545 425 IV.
573 385 623 426 V.
646 385 711 425 VI.
728 385 816 428 VII.
837 387 942 429 VIII.
963 387 1035 428 IX.
1055 389 1107 429 X.
1162 401 1337 428 DUCANG.

396 442 494 497 Pag.
523 443 593 494 95,
622 445 663 487 9.
722 442 953 500 Γερμανὸς]
1000 444 1237 498 Pachymer.
1269 447 1343 488 lib.
1370 445 1439 485 ΠΙ.
1465 459 1555 499 cap.
1589 446 1682 488 XII.
1708 446 1794 485 XII.¹

242 524 245 526 ·
281 515 458 541 DUGANG.

397 561 494 612 Pag.
511 558 582 609 95,
602 561 671 602 20.
727 553 927 614 Ἰκάριος]
959 558 1196 613 Pachymer.
1219 559 1292 599 lib.
1311 558 1363 601 V.
1389 573 1479 613 cap.
1499 561 1668 600 XXVII.
1701 561 1794 600 Istiu

280 630 408 670 porro
447 616 561 655 [carii
589 616 854 656 defectionem
884 617 1073 670 pluribus
1105 617 1391 671 descripsimus
1420 618 1463 656 in
1491 618 1595 659 Hist.
1634 619 1794 657 Franco

280 675 451 727 Byzant.
467 673 538 712 lib.
560 674 607 714 V.
629 689 667 714 n.
688 673 810 715 XLV.
833 680 871 714 et
893 676 1034 715 XLVI.
1068 675 1136 714 ubi
1159 676 1274 715 illum
1294 675 1417 715 fuisse
1443 689 1493 714 ex
1526 675 1794 716 Zachariarur

281 745 354 771 seu
378 730 650 787 Iaqueriarum
677 732 828 771 familia
860 732 1060 772 Genuensi
1083 733 1315 783 docuimus,
1348 747 1397 772 ex
1415 746 1495 785 qua
1520 733 1620 771 alter
1646 734 1794 771 Benedi

286 796 377 829 ctus
396 788 633 839 Zacharias,
667 804 715 829 ac
735 790 845 829 illius
868 790 971 830 forte
991 791 1118 841 filius,
1145 790 1289 829 Chium
1306 790 1475 830 insulam
1499 791 1662 830 Graecis
1686 791 1794 829 abstu

280 847 331 887 lit
356 847 430 886 sub
464 861 526 885 an.
549 847 758 888 MCCCIV.
816 847 910 887 Vid.
935 849 1071 887 eadem
1092 848 1196 890 Hist.
1219 848 1289 890 lib.
1308 848 1376 888 VI.
1393 862 1433 887 n.
1459 848 1588 888 XXV.
1644 862 1794 887 nnc-AN(

394 903 496 958 Pag·
525 906 595 954 95,
627 909 695 949 21.
759 908 842 946 Τοῦ
869 908 942 959 τῆς
963 902 1146 960 Εὖβοίας
1170 905 1440 960 κρατοῦντος]
1471 905 1676 959 Interpres
1700 905 1794 944 Prae

281 971 405 1002 iorem
428 968 626 1003 verterat:
657 962 902 1017 Principem,
930 964 1243 1004 emendavimus.
1297 964 1499 1003 Incertum
1524 970 1654 1002 autem
1672 993 1683 1013 ,
1711 977 1790 1015 quo

281 1033 379 1058 mox
394 1018 558 1070 subdit,
588 1034 638 1060 an
657 1021 819 1059 Euboea
845 1021 1107 1074 Reipublicae
1129 1022 1306 1061 Venetae
1328 1035 1372 1060 ea
1393 1027 1629 1074 tempestate
1651 1021 1794 1073 provin

281 1076 345 1116 cia
379 1077 722 1123 exstiterinssum
747 1093 768 1117 a
797 1078 927 1117 tribus
959 1079 1126 1119 diversis
1146 1079 1399 1132 principibus
1426 1084 1513 1117 tum
1535 1078 1794 1131 possiderem]

281 1148 335 1173 ex
352 1134 512 1173 familiis
539 1134 663 1175 Dalle
687 1133 846 1175 carceri
863 1136 1103 1187 Veronensi,
1145 1136 1189 1176 di
1213 1135 1328 1176 Ghisi
1348 1137 1519 1186 Veneta,
1551 1143 1590 1176 et
1613 1134 1794 1174 Zachari

283 1191 510 1242 Genuemi,
544 1206 595 1231 ex
626 1206 704 1244 qua
733 1199 933 1245 postrema
967 1202 1052 1235 erat
1083 1195 1247 1243 Icarus,
1280 1194 1376 1246 qui,
1407 1200 1454 1232 ut
1484 1194 1624 1233 scribit
1654 1191 1794 1244 Pachy-

281 1263 411 1289 meres
435 1249 475 1291 d.
503 1263 591 1303 cap.
613 1249 783 1289 XXVII.
796 1264 846 1290 ex
860 1252 975 1291 istius
991 1252 1146 1291 insulae
1163 1251 1332 1290 dominis
1354 1258 1452 1301 erat,
1488 1257 1623 1302 atque,
1655 1256 1698 1288 ut
1721 1263 1791 1288 ver

284 1313 346 1346 est
356 1307 497 1356 simile,
514 1321 535 1346 a
549 1308 708 1346 duobus
723 1308 809 1346 aliis
818 1309 1071 1362 principibus
1085 1309 1300 1358 defecerat,
1320 1316 1407 1348 orta
1419 1309 1592 1347 invicem
1604 1308 1794 1346 simultat(

281 1364 433 1404 Scribit
447 1365 625 1404 Andreas
644 1366 854 1405 Dandulus
866 1366 908 1405 in
931 1366 1070 1406 chron.
1092 1367 1163 1406 Ms.
1180 1367 1253 1406 sub
1278 1381 1339 1407 an.
1362 1366 1568 1405 MCCLIV.
1581 1373 1619 1405 et
1631 1365 1794 1404 MCCLV

283 1423 530 1462 Guilelmum
558 1422 909 1475 Villharduinum,
939 1426 1008 1478 qui
1035 1425 1238 1463 Gaufredo
1259 1424 1376 1463 fratri
1406 1424 1563 1462 Moreae
1587 1429 1625 1462 et
1646 1422 1794 1461 Achaia

281 1480 461 1535 principi
492 1487 764 1530 successerat,
813 1482 864 1520 ad
908 1495 950 1521 se
993 1483 1169 1522 evocatis
1196 1482 1365 1521 Narioto
1404 1479 1527 1520 Dalle
1557 1478 1739 1530 carceri,
1780 1494 1794 1518 ε

283 1537 485 1577 Guilelmo
511 1538 755 1589 Veronensi,
793 1538 977 1579 Euboeae
1002 1540 1157 1579 insulae
1187 1538 1464 1593 principibus,
1494 1538 1623 1590 iisque
1652 1537 1694 1576 in
1724 1551 1793 1576 car

282 1609 415 1635 cerem
434 1595 650 1646 coniectis,
681 1597 723 1635 in
746 1597 912 1635 eandem
940 1597 1112 1636 insulam
1136 1611 1227 1636 cum
1248 1597 1376 1648 copiis
1398 1595 1606 1649 irrupisse,
1634 1594 1794 1646 hancqu

283 1666 562 1706 expugnasse,
594 1667 644 1694 ex
665 1668 710 1694 ea
736 1654 853 1706 pulso
873 1655 999 1693 Paulo
1025 1654 1250 1707 Gradenigo
1270 1655 1515 1694 Venetorum
1540 1653 1703 1691 Baiulo:
1739 1653 1794 1691 Ve

281 1716 398 1750 neten
419 1724 536 1761 vero,
568 1711 687 1751 misso
712 1712 847 1750 Marco
872 1712 1099 1764 Gradenigo
1120 1726 1213 1752 cum
1242 1712 1325 1753 VII.
1346 1711 1599 1762 triremibus,
1631 1711 1674 1748 in
1703 1710 1794 1749 auxi

283 1768 380 1807 lium
390 1768 525 1807 ascitis
537 1769 679 1809 vicinis
689 1769 955 1823 principibus,
967 1770 1138 1810 insulam
1154 1771 1287 1809 denuo
1299 1769 1512 1822 recepisse.
1534 1768 1612 1806 Sed
1624 1774 1725 1806 etex
1742 1767 1794 1806 Ar

282 1825 404 1866 chivo
425 1826 611 1866 Gamerae
632 1833 912 1881 computorum
931 1828 1143 1867 Parisiensi
1163 1828 1358 1866 docemur
1371 1856 1380 1874 ,
1412 1840 1515 1865 anno
1541 1825 1794 1864 MCCCXLIV

282 1883 388 1922 duos
405 1891 618 1934 magnates,
651 1899 821 1937 quorum
843 1886 946 1924 alter
957 1883 1000 1924 P.
1023 1884 1145 1925 Dalle
1168 1884 1338 1935 carceri,
1369 1884 1471 1923 alter
1484 1883 1794 1922 Bartholomaeu

285 1940 401 1979 Ghisi
418 1942 565 1981 nobilis
585 1943 762 1982 Venetus
783 1942 1032 1992 vocabatur,
1061 1943 1132 1981 isti
1150 1943 1304 1980 insulae
1326 1949 1410 1981 tum
1431 1941 1474 1980 in
1496 1941 1666 1979 solidum
1688 1940 1793 1991 impe

289 2011 426 2048 rasse,
458 2013 505 2038 ac
535 2000 691 2039 Moreae
716 2000 890 2053 principi
920 1999 1037 2038 fidem
1071 2007 1111 2039 et
1141 1999 1367 2039 clientelam
1396 1999 1656 2051 praestitisse.
1715 1997 1793 2036 Vid

284 2056 455 2094 eundem
482 2058 713 2097 Dandulum
736 2072 827 2099 ann.
847 2057 1101 2099 MCCLXIX.
1122 2064 1161 2097 et
1177 2057 1447 2096 MCCLXXII.
1477 2055 1718 2095 Sabellicum
1741 2060 1794 2094 et<

283 2125 460 2152 nocane..
1618 2123 1623 2127 ’

398 2172 499 2224 Pag-
532 2173 600 2220 96,
630 2174 699 2214 22.
763 2169 843 2214 Τόν
869 2170 942 2226 μὲν
971 2167 1148 2228 οἶρχηγόν
1171 2174 1243 2224 τῆς
1267 2166 1475 2224 Εὐβοίας]
1507 2168 1635 2209 Aliter
1659 2168 1794 2221 Pachy

287 2240 442 2277 merem
473 2229 640 2279 quinon
666 2229 848 2269 Euboeae
875 2230 1125 2283 principem,
1157 2230 1227 2269 sed
1255 2230 1442 2268 Ioannem
1470 2227 1617 2281 Μέγαν
1645 2223 1794 2280 Κύριοι

286 2297 360 2323 seu
382 2285 441 2324 uti
460 2286 588 2324 nostri
610 2287 809 2327 vocabant
829 2286 889 2326 Le
912 2285 1053 2327 Grand
1084 2287 1194 2336 Sir-e,
1232 2292 1391 2339 captum
1425 2291 1464 2323 et
1486 2285 1728 2331 adductum,
1770 2299 1790 2322 a

284 2341 432 2381 deinde
469 2343 681 2383 remissum
709 2346 842 2383 statim
875 2345 1116 2394 decessisse,
1161 2344 1276 2396 eique
1301 2342 1541 2382 successisse
1573 2341 1794 2379 Guilelmur

283 2399 394 2446 illius
421 2400 585 2439 fratrem
619 2405 817 2454 Magnum
841 2402 1054 2442 Dominum
1083 2402 1234 2442 scribit.
1281 2400 1361 2449 Qui
1390 2413 1515 2452 porro
1536 2398 1656 2453 μέγας
1676 2393 1794 2450 κύριο

284 2456 335 2495 ab
365 2471 411 2496 eo
454 2464 730 2510 nuncupatur,
760 2473 841 2498 non
870 2460 973 2498 alius
1012 2466 1071 2499 est
1101 2459 1150 2498 ab
1179 2457 1410 2497 Atheniensi
1440 2457 1579 2505 Duce,
1611 2456 1666 2494 ita
1688 2469 1709 2492 a
1734 2469 1794 2493 no-

284 2513 380 2553 stris
413 2509 640 2569 appellato‚
679 2517 786 2569 quod
816 2517 899 2556 eius
932 2518 1031 2556 ditio
1060 2517 1218 2566 longius
1254 2514 1423 2554 caeteris
1450 2515 1492 2552 in
1524 2513 1691 2552 Graecia
1714 2526 1794 2564 pro

284 2571 541 2613 tenderetur:
570 2578 740 2625 uterque
759 2588 855 2613 vero
877 2589 928 2614 ex
939 2575 1089 2614 familia
1115 2571 1162 2611 de
1179 2571 1220 2612 la
1238 2571 1378 2613 Roche
1398 2571 1564 2611 exstitit.
1622 2569 1722 2610 Vide
1742 2567 1794 2607 Hi

283 2630 448 2668 storiam
470 2630 831 2684 Franco-Byzant.
855 2633 926 2671 lib.
946 2632 996 2672 V.
1017 2646 1057 2671 n.
1078 2630 1234 2672 XLVII.
1291 2643 1470 2669 nummo.

398 2685 499 2741 Pag-
532 2691 602 2738 97,
631 2691 672 2731 9.
733 2691 881 2730 Πίπτει
920 2687 1077 2742 πρηνής
1118 2683 1184 2729 ἐπ’
1212 2682 1416 2737 ἐδάφους]
1461 2685 1570 2724 Mera
1607 2683 1740 2722 sabula
1764 2681 1790 2720 d

282 2742 442 2783 Ioannis
463 2745 595 2784 subita
618 2745 661 2784 in
679 2745 936 2799 imperatoris
958 2751 1179 2799 conspectu
1197 2750 1350 2797 morte,
1381 2758 1431 2784 ex
1450 2744 1500 2782 iis
1517 2755 1620 2795 quae
1641 2741 1794 2779 tradun

281 2805 351 2839 tur
370 2815 393 2840 a
414 2802 658 2855 Pachymere
676 2802 744 2844 lib.
763 2803 810 2845 V.
830 2817 920 2857 cap.
943 2804 1109 2844 XXVII.
1164 2816 1339 2846 numne.

396 2858 495 2916 1³⁰3·
525 2863 595 2914 97,
626 2864 689 2907 10.
749 2858 870 2904 Meto?
895 2860 1055 2917 μέντοι]
1085 2862 1138 2903 Ut
1158 2861 1257 2901 Pera
1283 2872 1354 2900 seu
1377 2856 1519 2898 Galata
1540 2854 1723 2905 Venetis,
1754 2851 1794 2892 Pi
