1794 3172
249 100 352 180 823
659 134 979 182 NICEPHORI
1010 134 1337 179 GREGORAE

27 258 67 292 A.
80 258 126 292 M.
143 256 238 294 6856
248 245 302 292 τά
321 265 364 292 τε
386 244 493 291 ἄλλα
512 242 682 305 γράφων
716 239 767 300 ἦν
797 245 866 286 καὶ
889 242 944 294 ὥς
963 243 1011 286 οὗ
1031 243 1107 300 τὴν
1129 242 1274 287 οὐσίαν
1297 243 1454 302 χρεώνρ
1480 244 1578 289 ἀλλ’
1601 243 1728 291 ἀνού-

81 306 152 341 lnd‘
167 307 188 342 1
207 315 342 386 Εσιόν
363 335 456 361 τινα
477 315 584 360 καθ’
619 311 750 369 αὖτὴν
773 311 899 370 λέγειν
931 312 1132 370 ἐνέργειαν
1153 311 1254 357 εἷναι
1277 315 1428 371 κυρίως
1448 312 1550 358 θεόν
1564 329 1574 339 ·
1610 311 1729 359 θέσει

250 388 296 431 δὲ
329 388 398 431 καὶ
430 386 506 442 τὴν
539 383 683 427 οὐσίαν
692 415 705 436 ,
744 386 1057 440 συγχωροῦντος
1079 381 1180 432 ἴσως
1198 386 1274 426 τοῦ
1297 382 1564 441 ἀνθρωπίνου
1586 382 1728 428 πόθου

247 456 355 500 κατὰ
385 455 432 498 τὸ
463 451 690 509 ἀνάλογον,
730 450 867 509 ὥσπερ
901 453 969 494 καὶ
995 450 1215 510 ἅνθρωποι
1242 452 1350 495 κατὰ
1378 450 1502 511 χάριν
1534 454 1618 497 υἱοὶ
1650 472 1729 497 κα·-

248 529 418 570 λοῦνται
447 526 551 566 θεοῦ
580 523 649 564 καὶ
673 522 790 565 θεοί·
828 523 896 565 καὶ
921 521 968 564 τὸ
993 525 1068 565 τοῦ
1088 519 1441 580 συμπεράσματος
1458 521 1762 578 σκοπιμώτα-5

248 612 345 648 τον,
378 592 438 648 μὴ
459 592 535 648 τὴν
555 590 725 645 οὐσίαν,
760 590 867 634 ἀλλὰ
896 590 973 647 τὴν
1000 595 1076 647 τῆς
1103 591 1247 642 οὐσίας
1268 591 1421 648 ἐκείνην
1442 592 1728 651 ἇπερῥωγυῒαν

251 663 450 720 ἐνέργειαν
481 662 526 705 ἐκ
557 665 633 717 τῆς
661 661 875 719 παρθένου
909 662 976 703 καὶ
997 658 1201 704 θεοτόκου
1222 665 1518 719 σεσαρκῶσθαι
1535 664 1727 720 Μαρίας·

252 732 485 788 ἄμέθεκτον
507 730 587 790 γὰρ
611 728 712 773 εἶναι
737 732 806 773 καὶ
836 730 1139 789 ἀνεπίστροφον
1161 730 1308 781 τελέως
1330 735 1414 774 τῶν
1433 730 1540 774 κατὰ
1557 736 1633 788 γῆν
1652 731 1728 787 τὴν

215 801 398 846 Εοῦσίαν
416 801 570 857 ἐκείνην
579 833 593 854 ,
628 801 670 844 ἒν
692 806 779 850 τοῖς
801 799 887 843 ἄνω
911 818 991 843 που
1011 798 1154 851 τόποις
1172 797 1409 857 ὁριζομένην
1422 813 1432 824 ’
1470 804 1637 844 πολλῶν
1655 796 1729 844 οὖν

250 873 336 915 ἐκεῖ
350 870 552 930 ῥυέντων,
577 867 634 920 ὥς
657 869 813 928 εἴρηται
823 903 837 924 ,
861 871 930 912 καὶ
947 871 1142 914 ποικίλων
1171 870 1213 920 ἐξ
1232 867 1459 913 ἀντιπάλου
1481 867 1637 927 λόγων,
1661 872 1728 913 καὶ
1741 881 1787 914 10

251 944 401 1000 μικροῦ
430 944 507 996 τῆς
528 938 626 996 ὅλης
647 941 798 995 ἐκείνης
827 940 1032 983 ε’νταυθοΐ
1047 940 1422 995 καινοτομηθείσης
1443 939 1612 993 νυκτὸς,
1646 941 1730 983 ἐπεὶ

251 1011 312 1067 μὴ
335 1010 389 1054 τὰ
407 1014 481 1066 τῆς
495 1007 735 1060 ὕποθέσεως
756 1009 892 1060 ἄλλως
909 1007 1127 1067 ἠρεμήσειν
1149 1007 1170 1053 ὃ
1195 1009 1392 1062 βασιλεὺς
1412 1007 1609 1063 ξυνενόει,
1631 1009 1730 1052 Ἰσι-

254 1078 392 1138 δώρου
411 1081 486 1135 μὲν
506 1080 657 1123 ἐκείνου
679 1079 777 1129 τοὺς
794 1079 910 1130 νέους
931 1077 1108 1133 κανόνας
1139 1078 1338 1137 ἇφανείας
1367 1081 1546 1135 δοθῆναι
1577 1095 1729 1136 προσε-

254 1147 412 1205 τετάχει
444 1150 565 1207 πυρί·
601 1146 959 1207 παρρησιάζεσθαι
992 1149 1037 1192 ‹5’
1066 1144 1193 1199 αὖθις
1220 1148 1318 1199 τοὺς
1339 1146 1545 1199 εἲωθότας
1579 1149 1624 1191 ἐκ
1645 1166 1730 1191 πα-

103 1222 392 1263 Ι-Ρ.522λαιοῦ.
429 1217 590 1262 τούτων
629 1219 673 1262 δ’
714 1217 824 1263 οὕτω
858 1219 1191 1276 συντεταγμένων
1224 1219 1294 1262 καὶ
1322 1218 1726 1276 συμπεφωνημένων,
1742 1225 1786 1261 15

255 1286 436 1347 τράπεζα
466 1288 691 1345 πολυτελὴς
731 1287 830 1345 ἡμῖν
861 1291 1174 1347 παρεκομίζετο,
1218 1295 1387 1344 σημεῖον
1420 1286 1726 1346 ὁμοφροσύνης.

255 1359 325 1402 καὶ
344 1358 707 1409 συνεστιασθέντες
726 1357 836 1403 οὕτω
855 1367 940 1410 τοῖς
959 1363 1200 1414 βασιλεῦσιν
1215 1358 1438 1415 ἀνέστημεν
1446 1392 1460 1412 ,
1493 1359 1731 1408 ἐλπίσαντες

256 1428 299 1479 ἐς
330 1427 406 1484 τὴν
437 1425 659 1485 ὑστεραίαν
693 1430 760 1472 καὶ
794 1433 1024 1484 βασιλικοῖς
1057 1426 1400 1486 κυριωθήσεσθαι
1431 1425 1646 1485 γράμμασι
1676 1427 1729 1470 τὰ

254 1497 614 1555 συμφωνηθέντα,
646 1496 700 1549 ὥς
730 1498 789 1555 μὴ
824 1495 1042 1557 ἀμφίβολα
1075 1499 1129 1542 τὰ
1161 1496 1378 1556 γιγνόμενα
1407 1497 1467 1553 εἴη
1487 1504 1578 1548 ταῖς
1594 1495 1731 1541 ἁπαν-

254 1570 361 1623 ταχῆ
379 1564 598 1623 θαλάττης
620 1570 687 1610 καὶ
706 1572 781 1625 γῆς
798 1566 900 1626 ὑπὲρ
919 1573 1005 1612 τῶν
1033 1570 1218 1625 πατρίων
1243 1572 1319 1624 τῆς
1341 1567 1547 1622 εὐσεβείας
1569 1564 1728 1624 δογμά-
1739 1572 1787 1608 20

217 1638 338 1680 Βτων
360 1636 645 1692 ἀντεχομέναις
667 1642 770 1681 θεοῦ
790 1639 1032 1694 ἐκκλησίαις.
1093 1637 1215 1698 (IA.)
1245 1637 1362 1681 Ἀλλ’
1389 1637 1464 1680 οὐκ
1490 1639 1545 1687 εἷς
1562 1637 1730 1694 μακρὰν

130 1682 310 1750 ν’492τοὶ
339 1710 415 1762 τῆς
447 1708 691 1764 συμφωνίας
720 1708 872 1764 ἐκείνης
901 1708 998 1751 οὐδὲ
1024 1712 1149 1752 πᾶσιν
1179 1707 1324 1765 ἤρεσκε
1342 1713 1430 1756 τοῖς
1452 1707 1496 1748 ἐκ
1519 1711 1594 1762 τῆς
1614 1706 1730 1749 ἀντι-

255 1775 438 1831 κειμένης
466 1777 646 1834 φατρίας
672 1777 824 1832 βέβαια
855 1778 1125 1835 παραμένειν·
1173 1776 1269 1819 ἀλλ’
1308 1773 1489 1832 ἀνάγκην
1520 1780 1730 1833 προσῆγον

254 1849 314 1905 τῷ
344 1848 528 1900 βασιλεῖ,
560 1843 853 1901 μετάπεμπτον
880 1848 948 1889 καὶ
977 1850 1191 1901 Παλαμᾶν
1213 1846 1255 1895 ἔς
1273 1845 1350 1901 τὴν
1372 1849 1455 1888 τῶν
1476 1846 1729 1902 δεδογμένων

256 1955 422 2001 scriptum
438 1956 481 1991 ab
501 1968 541 1990 eo
560 1960 647 1999 erat,
671 1968 738 1992 non
755 1956 1002 1998 substantiam,
1035 1955 1097 1991 sed
1122 1955 1291 2002 quandam
1317 1956 1533 1991 substantiae
1553 1959 1729 2002 expertem

255 2013 321 2047 per
342 2014 380 2035 se
397 2003 570 2048 energiam
587 2004 697 2038 Deum
723 2004 864 2049 proprie
884 2004 953 2037 dici
976 2003 1120 2038 debere:
1147 2003 1314 2049 positione
1333 2008 1449 2037 tamen
1462 2029 1472 2045 ‚
1496 2002 1599 2038 etiam
1619 2003 1728 2048 ipsam

257 2048 500 2090 substantiam
518 2051 660 2084 humano
672 2051 821 2084 fortasse
833 2050 1006 2085 desiderio
1016 2051 1256 2096 permittente3
1275 2061 1398 2094 nempe
1410 2049 1601 2096 analogice,
1612 2062 1730 2096 quem-

256 2094 437 2130 admodum
455 2100 490 2130 et
514 2097 666 2130 homines
692 2096 754 2130 filii
773 2097 838 2131 Dei
859 2100 894 2130 et
914 2096 972 2130 Dii
994 2108 1055 2142 per
1074 2097 1219 2142 gratiam
1240 2103 1430 2131 vocantur:
1456 2102 1512 2138 et,
1537 2108 1624 2142 quae
1644 2108 1730 2131 con-

257 2140 421 2175 clusionis
449 2153 573 2176 summa
602 2146 697 2185 erat,
729 2153 798 2177 non
823 2143 1068 2185 substantiam,
1093 2144 1153 2177 sed
1178 2144 1268 2178 illam
1288 2154 1308 2177 a
1328 2144 1522 2177 substantia
1543 2143 1728 2177 abscissam

258 2187 445 2232 energiam,
463 2200 597 2223 carnem
615 2201 635 2223 a
646 2189 790 2234 Virgine
802 2189 867 2224 Dei
887 2190 1055 2234 genitrice
1067 2191 1181 2224 Maria
1195 2189 1395 2234 accepisse3
1415 2190 1579 2224 eiusmodi
1598 2190 1729 2235 quippe

259 2246 336 2269 esse
353 2235 579 2269 substantiam
595 2235 722 2281 ipsam,
748 2241 788 2270 ut
809 2236 1010 2282 participari
1028 2248 1096 2270 non
1114 2241 1243 2282 posset,
1268 2242 1303 2270 et
1319 2237 1361 2270 ab
1381 2249 1495 2271 rerum
1515 2237 1728 2270 terrestrium

258 2291 344 2318 cura
360 2292 502 2326 prorsus
517 2281 630 2316 aliena
644 2285 747 2323 esset,
759 2282 886 2317 alicubi
899 2283 1032 2321 scilicet
1055 2284 1090 2317 in
1113 2282 1348 2330 superioribus
1377 2282 1461 2317 locis
1488 2283 1727 2317 constitutam:

258 2326 375 2362 multis
403 2326 520 2373 itaque
545 2327 636 2369 illic,
661 2331 700 2362 ut
718 2328 882 2371 diximus,
905 2330 1080 2375 variisque
1105 2329 1396 2376 disputationibus
1421 2329 1567 2372 habitis,
1591 2335 1628 2363 et
1652 2334 1728 2364 tota

258 2372 367 2407 ferme
385 2373 446 2408 illa.
465 2378 565 2408 nocte
580 2373 628 2408 ibi
645 2381 857 2421 consumpta,
879 2377 1077 2421 imperator,
1102 2377 1161 2412 ubi
1180 2376 1446 2411 controversiam
1465 2376 1557 2410 illam
1578 2388 1643 2410 non
1664 2376 1729 2411 ali-

258 2423 314 2453 ter
339 2419 471 2454 finitum
494 2420 539 2455 iri
560 2420 751 2464 intellexit,
775 2423 900 2457 Isidori
922 2423 1011 2458 illius
1040 2435 1148 2458 novos
1171 2423 1329 2457 Canones
1353 2422 1436 2468 igne
1457 2423 1586 2463 deleri,
1610 2435 1651 2458 ac
1676 2423 1728 2457 lo-

259 2466 389 2511 quendi
406 2466 601 2502 libertatem
620 2467 776 2514 recipere
796 2482 866 2511 eos,
887 2470 945 2515 qui
964 2475 1066 2505 antea
1083 2470 1296 2511 habuissent,
1320 2468 1433 2503 iussit.
1481 2469 1546 2504 His
1563 2470 1615 2503 ita
1632 2469 1729 2503 ordi-

258 2512 348 2547 natis
367 2518 403 2547 et
421 2512 566 2548 omnium
585 2525 726 2549 assensu
744 2517 982 2561 comprobatis,
1007 2523 1202 2563 sumptuosa
1223 2516 1320 2551 nobis
1338 2527 1467 2558 mensa,
1493 2516 1624 2561 signum
1645 2527 1728 2550 con-

258 2559 419 2603 cordiae,
445 2560 604 2606 apposita
620 2564 683 2595 est.
733 2562 782 2597 Ac
807 2564 858 2597 sic
885 2575 953 2597 una
973 2575 1046 2599 cum
1068 2563 1331 2609 imperatoribus
1353 2563 1482 2608 epulati
1504 2562 1728 2604 surreximus,

253 2609 434 2650 sperantes
453 2607 620 2653 principis
639 2607 752 2643 edicto
772 2609 1004 2645 confirmatum
1025 2610 1069 2645 iri
1089 2609 1258 2657 postridie
1279 2621 1331 2652 ea,
1355 2609 1398 2644 de
1417 2610 1541 2655 quibus
1558 2620 1730 2644 convene·-

253 2656 329 2693 ταις
354 2663 399 2687 ne
415 2653 459 2687 ab
477 2653 637 2688 ecclesiis
650 2653 728 2697 Dei,
747 2655 871 2701 ubique
887 2656 989 2691 maris
1006 2662 1042 2692 et
1057 2662 1225 2692 terrarum
1240 2658 1356 2702 patria
1370 2656 1549 2702 religionis
1567 2655 1730 2701 dogmata

252 2697 536 2743 defendentibus,
559 2707 768 2736 vocarentur
787 2701 824 2736 in
844 2702 982 2738 dubium
1004 2715 1065 2746 ea,
1088 2715 1177 2749 quae
1193 2708 1262 2738 tum
1281 2702 1422 2738 fiebant.
1470 2702 1574 2748 (XI.)
1598 2703 1644 2737 At
1663 2713 1729 2748 pa-

253 2748 344 2779 ctum
365 2745 450 2780 illud
473 2758 536 2782 nec
559 2746 639 2790 diu,
663 2748 726 2783 nec
745 2747 788 2782 iis
811 2749 976 2792 omnibus,
997 2750 1058 2796 qui
1081 2750 1274 2785 contrariae
1292 2749 1452 2785 factionis
1472 2755 1593 2791 erant,
1616 2753 1729 2783 ratum

253 2802 331 2825 esse
348 2791 490 2837 placuit.
537 2793 722 2829 Enimvero
746 2795 986 2831 necessitatem
1005 2796 1205 2843 imperatori
1226 2797 1434 2837 adhibuere,
1458 2796 1572 2841 ipsum
1591 2806 1730 2841 quoque

252 2836 426 2875 Palamam
443 2840 659 2884 arcessendi,
683 2841 728 2878 ad
745 2841 1004 2879 consultandum
1027 2844 1071 2880 de
1088 2843 1133 2879 iis
1149 2843 1275 2889 rebuS,
1300 2855 1391 2892 quae
1408 2843 1570 2880 decretae
1590 2845 1728 2883 essent3
