1754 3164
557 153 1038 200 ANNOTATIONES.
1439 146 1570 196 1313

45 262 384 319 συνθεολογισθῇ,
413 259 483 301 sed
503 259 714 300 emendavi
736 274 784 299 ex
803 261 950 300 Sancto
969 259 1143 300 Maximo
1155 290 1166 311 ‚
1200 260 1309 315 apud
1329 274 1448 314 quem
1467 261 1573 313 legi-

43 324 130 370 tur,
159 319 228 361 ’ἵνα
257 317 312 373 μή
333 315 543 368 σύνθετος.
601 331 850 359 cAPl‘EnoNN.

159 379 263 429 Pag.
295 380 426 426 1091,
459 379 524 418 13.
571 370 630 415 ”H
652 371 1080 429 αὕτοϋπεραγαθᾶτης]
1110 376 1243 415 Locus
1265 381 1326 416 est
1342 375 1384 415 in
1408 375 1574 415 scholiis

46 434 183 473 Sancti
210 434 371 473 Maximi
400 433 454 472 ad
474 433 623 472 librum
641 432 1022 486 Pseudo-Dionysii
1052 433 1102 473 de
1130 433 1253 475 divin.
1279 434 1466 474 nominib.
1485 447 1574 487 cap.

45 492 96 530 V.
128 496 225 530 sect.
245 493 286 533 6.
318 490 371 530 ad
401 503 543 531 vocem
571 486 997 545 αὕτοῦπεραγαθότης,
1032 504 1125 544 pag.
1154 494 1250 535 692.
1281 490 1374 533 edit.
1410 491 1574 534 Corder.

47 562 287 587 CAPPERONU·

158 603 260 659 Peg.
294 607 427 655 1092,
461 608 525 648 16.
592 601 675 658 Τὴν
707 599 851 645 οὐσίαν
874 600 1009 645 αὐτῶν
1033 601 1267 659 ἀπώλεσεν]
1302 603 1576 645 Substantiam

47 677 157 701 suam
190 663 423 701 amitterent.
482 662 634 702 Similia
668 662 860 701 Pseudo·
882 662 1097 715 Dionysius
1124 661 1246 702 habet
1269 662 1337 704 lib.
1371 662 1422 701 de
1450 662 1576 705 divin.

47 719 195 759 nomin.
220 733 308 772 cap.
328 720 439 759 xm.
457 727 555 760 sect.
577 724 616 762 2.
661 733 902 759 cunnos-x.

164 779 260 830 Pag-
292 779 423 826 1093,
458 780 524 820 19.
586 776 718 830 Φησὶν
739 771 839 830 οὖν]
869 777 1037 816 Proclus
1059 777 1235 821 Institut.
1254 775 1484 828 Theologic.
1506 776 1576 816 lib.

49 833 136 874 Vll.
159 847 247 886 cap.
271 836 309 876 3.
351 847 595 874 CAPPERONN.

162 892 266 944 Peg.
301 890 423 941 1094,
460 891 502 934 4.
562 891 791 930 Secundum
813 891 1024 931 lectionem
1054 891 1309 942 marginalem
1340 891 1396 930 ita
1423 898 1576 930 vertes:

51 945 126 986 Sin
158 963 278 987 unum
301 949 428 1001 fiant,
457 964 512 988 em
533 947 668 999 nullo,
698 946 743 988 id
769 958 825 987 est
851 963 907 988 ex
928 950 1150 1002 privatione
1159 950 1274 1003 fiunt
1301 949 1414 1003 prius
1443 963 1577 997 unum,

49 1013 242 1059 quatenus
266 1020 384 1043 unum
404 1004 503 1060 quid
526 1007 622 1059 ipsis
640 1020 770 1045 recens
787 1006 914 1045 inerit.
949 1019 1191 1045 curationis.

167 1064 262 1115 Pag.
297 1065 424 1112 1095,
456 1064 496 1107 5.
547 1060 624 1103 “Εν
657 1062 731 1116 μέν
770 1062 851 1104 ἔστι
880 1060 925 1104 τὸ
956 1061 1080 1111 ὅντως
1113 1060 1186 1116 ὂν]
1243 1061 1388 1102 Verum
1424 1077 1492 1101 ens
1525 1071 1581 1101 est

50 1133 190 1159 unum.
249 1119 400 1157 Locum
425 1119 535 1159 hunc
559 1134 638 1159 non
658 1119 791 1171 reperi
819 1120 860 1158 in
884 1121 1054 1171 vulgatis
1078 1120 1266 1173 Dionysii.
1312 1119 1390 1158 Sed
1414 1119 1483 1158 hic
1509 1132 1583 1157 au-

54 1182 166 1224 ctor,
200 1177 381 1229 quisquis
405 1177 567 1216 tandem
587 1178 651 1228 sit,
681 1177 759 1216 alia
780 1177 893 1216 etiam
913 1178 1131 1230 scripserat
1150 1191 1252 1230 quae
1277 1177 1456 1216 nondum
1476 1176 1582 1215 edita

52 1239 162 1282 sunt,
194 1246 231 1275 V.
251 1247 288 1285 g.
309 1247 411 1286 opus
441 1234 532 1288 περὶ
557 1237 716 1287 νοητῶν
739 1232 808 1274 καὶ
834 1234 1058 1287 αἰσθητῶν,
1091 1235 1199 1286 quod
1221 1236 1327 1273 citat.
1344 1234 1414 1274 lib.
1434 1233 1484 1273 de
1509 1234 1584 1273 Ec-

57 1291 154 1329 cles.
175 1290 381 1330 Hierarch.
403 1305 491 1345 cap.
509 1292 559 1331 ΙΙ.
582 1298 684 1344 part.
706 1292 774 1332 111.
798 1298 895 1330 sect.
923 1296 965 1335 2.
1025 1306 1269 1331 CAPPERONN.

167 1346 265 1401 Pag-
298 1350 430 1400 1095,
463 1352 503 1391 6.
564 1350 618 1390 Οἱ
646 1349 856 1397 ἕνοειδεῖς]
898 1348 978 1400 Qui
1005 1347 1178 1388 divinam
1208 1350 1395 1388 unitatem
1422 1348 1585 1402 partici-

52 1414 165 1458 pant.
195 1405 287 1444 Vox
306 1404 408 1445 haec
430 1406 636 1445 invenitur
655 1406 772 1445 etiam
789 1407 829 1444 in
859 1407 1020 1459 Dionys.
1043 1406 1113 1444 lib.
1138 1407 1187 1445 de
1207 1407 1359 1444 Eccles.
1378 1404 1584 1445 Hierarch.

55 1476 145 1513 cap.
167 1461 220 1501 II.
253 1469 357 1515 part.
380 1463 449 1503 ΙΙΙ.
482 1470 579 1503 sect.
601 1467 644 1506 2.
698 1464 796 1502 Eam
821 1464 984 1502 sanctu‘s
1011 1463 1208 1502 Maximus
1233 1463 1378 1502 ibidem
1409 1463 1585 1514 explicat

54 1532 129 1571 per
152 1521 343 1570 θεοειδῆ,
374 1519 618 1576 Deiformia,
658 1534 760 1573 quae
794 1520 965 1572 opponit
995 1525 1080 1569 τοῖς
1109 1523 1270 1568 πολλοῖς
1294 1519 1363 1560 καὶ
1396 1515 1584 1573 ἄνιέροις,

54 1575 98 1614 id
121 1582 201 1626 est,
229 1574 347 1630 vulgo
373 1587 408 1616 et
434 1577 630 1633 profanis.
690 1578 789 1616 Item
819 1577 1084 1630 Pachymeres
1108 1577 1256 1615 ibidem
1282 1577 1391 1616 illam
1420 1576 1588 1628 exponit

57 1646 132 1685 per
150 1637 259 1684 θεῖα,
287 1633 343 1682 αἱς
359 1632 503 1686 ὑψηλοὶ
526 1634 594 1675 καὶ
614 1636 673 1688 νῷ
699 1632 809 1691 μόνῳ
829 1631 969 1685 kumei,
997 1634 1038 1673 id
1064 1641 1135 1684 est,
1162 1634 1323 1684 Divina,
1341 1643 1382 1672 ut
1400 1631 1587 1672 sublimia

56 1699 94 1728 et
117 1688 204 1729 sola
236 1700 361 1729 mente
392 1690 770 1745 comprehensibilia.
828 1691 902 1730 His
931 1691 1328 1745 interpretationibus
1362 1690 1587 1730 versionem

57 1753 234 1786 nostram
257 1749 655 1788 accommodavimus.
718 1762 962 1789 csrrnnoxx.

175 1808 271 1859 Peg.
307 1808 436 1856 1096,
467 1811 507 1850 2.
563 1804 607 1846 ‘O
634 1801 754 1855 αὐτός
786 1810 939 1859 φησιν]
986 1805 1155 1858 Dionys,
1180 1805 1249 1844 lib.
1278 1804 1328 1843 de
1359 1803 1442 1844 div.
1479 1817 1586 1842 nom.

59 1875 151 1915 cap.
170 1862 225 1901 IV
248 1877 334 1915 sqq.
395 1877 639 1902 curationum

174 1917 213 1959 Ρ
209 1933 273 1973 ag·
306 1923 415 1963 1096
427 1951 438 1970 ,
467 1923 507 1963 7.
563 1919 608 1961 ‘O
625 1917 724 1968 θεᾶς
742 1923 866 1961 ταῦτα
883 1919 1054 1972 λέγεται]
1085 1918 1192 1958 Deus
1214 1917 1312 1958 haec
1331 1932 1409 1956 esse
1428 1914 1587 1966 dicitur,

61 1976 248 2016 nimirum
268 1975 478 2031 pulchrum
500 1986 536 2016 et
552 1975 822 2031 pulchritudo,
856 1985 898 2016 ut
920 1977 1000 2016 hoc
1020 1978 1113 2015 loco
1136 1973 1388 2028 fusepostca
1413 1974 1592 2026 explicat

60 2035 278 2087 Dionysius
298 2034 387 2083 ille,
418 2048 537 2088 quem
558 2034 647 2084 hic,
677 2041 723 2074 ut
743 2042 783 2075 et
804 2035 922 2087 alibi,
954 2033 1152 2074 contrahit
1179 2033 1391 2085 Gregoras,
1450 2044 1591 2070 carris-

61 2105 188 2130 nomi.

180 2151 276 2202 Pag.
307 2150 437 2197 1096,
468 2152 508 2192 8.
562 2143 631 2188 Ἐκ
655 2151 761 2190 θεοῦ
788 2148 857 2190 καὶ
886 2148 931 2190 ἐν
957 2147 1067 2204 θεῷ]
1096 2148 1141 2186 In
1164 2146 1280 2186 editis
1300 2145 1480 2198 Dionysii
1499 2144 1593 2196 legi-

62 2212 155 2256 tur,
185 2202 250 2255 Ἐξ
271 2201 395 2258 αὐτῆς
415 2204 484 2246 καὶ
505 2205 548 2247 ἐν
572 2201 688 2261 αὐτῇ,
718 2207 885 2259 supple,
915 2200 1351 2260 αὕτοῦπεραγαθότητι,
1383 2216 1485 2255 quae
1507 2215 1592 2240 vox

64 2264 193 2302 Deum
213 2263 347 2315 ipsum
369 2263 559 2315 designat.
622 2276 863 2304 cAPPssnosN.

182 2322 278 2373 Pag.
313 2323 444 2370 1096,
478 2324 544 2363 10.
600 2315 807 2372 Ἀσχέτως]
842 2317 936 2359 Εἰπέ
958 2317 1043 2359 ulla
1061 2318 1328 2373 proportione.
1370 2316 1430 2354 Ita
1451 2327 1593 2353 vocem

65 2377 172 2416 hanc
200 2377 380 2429 Dionysii
413 2378 619 2429 explicant
647 2378 814 2416 Sanetus
843 2377 1040 2416 Maximus
1073 2383 1114 2415 et
1139 2374 1405 2427 Pachymeres
1435 2372 1478 2409 in
1511 2370 1593 2409 suis

67 2434 247 2475 scholiis.
304 2435 412 2473 Haec
437 2442 530 2474 sunt
553 2448 691 2474 eorum
716 2434 859 2484 verba,
894 2430 1033 2475 οὐδενὶ
1063 2429 1138 2487 γοὶρ
1167 2428 1292 2488 λόγῳ,
1322 2446 1358 2471 κ.
1388 2432 1422 2469 λ.
1452 2427 1530 2480 ἔχει
1553 2425 1597 2468 τὸ

66 2497 186 2532 θεῖον
208 2489 284 2545 τήν
302 2490 405 2547 πρὸς
423 2490 470 2532 τοὶ
490 2490 587 2533 ὄντα
606 2491 739 2544 σχέσιν
760 2507 801 2531 τε
826 2490 894 2531 καὶ
909 2491 1151 2538 κοινωνίαν,
1187 2489 1230 2527 id
1252 2494 1324 2536 est,
1354 2482 1466 2524 nulla
1493 2485 1595 2522 enim

0 2594 1 2597 Ἰ
70 2550 221 2587 ratione
245 2555 319 2588 etc.
376 2549 575 2588 Divinitas
594 2546 862 2588 habitudinem
888 2557 957 2587 aut
974 2547 1285 2588 communionem
1314 2557 1403 2583 cum
1433 2539 1595 2581 caeteris

54 2603 221 2645 rentibus
239 2605 364 2645 habet.
401 2620 652 2646 carrssnons.
1418 2653 1427 2661 .
1532 2651 1541 2660 ,

187 2666 282 2715 Peg.
315 2666 443 2713 1098,
474 2668 514 2707 2.
547 2659 693 2717 Πλήρη
713 2659 1046 2714 πεπαιδευμένοις
1072 2657 1190 2706 ὄντα]
1221 2652 1593 2722 Textum'mtel‘ligo

73 2719 187 2772 quasi
206 2719 431 2772 scripsisset
453 2721 671 2772 Gregoras,
702 2716 751 2759 τοὶ
778 2721 852 2759 τοῦ
875 2718 1097 2759 Διονυσίου
1122 2709 1312 2766 κεκρικώς
1336 2714 1470 2762 πληρη
1496 2724 1596 2750 οντα

72 2780 157 2823 τοῖς
181 2775 524 2829 πεπαιδευμένοις.
565 2778 671 2826 Erit,
703 2777 851 2825 fateor,
882 2776 1056 2826 enallage
1079 2771 1283 2825 quaedam,
1312 2781 1383 2807 seu
1404 2764 1596 2832 ἄντίπτω-

77 2845 139 2882 σις
162 2832 331 2886 [positio
354 2835 472 2873 unius
494 2848 608 2874 casus
629 2848 704 2888 pro
727 2832 870 2886 altero]
892 2833 962 2873 sed
978 2844 1079 2886 quae
1098 2841 1173 2869 nec
1195 2826 1274 2881 ipsi
1291 2826 1462 2873 Platom,
1480 2836 1597 2876 quem
