1794 3172
307 126 625 176 HISTORIAE
651 125 1027 175 BYZANTINAE
1052 124 1173 173 XIX.
1188 126 1230 175 4.
1408 117 1511 168 94⁷

31 240 103 284 καὶ
130 234 341 284 &camerac
361 237 411 283 τὸ
431 237 623 284 ἄκτιστον
641 237 772 284 αὗτοῦ
791 237 897 294 μετὰ
922 242 996 294 τῆς
1015 235 1218 294 θεότητος
1231 249 1242 261 ·
1275 233 1303 292 ἢ
1333 231 1510 293 τετάρτη
1534 243 1623 278 A.c.
1642 242 1730 281 1351

31 305 276 363 ὑπόστασις,
301 309 371 352 καὶ
388 308 435 352 τὸ
454 307 610 353 ἄτοπον
637 307 737 353 ὅσον
760 306 782 352 ὅ
809 312 927 359 θεῖος
944 309 1121 351 δείκνυσι
1143 305 1282 363 πατὴρ
1300 306 1369 348 καὶ
1391 291 1734 372 Mei-fflgssffgu‘

34 382 201 429 σκαλος.
239 379 275 422 εἰ
302 378 349 422 δὲ
375 375 577 435 ποιότητά
603 395 695 422 τινα
722 375 918 422 ἀνοῦσιον
939 379 1006 420 καὶ
1028 373 1256 434 ἆπόῤῥοιαν
1287 374 1415 431 ἄλλης
1437 374 1512 419 οὗ-

33 449 151 500 σίας,
187 444 482 503 εἷσαχθήσεται
514 447 564 492 τὸ
595 445 857 504 ἀνύπαρκτον
892 451 968 503 τῆς
998 444 1214 502 θεότητος.
1275 448 1437 499 μᾶλλον
1470 444 1517 488 δὲ

4 515 245 563 5ἆδύνατον
277 514 384 560 εἶναί
410 533 536 574 φησι,
572 515 840 572 ὗποκειμένου
876 518 972 573 δίχα
995 516 1100 559 καθ’
1137 514 1288 571 ἑαυτὴν
1312 518 1559 570 συστῆναιι)

34 584 259 642 ποιότητα·
297 583 436 643 ὥσπερ
467 585 543 629 οὐκ
571 585 623 630 ἂν
651 586 698 630 τὸ
735 586 894 643 λογικὸν
915 586 1007 644 εἶ’πῃ
1035 602 1121 639 τις,
1159 579 1290 628 οὖσαν
1309 583 1518 643 διαφορὰν

36 652 217 711 οὗσιῶὃη
255 653 541 712 τάνθρώπου,
563 654 646 711 ,μὴ
676 659 752 699 τοῦ
791 654 895 709 ζώου
929 653 1130 714 πρότερον
1161 652 1452 709 ὑποκειμένου,
1490 652 1515 698 ὅ

36 725 146 767 ἐστιν
178 723 300 767 οὐσία
319 722 507 779 ἐζιιψυχος
529 722 755 780 αἲσθητική
771 739 781 748 ·
819 723 921 769 εἶναι
949 725 1028 784 γὰρ
1047 724 1100 768 τὰ
1124 722 1304 779 οὖσιώδη
1335 725 1404 767 καὶ
1432 741 1516 782 φυ-

35 794 133 836 σικὰ
157 797 232 849 τῆς
253 791 398 844 οὗσίας
417 795 485 837 καὶ
504 791 669 852 φύσεως
687 794 793 851 με’ρη
810 794 885 851 τὴν
902 791 1130 851 ἐπιστήμην
1151 791 1376 851 ὁρίζεσθαι.
1413 795 1449 837 εἲ
1467 792 1511 837 δ’
1532 798 1577 837 V.
1597 798 1668 837 482

0 863 103 907 ,οέπὶ
135 867 219 906 τῶν
249 862 489 917 συνθέτων,
526 867 668 923 πολλῷ
696 867 857 919 μᾶλλον
890 865 956 907 ἐπὶ
986 868 1069 908 τῶν
1098 863 1263 920 ἀμερῶν
1282 864 1351 906 καὶ
1373 860 1515 907 ἁπλῶν

37 931 152 976 ἕσται
161 965 176 985 ,
209 933 279 975 καὶ
298 931 357 975 ἔτι
375 936 535 988 μᾶλλον
554 933 618 976 ε’πὶ
634 934 756 984 θείας
775 931 961 992 φύσεως,
999 933 1053 977 τὰ
1074 930 1225 977 aarum}
1249 930 1458 989 λεγόμενα.

142 999 193 1046 δ’.
236 1000 360 1045 Οὕτω
381 1003 518 1045 τοίνυν
543 1002 613 1046 διὰ
631 1000 790 1046 τούτων
807 1010 896 1054 τοῖς
922 1000 1202 1059 εἷκονομάχοις
1231 1005 1517 1059 συγκαταλυο-
1530 1010 1574 1046 Ρ.
1596 1009 1666 1048 596

35 1070 162 1126 με’νου
195 1074 269 1113 τοῦ
298 1074 489 1126 Παλαμᾶ
515 1072 620 1130 πρὸς
638 1074 759 1116 τοῦδε
779 1077 853 1116 τοῦ
873 1070 1122 1130 σοφωτάτου
1151 1073 1222 1115 καὶ
1246 1072 1366 1115 θείου
1396 1073 1517 1115 διδα-

38 1138 217 1193 σκάλου,
256 1140 353 1197 φέρε
371 1131 559 1197 λύσωμεν
580 1144 648 1184 καὶ
669 1140 787 1198 ἡμεῖς
809 1141 885 1199 τὴν
908 1143 1301 1198 ἓπιδαψιλευθεΐσαν
1330 1145 1391 1201 τῷ
1418 1141 1518 1185 ἀνο-

0 1219 29 1255 ,5
41 1209 117 1269 σίῳ
144 1207 417 1267 προσθήκην,
467 1211 581 1271 αὐτῷ
608 1209 732 1255 πάλιν
763 1209 968 1272 συμμάχῳ
993 1210 1200 1270 χρώμενοι
1232 1214 1291 1270 τῷ
1321 1208 1423 1270 ἁγίῳ
1449 1213 1519 1254 καὶ

41 1277 103 1329 οἷς
141 1278 281 1329 ἄλλοις
321 1283 490 1331 πολλοῖς
518 1298 562 1324 τε
594 1283 663 1324 καὶ
694 1279 940 1338 εὐμηχάνως
980 1282 1087 1325 κατὰ
1127 1285 1210 1325 τῶν
1242 1278 1519 1335 εἶκονομάχων

42 1347 181 1399 ὅπλοις
199 1345 401 1406 ἐχρήσατο
415 1363 425 1373 ·
457 1351 528 1393 ἵνα
544 1349 807 1407 πολλαχόθεν
826 1345 949 1402 οὗτος
966 1358 1143 1409 μακροῖς
1170 1366 1253 1394 τισι
1275 1354 1351 1406 τῆς
1373 1351 1519 1401 κακίας

38 1417 204 1475 μέτροις
227 1419 296 1461 καὶ
317 1418 415 1471 τούς
435 1418 728 1476 εἶκονομάχους
746 1421 943 1479 φαίνηται
962 1425 1099 1474 νικῶν,
1127 1421 1196 1463 καὶ
1222 1417 1312 1473 ἅμα
1334 1430 1555 1465 συνανα-Β

40 1489 236 1545 φαίνηται
252 1487 312 1543 μὴ
332 1488 545 1547 παρέργως
572 1489 650 1532 κάκ
677 1494 752 1533 τοῦ
782 1487 1042 1547 παρήκοντος
1060 1491 1116 1540 εἷς
1135 1489 1183 1533 τὸ
1212 1486 1436 1546 Θαβῶριον
1456 1488 1519 1532 ἀεὶ

0 1555 312 1614 ῑοκαταφεύγων
339 1557 461 1614 ὄρος,
508 1557 615 1601 ἀλλὰ
648 1560 716 1602 καὶ
746 1559 852 1614 μετὰ
881 1556 997 1614 μάλα
1032 1563 1186 1616 πικρῶς
1221 1556 1521 1615 ἒφεδρευούσης

41 1627 261 1683 περινοίας.
333 1626 426 1686 (Β.)
458 1627 718 1678 Ἔξεταστὲον
737 1623 809 1671 οὗν
828 1629 936 1672 ἔστιν
952 1626 1072 1684 ἡμῖν,
1109 1632 1198 1678 πῶς
1228 1626 1420 1671 ἄκτιστον
1451 1645 1519 1685 γε·-

41 1695 202 1752 γονέναι
232 1695 332 1752 λέγει
363 1695 410 1740 τὸ
439 1701 514 1739 τοῦ
543 1698 685 1754 κυρίου
718 1702 865 1753 σῶμα·
912 1700 980 1740 καὶ
1007 1697 1149 1751 ταῦτ’,
1178 1694 1436 1754 ἐκκηρῦκτων
1464 1700 1518 1755 τῇ

43 1765 236 1826 ἐκκλησία
264 1769 499 1824 περιφανῶς
525 1767 774 1823 γενομένων,
813 1764 960 1811 ὁπόσοι
986 1764 1116 1811 πάλαι
1138 1767 1255 1811 τουτὶ
1282 1763 1518 1825 παρελήρη-

42 1900 123 1940 cat,
146 1896 204 1932 vel
222 1897 365 1944 augelus
378 1897 467 1941 erit3
490 1909 558 1945 quo
575 1899 691 1945 posito
709 1911 775 1936 nec
801 1897 991 1936 increatum
1007 1911 1072 1935 nec
1089 1898 1254 1935 divinitas
1271 1901 1346 1935 estz
1367 1898 1426 1935 vel
1449 1898 1520 1935 erit

42 1949 169 1991 quarta
195 1944 413 1991 hypostasis;
449 1947 544 1991 quod
579 1958 680 1992 quam
719 1948 901 1982 absurdum
928 1947 995 1989 sit,
1026 1950 1166 1982 sanctus
1192 1946 1301 1981 Pater
1327 1950 1365 1981 et
1395 1945 1519 1981 doctor

43 1991 215 2026 ostendit:
245 1991 300 2026 sin
319 1991 518 2038 qualitatem
542 1993 711 2039 quandam
729 1993 924 2029 substantia
944 1997 1128 2035 carentem,
1152 1995 1189 2028 et
1206 1993 1367 2028 fluentem
1386 2003 1431 2041 ex
1449 1992 1519 2028 alia

44 2036 239 2072 substantia
261 2038 528 2081 emanationem,
552 2046 622 2075 tum
641 2040 805 2076 divinitas
822 2040 988 2076 eiusmodi
1008 2040 1269 2082 introducetur,
1293 2050 1382 2085 quae
1401 2042 1523 2074 careat

43 2084 260 2119 exsistentia.
306 2084 434 2127 Immo,
455 2085 590 2131 inquit,
612 2086 690 2121 fieri
710 2098 778 2122 non
794 2091 929 2133 potest,
952 2091 991 2122 ut
1008 2086 1159 2133 qualitas
1179 2086 1251 2121 ulla
1269 2097 1334 2132 per
1351 2097 1391 2120 se
1410 2086 1519 2131 ipsam

44 2130 121 2166 sine
139 2131 294 2166 subiecto
315 2131 501 2166 consistat:
527 2133 808 2177 quemadmodum
827 2145 890 2168 nec
909 2133 1200 2175 rationalitatem,
1227 2143 1319 2178 quae
1335 2137 1390 2167 est
1411 2131 1521 2167 homi-

44 2178 100 2212 nis
117 2176 316 2212 differentia
332 2179 594 2222 substantialia,
618 2179 798 2226 quisquam
826 2179 954 2215 dixerit
972 2192 1075 2226 posse
1091 2184 1252 2214 constare
1275 2178 1342 2213 nisi
1370 2178 1468 2225 prius
1485 2177 1521 2213 ei

45 2223 239 2259 subiectum
262 2224 309 2259 sit
324 2224 472 2268 animal,
496 2226 587 2271 quod
606 2231 660 2261 est
677 2226 872 2262 substantia
889 2226 1037 2262 animata
1060 2237 1164 2261 sensu
1191 2225 1373 2271 praedita.-
1396 2224 1520 2260 etenim

44 2270 259 2306 substantiae
280 2274 317 2306 et
331 2276 477 2307 naturae
495 2277 614 2318 partes
630 2272 874 2308 substantiales
893 2278 930 2308 et
949 2273 1123 2308 naturales
1139 2284 1203 2318 per
1221 2271 1398 2307 scientiam
1417 2282 1520 2318 posse

43 2316 192 2352 definiri.
230 2317 330 2360 Quae
347 2318 482 2364 quidem
499 2319 552 2353 sic
569 2319 664 2355 dicta
687 2319 718 2354 si
736 2319 845 2355 locum
855 2320 984 2355 habent
1001 2319 1038 2354 in
1053 2318 1263 2365 compositis,
1287 2318 1392 2353 multo
1408 2316 1517 2362 magis

42 2363 80 2398 in
96 2363 256 2398 indivisis
279 2369 316 2399 et
327 2364 541 2411 simplicibus
552 2366 712 2408 habitura
728 2370 821 2408 sunt,
844 2366 1045 2412 praesertim
1062 2371 1174 2401 autem
1189 2365 1226 2400 in
1244 2368 1368 2399 natura
1387 2363 1518 2398 divina.

137 2407 173 2445 4.
206 2411 376 2453 Quoniam
405 2412 524 2458 itaque
547 2414 592 2448 ab
616 2412 870 2459 sapientissimo
891 2418 928 2448 et
951 2412 1165 2447 sanctissimo
1185 2412 1329 2446 doctore
1349 2409 1520 2451 Palamas,

46 2455 147 2490 simul
163 2468 240 2492 cum
263 2457 514 2502 iconomachis,
538 2470 601 2505 per
619 2460 705 2494 haec
724 2458 916 2501 refellitur3
939 2471 1018 2506 age,
1042 2459 1159 2494 eodem
1178 2469 1294 2493 rursus
1318 2461 1438 2491 sancto
1456 2455 1520 2490 do-

47 2508 145 2537 ctore
164 2503 263 2537 nobis
280 2504 374 2539 socio
396 2505 579 2548 adiuncto,
603 2511 640 2540 et
664 2505 742 2540 aliis
770 2505 874 2540 armis
889 2505 963 2548 usi,
987 2505 1112 2552 quibus
1141 2504 1200 2540 ille
1225 2503 1376 2550 plurimis
1404 2506 1441 2537 et
1459 2514 1520 2537 ac-
1553 2538 1555 2541 ,

46 2549 229 2584 commodis
256 2549 495 2586 iconomachos
513 2563 704 2598 aggressus
725 2555 800 2593 est,
824 2552 988 2588 cumulum
1006 2553 1051 2587 ab
1070 2552 1174 2597 impio
1191 2551 1325 2585 homine
1346 2559 1389 2583 ex
1408 2549 1519 2583 abun-

45 2595 145 2630 danti
170 2595 430 2641 superadditum
457 2599 659 2641 deruamus,
681 2603 720 2633 ut
745 2598 861 2633 multis
885 2598 1094 2644 argumentis
1120 2602 1254 2632 constet
1280 2595 1519 2630 iconomachos

45 2641 151 2687 longe
165 2643 209 2677 ab
228 2642 292 2676 hoc
314 2644 471 2689 superari
494 2645 737 2691 improbitate3
760 2649 833 2680 tum
860 2644 958 2680 simul
977 2650 1167 2691 appareat,
1192 2644 1280 2678 hunc
1307 2653 1374 2676 non
1392 2641 1518 2683 obiter,

46 2699 112 2722 nec
129 2694 167 2723 ut
185 2688 277 2723 aliud
299 2696 477 2734 agentem,
500 2693 563 2727 sed
579 2704 656 2726 cum
674 2691 828 2732 solertia,
852 2703 962 2736 eaque
979 2690 1212 2727 crudelissime
1229 2687 1404 2731 insidiosa,
1428 2698 1519 2722 sem-

46 2745 110 2780 per
131 2735 175 2769 ad
194 2739 340 2770 montem
370 2736 514 2772 Thabor
539 2738 740 2781 confugere.
795 2738 879 2782 (Π.)
901 2738 989 2772 lllud
1011 2737 1118 2783 igitur
1143 2735 1240 2770 nobis
1266 2733 1517 2780 inquirendum,

46 2782 215 2826 quomodo
232 2792 356 2827 corpus
377 2782 514 2820 Domini
532 2784 684 2819 evasisse
707 2784 896 2819 increatum
922 2783 1038 2826 dicat,
1061 2794 1136 2819 cum
1163 2785 1283 2829 aperte
1309 2781 1352 2815 ab
1370 2780 1517 2814 ecclesia

47 2827 179 2875 repulsi
205 2826 274 2863 sint
301 2826 346 2874 ii,
369 2829 432 2878 qui
455 2830 494 2869 id
511 2831 591 2868 olim
612 2829 860 2867 effutiverunt:
882 2830 965 2867 item
984 2829 1152 2878 quomodo
1169 2827 1344 2870 homines,
1367 2826 1515 2862 eiusdem
