1794 3172
287 124 391 174 772
685 126 998 174 NICEPHORI
1027 126 1350 171 GREGORAE

69 254 109 288 A.
128 253 173 288 M.
188 252 279 289 6855
292 242 461 287 πέπεικα
480 240 526 285 τὸ
545 244 620 296 τῆς
638 237 799 297 γνώμης
820 238 970 293 ἐκείνης
991 237 1208 280 ἀντίθετον
1226 249 1235 259 ·
1258 234 1354 284 ἀλλ’
1379 235 1507 294 ἐκείνῃ
1525 234 1769 294 μέμφεσθαι

115 301 183 335 Iud·
199 299 243 335 15
291 313 448 355 δίκαιον
474 314 654 365 μᾶλλον,
694 308 756 351 ὅτι
778 325 848 363 μοι
883 310 1019 356 καλῶς
1054 303 1206 348 εἰπόντι
1243 303 1392 360 ἥκιστα
1421 306 1645 349 πέπεισται.
1683 310 1767 349 τῶν

291 382 365 437 μὲν
395 380 472 437 γὰρ
501 378 631 436 λόγων
663 378 740 435 ἐγώ
781 375 939 433 κύριος·
977 379 1059 418 τῶν
1090 375 1135 417 δὲ
1179 372 1366 431 πράξεων
1400 373 1426 430 ἦ
1458 372 1767 418 δυναστεύουσα

207 502 209 505 .
249 461 283 496 Ε
289 452 389 507 χείρ.
427 446 562 504 πάσης
582 451 607 491 δ
616 447 628 463 ²
653 446 875 503 ὑπέρτερον
906 446 1115 502 λοιδορίας
1145 445 1288 500 τίθησι
1315 444 1363 487 τὸ
1392 443 1452 500 μὴ
1475 444 1581 487 κατὰ
1600 443 1766 501 γνώμην

290 519 379 574 ἅμα
404 519 471 560 καὶ
493 517 597 574 πρὸς
624 516 671 560 τὸ
701 517 915 572 βέλτιστον
946 513 1175 571 φερομένην
1203 511 1335 571 ὁρμὴν
1366 513 1573 558 ἀπαντῶν.
1611 514 1659 557 οὗ
1685 514 1794 572 γὰρ5

290 589 371 639 πὺξ
399 584 645 630 ἐνάλλεσθαι
669 585 776 629 κατὰ
804 589 887 628 τῶν
919 589 992 639 τῆς
1022 584 1222 639 ἀληθείας
1252 585 1418 641 ἐχθρῶν
1449 581 1471 627 ὅ
1494 588 1577 640 ,τῆς
1606 582 1769 641 εἰρήνης

291 663 485 714 παραινεῖ
501 654 642 712 λόγος·
681 655 778 698 ἀλλ’
800 652 938 711 ἡμέρῳ
970 671 1012 695 τε
1043 652 1140 708 ἤθει
1171 654 1238 696 καὶ
1274 654 1461 710 πραειάις
1482 651 1667 710 γλώττης
1692 653 1768 710 ἀγ-

290 724 435 776 κάλαις
461 725 601 776 αὐτοῖς
631 725 851 781 προσιέναι.
906 722 1008 782 (H.)
1044 723 1104 766 Οὐ
1138 723 1381 780 μέμφεσθαι
1412 724 1576 776 τοίνυν,
1613 722 1676 766 ὅτι
1708 723 1767 778 μὴ

291 793 519 852 θαυμάζειν
538 794 652 846 ἄξιον
672 798 853 849 μᾶλλον,
888 791 950 836 ὅτι
974 792 1106 849 παρὸν
1128 791 1226 848 ἡμῖν
1247 794 1291 835 ἐκ
1312 796 1387 836 τοῦ
1411 791 1567 853 ῥᾴστου
1589 791 1769 849 σιγώσης

290 863 472 922 γλώττης
491 864 705 920 βασιλικὴν
729 863 932 918 εὐμένειαν
951 864 1172 920 πρίασθαι,
1197 862 1358 920 μακρὸν
1380 862 1428 905 τὸ
1447 860 1665 919 φιλότιμον
1687 867 1794 906 τῶν]

255 941 287 976 F
293 936 474 993 χαρίτων
493 932 837 990 ὖπισχνουμένην,
871 931 964 975 οὔτε
985 932 1259 988 κλονουμένην
1281 930 1467 975 διάνοιαν
1486 930 1766 988 ἐκτησάμεθα,

292 1006 361 1048 καὶ
391 1003 478 1060 ἅμα
510 1008 592 1047 τῶν
622 1002 729 1061 ὅρων
756 1007 831 1059 τῆς
860 1002 1094 1058 εἰθισμένης
1124 1004 1166 1053 ἐς
1194 1001 1247 1045 τὰ
1275 1000 1462 1060 χρήσιμα
1481 999 1634 1054 τάξεως
1653 1001 1771 1045 ἔνδον

294 1075 528 1130 ἐμείναμεν,
567 1072 775 1130 ἀκήρατον
810 1077 1108 1129 συντηροῦντες
1136 1071 1184 1115 τὸ
1206 1070 1403 1130 φρόνημα
1428 1075 1502 1128 τῆς
1532 1075 1683 1127 ψυχῆς.
1721 1070 1770 1114 οὗ

294 1144 372 1201 γὰρ
392 1147 591 1187 τοσοῦτον
614 1141 852 1199 ἀνθρώποις
874 1142 1057 1198 ἀρέσκειν
1080 1143 1293 1199 ἐκρίναμεν
1321 1144 1432 1196 δεῖν,
1470 1139 1568 1185 ὅσον
1597 1145 1656 1201 τῷ
1686 1144 1771 1184 τῶν

295 1211 459 1269 ἀδήλων
480 1211 635 1270 ἐπόπτῃ
658 1216 758 1271 θεῷ.
797 1212 836 1255 οἷ
852 1213 927 1268 μὲν
941 1212 1018 1270 γὰρ
1037 1215 1120 1255 τῶν
1143 1211 1361 1268 δρωμένων
1377 1212 1419 1262 ἐς
1440 1210 1677 1269 τούμφανὲς
1695 1222 1794 1256 >ca-1

293 1284 516 1326 θίστανται
555 1281 763 1341 μάρτυρες
794 1279 956 1337 μόνων,
1009 1280 1081 1332 οὓς
1120 1283 1187 1325 καὶ
1223 1282 1587 1339 παραλογίσασθαι
1620 1279 1771 1332 ἔξεστιν

296 1353 448 1406 ἐνίοτε,
480 1351 522 1395 εἶ’
542 1370 611 1403 τις,
636 1352 734 1402 τούς
762 1357 838 1408 τῆς
868 1353 1013 1402 κακίας
1038 1350 1222 1410 καρποὺς
1241 1358 1328 1401 τοῖς
1354 1355 1430 1407 τῆς
1459 1351 1608 1408 ἀρετῆς
1625 1348 1772 1393 ὑποτί-

166 1424 397 1479 Ρ.485θησι
416 1419 602 1478 σχήμασί
615 1439 657 1465 τε
683 1424 750 1464 καὶ
765 1420 972 1479 χρώμασι.
1010 1421 1111 1472 θεὸς
1131 1421 1174 1464 δ”
1196 1422 1237 1463 ἐν
1259 1420 1399 1471 αὐτοῖς
1426 1421 1504 1478 πρὸ
1539 1424 1622 1463 τῶν
1641 1419 1771 1477 ἔργων

293 1498 382 1542 τοῖς
402 1496 476 1548 τῆς
495 1492 665 1550 καρδίας
686 1490 903 1548 κινήμασιν
923 1492 1062 1550 ἐρείδει
1083 1490 1136 1534 τὰ
1156 1494 1230 1547 τῆς
1252 1488 1470 1542 ἐξετάσεως
1492 1490 1583 1546 ἴχνη
1594 1523 1607 1543 ,
1637 1491 1704 1532 καὶ
1723 1488 1770 1532 τό

293 1566 410 1618 βῆμα
429 1566 505 1617 τῆς
533 1563 648 1618 δίκης
679 1563 722 1604 ἐν
742 1561 887 1612 αὖταΐς
915 1567 1132 1619 συγκροτεῖ
1150 1564 1234 1604 τῶν
1265 1564 1469 1617 λογισμῶν
1488 1566 1581 1610 ταῖς
1601 1559 1794 1617 ἅρχαΐς·ἐ

293 1630 399 1674 ἔνθα
413 1629 557 1689 χώραν
585 1631 660 1674 οὐκ
686 1630 764 1687 ἔχει
796 1635 937 1687 σχῆμα
961 1633 1029 1674 καὶ
1052 1634 1204 1689 χρῶμα
1240 1627 1479 1683 καλύπτειν,
1514 1629 1607 1672 εἴτι
1629 1630 1774 1679 κακίας

295 1701 378 1743 ἐκεῖ
402 1699 701 1759 παραφύεσθαι
728 1700 922 1756 βούλοιτο
951 1698 1190 1757 βλάστημα.
1254 1698 1350 1759 (Θ.)
1388 1697 1562 1743 Τούτων
1594 1698 1638 1741 δ’
1665 1697 1775 1741 οὕτω

294 1769 617 1826 συμβεβηκότων
626 1804 640 1824 ,
682 1770 784 1814 οἷ’κοι
823 1770 966 1814 λοιπὸν
993 1770 1245 1826 καθημένοις
1272 1769 1348 1826 τὴν
1378 1772 1776 1826 καταψηφισθεΐσαν

163 1847 206 1882 V.
216 1847 284 1884 392
296 1837 412 1895 ἡμῶν
433 1841 592 1898 ἐξορίαν
604 1837 763 1898 νύκτωρ
782 1843 848 1884 καὶ
868 1840 974 1896 μεθ’
998 1838 1157 1897 ἡμέραν
1173 1837 1285 1898 ἐπῄει
1305 1841 1560 1897 καραδοκεῖν.
1587 1840 1654 1880 καὶ
1675 1835 1773 1892 τάχ’

259 1907 353 1953 Βᾶν
377 1911 431 1959 εἷς
450 1908 567 1967 ἔργον
592 1909 645 1953 τὰ
677 1911 782 1953 καθ’
805 1908 923 1966 ἡμῶν
943 1908 1202 1966 μελετώμενα
1220 1908 1494 1967 προύβαινεν,
1525 1910 1560 1951 εἴ
1577 1907 1636 1963 μὴ
1656 1909 1794 1951 Kena-s

300 1996 482 2039 sentiebat,
500 2009 567 2032 non
583 1999 810 2044 persuaserim
828 2010 913 2035 vera
928 2010 1023 2034 esse:
1047 1997 1108 2033 sed
1124 1996 1176 2032 illi
1193 1996 1308 2043 potius
1325 1995 1591 2031 succensendum
1609 1999 1673 2037 est,
1686 1994 1778 2040 quod

300 2043 383 2077 mihi
401 2048 497 2078 recte
521 2045 650 2080 dicenti
670 2046 926 2092 haudquaquam
948 2045 1149 2080 crediderit.
1197 2044 1287 2079 Nam
1309 2043 1446 2077 dicendi
1467 2042 1602 2088 quidem
1625 2045 1777 2088 potestas

300 2100 409 2170 penes
425 2101 477 2124 me
497 2094 569 2133 est;
593 2093 685 2126 fact-a
706 2093 783 2138 ipsa
802 2094 954 2139 pendent
972 2103 1016 2126 ex
1028 2103 1130 2126 manu
1147 2089 1384 2144 praepotenti..
1424 2090 1502 2134 Ego
1522 2101 1603 2124 vero
1627 2090 1669 2144 ab
1688 2088 1778 2123 omni

316 2147 404 2181 onge
428 2138 693 2181 reprehensione
714 2141 853 2182 absum,
878 2142 1046 2186 quatenus
1066 2150 1133 2173 non
1159 2137 1326 2173 successit
1342 2136 1424 2171 m1hi
1440 2148 1482 2171 ex
1499 2140 1690 2177 sententia,
1713 2147 1778 2169 nec

301 2185 407 2228 prout
422 2184 532 2217 animo
555 2185 599 2218 ad
620 2186 747 2230 optima
764 2198 936 2232 propenso
957 2186 1144 2231 cupiebam.
1193 2185 1274 2220 Non
1292 2183 1398 2224 enim,
1421 2187 1462 2217 ut
1481 2182 1640 2217 veritatis
1660 2183 1777 2216 hostes

302 2228 427 2275 pugnis
446 2228 666 2274 impetamus,
691 2232 785 2278 pacis
806 2233 895 2267 ratio
921 2233 1066 2274 suadet3
1098 2231 1158 2266 sed
1184 2236 1223 2266 ut
1244 2230 1377 2265 blandis
1405 2230 1555 2264 moribus
1580 2234 1616 2263 et
1636 2228 1776 2263 mitibus

301 2275 464 2320 alloquiis
485 2288 544 2310 eos
567 2277 759 2313 ambiamus.
806 2278 942 2324 (VIII.)
966 2280 1048 2314 Non
1065 2284 1118 2313 est
1136 2278 1245 2324 igitur
1263 2276 1483 2317 criminandi,
1507 2275 1569 2310 sed
1586 2274 1778 2310 admirandi

303 2322 419 2367 potius
441 2322 555 2365 locus,
580 2324 671 2368 quod
687 2337 761 2359 cum
784 2337 826 2360 ex
850 2326 944 2360 facili
970 2337 1142 2371 possemus
1159 2325 1230 2359 solo
1249 2323 1386 2358 silentio
1403 2322 1655 2368 imperatoriam
1672 2323 1778 2356 bene-

302 2367 486 2403 volentiam
504 2369 690 2412 redimere,
715 2371 865 2416 praemia
883 2373 1064 2417 magnifica
1083 2376 1347 2418 proponentem,
1370 2375 1483 2403 tamen
1501 2374 1536 2403 et
1552 2374 1696 2403 mentem
1715 2368 1778 2403 im-

304 2419 427 2450 motam
445 2415 643 2449 retinuimus
656 2441 666 2458 ,
691 2422 726 2451 et
743 2418 841 2451 simul
860 2418 952 2453 intra
975 2419 1132 2453 consueti
1157 2417 1264 2453 officii
1287 2415 1412 2450 limites
1437 2415 1646 2461 perstitimus
1665 2415 1778 2449 incor-

304 2466 407 2507 rupta
431 2461 532 2497 animi
548 2462 790 2497 moderatione.
837 2465 1043 2499 Placendum
1069 2465 1157 2500 enim
1174 2461 1439 2499 existimavimus
1458 2473 1524 2496 non
1543 2466 1613 2496 tam
1632 2461 1779 2496 homini-

303 2508 388 2550 bus,
413 2520 515 2554 quam
531 2508 627 2551 Deo,
650 2509 708 2554 qui
735 2510 869 2544 occulta
896 2511 1075 2557 perspicit.
1123 2510 1178 2546 Illi
1204 2509 1334 2556 quippe
1357 2513 1468 2543 testes
1491 2509 1645 2543 existunt
1663 2519 1781 2542 eorum

303 2555 483 2597 duntaxat,
502 2566 590 2601 quae
609 2556 720 2601 palam
735 2556 834 2598 fiunt,
857 2560 892 2592 et
907 2557 1091 2603 aliquando
1109 2562 1252 2604 possunt
1270 2555 1399 2601 decipi,
1424 2556 1454 2590 ‘si
1471 2555 1531 2601 qui
1550 2556 1701 2590 fructum
1718 2555 1781 2588 im-

304 2601 488 2647 probitatis
514 2602 700 2637 obvolvant
725 2603 843 2648 specie
869 2608 905 2637 et
931 2604 1044 2638 color-e
1065 2604 1217 2640 virtutis.
1271 2604 1366 2638 Deus
1389 2614 1473 2637 vero
1498 2601 1565 2635 illis
1591 2601 1698 2646 ipsis,
1722 2601 1782 2645 qui

302 2647 457 2682 actiones
477 2649 703 2691 antecedunt,
728 2649 875 2683 motibus
894 2650 1010 2684 cordis
1035 2650 1199 2685 examinis
1224 2650 1279 2684 sui
1298 2649 1448 2694 vestigia
1466 2648 1645 2693 imprimit,
1672 2652 1708 2681 et
1727 2647 1782 2681 iu-

301 2693 419 2728 stitiae
437 2694 586 2730 tribunal
608 2695 646 2730 in
668 2695 753 2741 ipsis
774 2695 853 2740 figit
873 2696 1117 2741 cogitationum
1134 2696 1328 2738 radicibus,
1352 2695 1413 2730 ubi
1432 2695 1550 2741 specie
1570 2699 1606 2728 et
1624 2695 1703 2728 fuco
1722 2705 1782 2728 ce-

302 2739 366 2775 lari
384 2752 451 2775 non
470 2745 607 2787 potest,
631 2741 662 2777 si
681 2741 757 2788 quis
777 2741 848 2776 illic
869 2743 1010 2777 adnasci
1031 2743 1116 2778 velit
1134 2742 1362 2789 improbitatis
1383 2742 1511 2776 foetus.
1559 2741 1659 2786 (lx.)
1683 2741 1782 2775 Haec

301 2798 376 2821 cum
396 2787 446 2822 ita
462 2788 682 2831 accidissent,
705 2788 795 2823 domi
813 2787 976 2834 deinceps
989 2789 1152 2832 sedendo,
1172 2789 1288 2836 quoad
1304 2788 1400 2824 exilii
1417 2789 1661 2830 damnaremur,
1677 2790 1781 2821 noctu

303 2833 436 2879 pariter
450 2837 487 2870 et
504 2834 656 2871 interdiu
678 2835 976 2882 exspectabamus.
1022 2836 1071 2871 Et
1092 2836 1136 2871 ad
1156 2836 1284 2872 exitum
1301 2834 1464 2872 fortassis
1481 2834 1648 2882 perducta
1666 2836 1782 2869 essent
