1794 3172
250 111 351 162 756
642 117 958 164 NICEPHORI
988 117 1314 166 GREGORAE

26 235 68 275 A.
88 241 131 273 Μ.
149 236 330 288 6854ραν
362 229 437 275 ι’ὡν
469 226 670 288 πρότερον
696 226 987 284 συνεβούλευες
1017 228 1093 283 μέν
1121 227 1210 284 ἐμοὶ
1242 227 1294 271 τὰ
1329 228 1535 272 δοκοῦντα
1551 229 1733 286 χρηστὰ,

73 289 142 321 lud.
161 285 433 367 14F52‘1'Qcomg
461 301 504 343 δ’
539 295 612 343 οὖν
643 301 1032 354 δυσανασχετοῦντα
1066 299 1133 340 καὶ
1162 297 1221 354 μὴ
1255 296 1503 354 πειθόμενον
1514 331 1528 352 ,
1563 299 1615 342 ἄν
1644 317 1737 343 τινα

116 380 160 415 V.
172 369 461 429 383πρόφασιν
488 366 513 425 ἦ
545 368 597 424 σὴ
628 367 734 411 καθ’
767 366 885 424 ἡμῶν
916 372 992 423 τῆς
1010 368 1156 417 κακίας
1187 365 1344 423 ταύτης
1364 366 1555 424 συσκευή.
1593 373 1666 412 νῦν
1687 369 1733 412 δ’

253 441 401 485 οὐδένα
432 455 497 482 σοι
530 436 651 495 λόγον
680 435 1012 495 εὐπροφάσιστον
1045 434 1160 491 οἶμαι
1181 440 1421 495 λελεῖφθαι,
1454 437 1558 494 πρὸς
1579 437 1735 494 ᾇπολο-

250 512 342 568 γίαν
367 513 451 552 τῶν
470 506 580 551 οὕτω
610 507 828 563 δρωμένων
859 505 974 550 ἰόντι.
1013 504 1125 557 ἅπαξ
1141 506 1220 564 γὰρ
1240 505 1475 565 ἀπειρηκότι
1496 506 1766 551 παντάπασι5

251 579 329 635 τὴν
360 577 464 636 πρὸς
485 577 555 632 ἐμὲ
583 576 658 620 τοῦ
694 581 840 620 λοιποῦ
868 577 1134 634 συμφωνίαν,
1168 577 1212 627 ἐξ
1244 576 1439 633 οὐδεμιᾶς
1472 576 1734 635 προφάσεως,

118 651 162 688 Ρ.
173 648 243 689 474
252 647 401 693 οὐδένα
421 648 511 704 περὶ
530 651 612 689 τῶν
630 644 942 701 ἀποβαινόντων
967 646 1158 689 ἐντεῦθεν
1185 654 1272 697 τοῖς
1295 644 1508 703 Ῥωμαίων
1526 646 1740 705 πράγμασι

251 721 460 774 δυσχερῶν
495 721 704 760 ποιεῖσθαι
734 714 854 774 λόγον
881 713 1168 774 πεφρόντικας.
1206 718 1259 759 Εἰ
1279 712 1352 760 οὖν
1372 716 1453 772 ὀψὲ
1479 721 1600 774 γοῦν,
1634 718 1741 773 μετὰ

250 787 328 844 τὴν
348 794 491 844 πεῖραν
515 790 590 842 τῆς
614 784 861 841 ἀποβάσεως
891 787 959 828 καὶ
992 789 1074 829 τῶν
1105 786 1147 828 ἕν
1179 785 1273 842 ὄψει
1299 789 1477 843 διηνεκεῖ
1491 792 1652 840 κακῶν,
1683 789 1741 838 εἷς

253 858 302 901 τὸ
322 861 396 913 τῆς
416 854 577 914 εἰρήνης
594 856 855 911 ἀποβλέψαις
877 855 1018 909 καλὸν,
1054 853 1194 908 σώζεις
1213 857 1289 911 μὲν
1307 856 1354 900 τὸ
1376 854 1635 912 κατάλειμμα
1655 862 1739 901 τῶν
1752 866 1794 900 10

246 926 475 981 Ῥωμαίων,
503 924 642 979 σώζεις
663 927 708 969 δὲ
728 925 896 979 σαυτὸν,
928 927 996 968 καὶ
1016 926 1192 982 βασιλέα
1210 926 1284 969 τὸν
1305 927 1410 980 νέον,
1441 927 1546 981 μετὰ
1567 931 1641 983 τῆς
1656 946 1740 983 μη-

253 997 354 1054 τρὸς
381 998 450 1039 καὶ
465 997 683 1051 βασιλίδος
693 995 851 1051 Ἄννης.
891 997 925 1038 εἰ
945 996 990 1038 δὲ
1018 1002 1105 1046 τοῖς
1126 993 1283 1051 ὁμοίοις
1302 996 1360 1040 ἔτι
1381 997 1516 1047 θέλεις
1540 997 1738 1052 ἐμμένειν,

252 1065 370 1123 ἥμεΐς
389 1067 464 1122 μὲν
486 1066 560 1109 οὐκ
585 1066 798 1109 ἐθελονταὶ
828 1067 1136 1122 βουληθείημεν
1161 1065 1213 1108 ἄν
1243 1084 1341 1110 ποτε
1366 1067 1558 1123 γενέσθαι
1576 1071 1651 1123 τῆς
1678 1069 1741 1110 οῗ-

213 1138 366 1187 Βκείας
393 1133 520 1192 τύχης
544 1137 610 1179 καὶ
635 1138 740 1192 ζωῆς
767 1133 994 1194 προδόται·
1031 1137 1096 1178 σοὶ
1121 1137 1146 1178 δ
1153 1135 1166 1151 ²
1202 1135 1317 1179 ἔσται
1339 1135 1569 1192 μετάμελος
1589 1135 1742 1194 ἀνόνη-

252 1224 351 1260 τος,
384 1206 663 1266 αἰσχυνομένῳ
695 1207 764 1249 καὶ
792 1203 1068 1249 κινδυνεύοντι
1096 1207 1187 1264 περὶ
1211 1205 1264 1249 τὰ
1289 1207 1484 1264 μέγιστα,
1515 1204 1593 1250 σύν
1623 1224 1665 1264 γε
1688 1207 1739 1263 δὴ
1755 1221 1794 1257 15

251 1284 342 1327 τοῖς
371 1274 507 1319 ταύτά
537 1292 602 1319 σοι
625 1276 1038 1332 συμβουλευομένοις.
1067 1274 1252 1331 ’Όμνυμι
1280 1277 1329 1320 δέ
1346 1293 1412 1320 σοι
1432 1276 1507 1333 τὴν
1531 1274 1650 1334 ἁγίαν
1674 1278 1743 1320 καὶ

254 1345 482 1403 ζωαρχικὴν
502 1344 674 1403 τριάδα,
706 1346 779 1389 τὸν
802 1346 872 1389 ἕνα
893 1346 1020 1399 θεὸν,
1053 1343 1109 1396 ὥς
1129 1345 1222 1389 οὔτε
1245 1347 1395 1399 ζῶντος
1414 1351 1489 1390 τοῦ
1507 1348 1741 1404 μακαρίτου

251 1416 481 1472 βασιλέως,
522 1415 615 1459 οὔτε
643 1414 878 1470 θανόντος,
910 1416 1165 1472 μεμελέτηκα
1194 1415 1289 1460 οὔτε
1326 1415 1604 1472 βεβούλευμαι
1637 1419 1743 1478 δρᾷν

251 1490 337 1529 τῶν
370 1483 566 1530 ἁπάντων
589 1485 734 1540 οὐδὲν,
770 1484 792 1530 ὃ
813 1486 873 1543 μὴ
907 1486 1014 1530 κατὰ
1035 1484 1202 1543 γνώμην
1231 1481 1283 1542 ἦν
1317 1487 1476 1545 ἐκείνῳ,
1514 1491 1598 1530 τῶν
1616 1491 1743 1542 βασι-

252 1557 372 1599 λείων
394 1556 508 1598 ἕνεκα
540 1554 795 1613 πραγμάτων
819 1556 1010 1613 δηλαδὴ,
1043 1555 1137 1600 οὔτε
1162 1556 1247 1612 μὴν
1268 1556 1374 1599 κατὰ
1399 1561 1474 1613 τῆς
1495 1557 1646 1600 ἐκείνου
1665 1573 1742 1599 συ-
1753 1571 1794 1607 20

215 1624 401 1683 Οζύγου,
435 1624 529 1669 οὔτ’
561 1622 613 1669 αὗ
650 1627 757 1670 κατὰ
789 1631 864 1671 τοῦ
896 1627 988 1670 νέου
1010 1626 1213 1681 βασιλέως
1240 1626 1434 1670 κάκείνων
1455 1626 1596 1676 υἷέως’
1635 1626 1740 1670 οὗθ’

252 1694 304 1752 ἦν
336 1695 558 1739 ἀπεδίδουν
581 1696 686 1752 μετὰ
707 1697 781 1740 τὸν
814 1701 888 1741 τοῦ
917 1696 1120 1752 βασιλέως
1143 1693 1334 1739 θάνατον
1361 1696 1578 1752 βασιλικὴν
1608 1694 1742 1753 ἔμοιγε

252 1764 399 1822 τιμὴν,
433 1767 475 1809 ἐν
506 1773 598 1817 ταῖς
630 1764 884 1823 ὑπαντήσεσι
914 1771 999 1811 τῶν
1034 1767 1192 1810 οῗκείων
1224 1765 1455 1821 ἀποβάντες
1471 1767 1636 1820 ἵππων,
1670 1771 1745 1821 τῆς

345 1843 381 1879 2.
414 1839 508 1925 εξχῖν
540 1842 620 1879 add.
645 1842 722 1878 cod.
747 1843 834 1879 Vati
924 1844 960 1881 5.
990 1839 1208 1890 ἀπειρηκότι
1229 1853 1294 1889 pro
1319 1839 1547 1889 ἀπειρηκώς,
1579 1846 1620 1877 ut
1643 1842 1744 1878 Boiv.

345 1900 434 1924 anno
453 1902 473 1925 a
491 1915 500 1924 .
1705 1915 1709 1916 ι

254 1946 301 1989 si,
325 1946 419 1982 facto
442 1947 537 1994 prius
554 1948 621 1982 mei
640 1947 807 1994 periculo,
826 1961 869 1984 ea
887 1948 1023 1995 quidem
1042 1947 1210 1983 suasisses
1228 1948 1324 1990 mihi,
1349 1960 1438 1994 quae
1458 1951 1496 1983 tu
1516 1948 1644 1995 optima
1662 1960 1744 1983 cen-

257 1994 400 2036 suisses,
423 2006 477 2028 me
498 2006 578 2030 vero
595 1995 830 2040 impatientem
845 2001 882 2031 et
898 1997 1034 2031 minime
1053 1996 1247 2031 audientem
1268 1995 1362 2030 dicto
1381 1995 1597 2037 offendisses,
1620 1995 1746 2030 fuisset

258 2045 356 2075 certe
371 2040 495 2086 aliquis
519 2048 600 2076 tuae
622 2041 657 2075 in
678 2054 738 2077 nos
767 2043 905 2088 iniquae
930 2043 1118 2078 molitionis
1146 2046 1358 2089 praetextus.
1408 2043 1511 2077 Nunc
1529 2054 1612 2077 vero
1639 2042 1744 2084 nulla,

259 2086 393 2132 opinor,
413 2087 476 2121 tibi
490 2088 682 2133 plausibilis
699 2089 788 2124 ratio
806 2091 928 2124 relicta
947 2094 1013 2132 est,
1037 2090 1067 2124 si
1086 2090 1130 2124 ad
1149 2102 1192 2125 ea
1209 2101 1296 2136 quae
1314 2089 1429 2124 fecisti
1445 2089 1664 2124 defendenda
1682 2100 1746 2134 ag-

259 2133 434 2178 grediare.
480 2135 625 2170 Abiecta
651 2135 738 2171 enim
756 2137 881 2179 semel,
906 2137 997 2171 nullo
1021 2141 1226 2182 praetextu,
1251 2138 1342 2171 omni
1366 2148 1495 2171 mecum
1519 2137 1554 2170 in
1574 2141 1746 2182 posterum

259 2180 520 2223 coniunctione,
542 2181 666 2216 nullam
689 2183 814 2218 deinde
829 2196 965 2227 curam,
989 2184 1116 2218 nullam
1135 2184 1302 2218 rationem
1329 2183 1482 2218 habuisti
1502 2195 1616 2218 eornm
1640 2182 1747 2217 malo-

259 2238 347 2268 rum,
374 2239 464 2272 quae
480 2229 516 2262 in
536 2229 720 2263 Romanum
738 2229 918 2275 imperium
935 2231 1015 2266 inde
1033 2231 1276 2265 redundarent.
1310 2232 1358 2266 At
1376 2230 1406 2264 si
1424 2242 1501 2264 sero
1518 2231 1651 2272 saltem,
1670 2229 1748 2274 ipso

260 2277 387 2307 eventu
407 2278 441 2308 et
458 2275 617 2309 continuo
636 2276 796 2310 malorum
815 2283 1000 2323 conspectu
1017 2278 1172 2321 edoctus,
1190 2277 1233 2312 ad
1249 2278 1343 2323 pacis
1362 2278 1453 2312 bona
1469 2277 1651 2322 respicias,
1672 2287 1749 2310 ser-

259 2320 359 2355 vabis
375 2321 559 2355 etiamnum
577 2326 613 2355 et
630 2322 855 2357 Romanorum
874 2325 964 2370 quod
981 2329 1161 2370 superest,
1184 2329 1221 2359 et
1237 2330 1273 2359 te
1291 2325 1425 2369 ipsum,
1449 2328 1486 2357 et
1501 2324 1668 2357 iuniorem
1686 2323 1750 2357 im-

257 2371 456 2413 peratorem
479 2379 554 2402 cum
579 2373 686 2402 matre
711 2371 808 2404 Anna
829 2370 1062 2416 imperatrice.
1107 2371 1172 2406 Sin
1192 2371 1280 2406 velis
1298 2371 1334 2405 in
1353 2371 1471 2405 eodem
1492 2381 1628 2416 semper
1644 2370 1750 2403 insti-

260 2417 337 2448 tuto
359 2419 540 2460 perstare,
563 2414 662 2449 nobis
683 2427 787 2458 sane,
811 2421 849 2450 ut
866 2418 1040 2453 fortunam
1060 2430 1100 2453 ac
1119 2418 1226 2452 vitam
1254 2423 1405 2452 nostram
1433 2417 1525 2451 ultro
1552 2416 1749 2462 prodamus»,

258 2471 433 2507 nunquam
459 2461 654 2496 volentibus
680 2461 834 2496 accidet:
860 2467 896 2498 te
917 2470 1030 2499 autem
1057 2466 1284 2511 nequicquam
1307 2463 1518 2510 poenitebit,
1535 2463 1674 2509 *pudore
1695 2463 1749 2497 as-

257 2507 408 2550 fectum,
433 2512 470 2542 et
491 2508 528 2542 in
553 2508 706 2542 maximis
730 2509 1001 2553 periclitantem,
1025 2523 1102 2546 cum
1127 2512 1172 2546 iis
1197 2512 1256 2557 qui
1278 2511 1399 2545 eadem
1424 2516 1536 2545 tecum
1563 2509 1749 2544 senserint.

257 2553 338 2599 Ego
351 2566 433 2590 vero
447 2560 700 2590 sacrosanctam
717 2556 907 2601 almamque
915 2557 1135 2598 Trinitatem,
1149 2559 1256 2603 Deum
1268 2558 1416 2598 unicum,
1426 2557 1515 2599 iuro,
1529 2569 1581 2591 me
1597 2569 1660 2591 nec
1669 2556 1749 2590 vivo

257 2599 375 2635 Divae
398 2601 580 2636 memoriae
603 2602 811 2646 imperatore
824 2628 834 2644 ,
868 2615 932 2637 nec
951 2605 1069 2638 eodem
1094 2610 1248 2647 mortuo,
1273 2604 1470 2639 meditatum
1489 2616 1567 2638 esse
1587 2609 1648 2638 aut
1667 2614 1751 2637 con-

259 2647 415 2682 stituisse
432 2649 617 2694 quidquam
635 2648 766 2691 facere,
791 2649 883 2694 quod
906 2662 973 2684 non
998 2651 1048 2685 illi
1074 2653 1253 2697 probatum
1274 2651 1410 2692 suisset,
1435 2657 1598 2695 quantum
1615 2649 1752 2684 scilicet

261 2694 307 2728 ad
330 2695 556 2740 imperatoria
578 2695 720 2740 negotia
746 2696 947 2730 attinuerit:
971 2709 1038 2731 non
1063 2699 1203 2744 quidem
1235 2698 1402 2733 adversus
1425 2697 1517 2731 illius
1548 2697 1751 2741 coniugem3

260 2752 373 2786 neque
395 2742 498 2776 etiam
519 2741 685 2776 adversus
705 2742 871 2777 iuniorem
890 2743 1151 2788 imperatorem,
1169 2757 1285 2779 eorum
1309 2744 1438 2779 filium:
1462 2755 1574 2788 neque
1590 2743 1753 2777 honorem

260 2787 377 2830 illum,
402 2800 500 2833 quem
519 2788 600 2823 mihi
622 2794 702 2835 post
725 2789 945 2835 imperatoris
974 2796 1115 2826 mortem
1140 2792 1290 2837 propriis
1320 2791 1418 2837 equis
1436 2790 1637 2825 desilientes
1658 2789 1752 2824 obvii

262 2834 392 2882 quique
409 2834 627 2878 tribuebant,
651 2836 696 2872 de
714 2836 887 2872 sententia
904 2849 981 2873 mea
999 2837 1081 2873 mihi
1101 2850 1270 2884 unquam,
1296 2838 1358 2874 sed
1376 2836 1520 2884 proprio
1543 2836 1689 2884 quodam
1710 2835 1751 2870 il-
