1794 3172
234 131 340 183 913
641 136 959 183 NICEPHom
991 107 1318 184 GREGORAE

13 259 50 294 A.
70 258 114 292 M.
127 258 219 295 6859
232 249 313 308 χνὰ
342 244 621 308 στρεφόμενος
651 248 715 290 ἐπὶ
745 251 822 291 τοῦ
855 251 1075 303 βασιλικοῦ
1114 246 1302 307 θρόνου,
1353 251 1422 294 καὶ
1453 249 1554 302 τούς
1588 248 1722 303 πόδας

67 304 214 390 Ῑῗξιέῃ
239 320 472 377 ἀμοιβαδὸν
501 323 575 363 νῦν
599 319 676 374 μὲν
705 318 927 376 ἓφαπλῶν,
965 322 1041 362 νῦν
1073 319 1119 361 δὲ
1151 324 1357 378 συναιρῶν
1386 322 1455 363 καὶ
1487 318 1720 366 συνάπτων.

114 378 127 389 “
237 390 324 435 ἔστι
343 390 389 433 δ’
412 383 462 443 οἶ)
489 391 556 432 καὶ
578 392 695 447 σιγᾷν
715 388 874 432 ἐκέλευέ
898 405 973 444 με,
1011 388 1174 444 ἐνιαχοῦ
1201 389 1277 446 τὴν
1305 387 1465 447 ἧμέραν
1491 388 1604 446 ἡμᾶς
1632 391 1721 433 ἔπι-

237 457 523 516 λιμπάνουσαν
542 456 882 513 προβαλλόμενος
889 492 904 512 ,
941 456 1047 514 μετά
1071 475 1112 515 γε
1135 459 1219 515 μὴν
1247 463 1323 515 τῆς
1346 458 1546 516 συνήθως
1576 461 1721 504 ἐπιπο-

238 528 442 585 λαζούσης
471 532 530 588 τῷ
561 527 657 584 ’ἤθει
685 527 933 586 πραότητος.
991 527 1106 586 ἔφθη
1134 529 1214 587 γὰρ
1244 531 1426 589 δημοσία
1453 534 1751 588 προκαταλη-5

237 602 362 658 φθεὶς
381 606 472 649 ταῖς
491 603 575 641 τῶν
594 599 703 653 ἐμῶν
724 596 1084 655 προκαταστάσεσι
1108 597 1262 655 λόγων,
1299 597 1404 655 μήτ’
1431 599 1559 643 αὐτὸν
1569 633 1583 653 ,
1614 597 1720 655 μήτ’

237 669 365 713 ἄλλον
386 673 470 712 τῶν
489 666 655 712 πάντων
688 668 835 711 οὐδένα
848 702 862 723 ,
901 676 989 719 τοῖς
1019 669 1133 722 ἐμοῖς
1158 669 1350 723 ἐμποδών
1370 674 1627 726 καταστῆναι
1648 667 1722 712 λό-

198 745 323 797 Βγοις
345 740 477 784 ἐᾶσαι.
526 737 758 796 συνεκρότει
783 738 824 781 ‹5'
859 739 973 797 αὐτῷ
993 738 1069 795 τὴν
1089 736 1307 795 πραότητα
1331 740 1399 781 καὶ
1416 739 1545 798 χορὸς
1564 741 1721 782 οἰκείων

234 808 289 853 τὰ
316 807 525 865 μάλιστα,
574 810 666 865 περὶ
700 806 829 852 αὐτόν
858 826 902 852 τε
936 806 1155 863 ἱστάμενος
1188 811 1256 851 καὶ
1282 810 1506 867 λαθραίοις
1530 810 1606 865 μὲν
1636 813 1723 851 θυ-

82 885 127 921 V.
146 884 216 923 468
236 886 333 936 μοῖς
351 876 601 936 ρηματίσκιά
621 896 710 921 τινα
730 879 957 933 πέμποντες
976 878 1073 922 καθ’
1098 876 1218 935 ’ἡμῶν
1231 880 1395 934 ἐνιαχοῦ
1408 880 1476 922 καὶ
1490 876 1719 936 σποράδην,
1736 885 1777 918 10

237 949 368 993 αὐτοῦ
394 949 438 992 δ’
464 948 742 1003 ἀνυμνοῧντες
763 954 990 1007 προφανῶς
1009 948 1057 992 τὸ
1085 946 1377 1006 μακρόθυμον.
1450 948 1550 1008 (A.)
1581 948 1723 1002 ,,Ἐπεὶ

235 1019 315 1077 γὰρ
343 1017 364 1062 ὅ
385 1022 599 1073 Παλαμᾶς
619 1018 682 1061 ἀεὶ
702 1018 773 1061 τὸν
798 1018 1029 1076 Καλαβρὸν
1052 1018 1184 1062 αἴτιον
1200 1023 1275 1075 τῆς
1300 1018 1430 1062 αὐτοῦ
1451 1019 1724 1077 βλασφημίας

239 1087 340 1141 εἶναι
368 1087 647 1146 προβάλλεται
679 1089 890 1146 Βαρλαὰμ
929 1090 997 1131 καὶ
1027 1089 1074 1131 σὲ
1105 1093 1231 1132 τοῦτο
1269 1089 1427 1132 πέπεικε
1459 1088 1584 1145 λέγειν
1621 1087 1718 1144 ἤδη,

198 1158 363 1202 Οᾶκουε
393 1156 459 1214 δή.
509 1160 616 1216 φημὶ
647 1158 750 1216 γὰρ,
791 1156 847 1209 ὥς
873 1156 1065 1216 καθάπερ
1089 1161 1130 1201 Γ
1128 1159 1306 1217 ρηγορίῳ
1326 1163 1386 1217 τῷ
1408 1156 1596 1217 θεολόγῳ
1625 1157 1725 1207 τοὺς

233 1229 468 1286 Ἀρειανοὺς
489 1228 807 1285 κατατρέχοντι,
843 1228 917 1271 τὸν
936 1228 1026 1272 υἱὸν
1056 1226 1200 1282 ὅμοιον
1234 1227 1375 1278 ἁπλῶς
1408 1233 1469 1287 τῷ
1497 1229 1624 1286 πατρὶ
1654 1227 1722 1269 λέ-
1735 1231 1779 1266 15

237 1315 389 1356 γοντας
409 1296 508 1341 εἶναι
519 1331 534 1352 ,
573 1299 641 1340 καὶ
662 1296 751 1353 ἅμα
773 1299 1076 1356 προστιθέντας
1097 1296 1340 1367 πανούργως
1359 1299 1427 1340 καὶ
1447 1298 1495 1341 τὸ
1518 1296 1626 1341 κατὰ
1646 1295 1724 1347 τὰς

237 1368 406 1427 γραφὰς
428 1368 575 1424 λέγειν,
610 1370 727 1411 τουτὶ
755 1368 802 1412 τὸ
833 1368 940 1411 κατὰ
966 1368 1047 1418 ’τὰς
1071 1367 1237 1425 γραφὰς
1267 1366 1410 1421 ὅμοιον
1445 1370 1549 1425 φησὶ
1578 1367 1724 1423 δέλεαρ

238 1445 328 1489 τοῖς
356 1435 651 1494 ἁπλουστέροις
681 1436 805 1491 εἶναι,
848 1443 908 1496 τῷ
933 1442 1076 1497 χαλκῷ
1106 1442 1181 1493 τῆς
1210 1437 1400 1491 ἀσεβείας
1422 1438 1722 1494 περικείμενον·

242 1507 354 1551 οὕτω
375 1509 443 1550 καὶ
455 1510 646 1567 Παλαμᾷ
669 1510 829 1550 τουτωῒ·
846 1508 990 1566 δέλεαρ
1013 1507 1119 1550 κατὰ
1140 1511 1223 1550 τῶν
1242 1505 1535 1564 ἁπλουστέρων
1554 1505 1724 1564 εὕρηται

240 1576 425 1632 τοῦνομα
449 1576 659 1634 Βαρλαὰμ
669 1611 682 1631 ,
720 1578 969 1633 μισουμένου
991 1577 1059 1620 διὰ
1078 1575 1155 1632 τὴν
1175 1581 1260 1619 τῶν
1270 1577 1474 1620 Λατίνων
1494 1577 1724 1632 θρησκείαν
1733 1577 1781 1627 29

200 1652 300 1706 1)τῷ
324 1645 538 1702 Ῥωμαίων
565 1644 686 1707 δήμῳ
714 1650 859 1702 παντὶ,
900 1646 989 1691 ὅσοι
1016 1654 1161 1703 πεῖραν
1181 1645 1302 1702 ἔσχον
1323 1646 1468 1690 αὐτοῦ.
1524 1646 1620 1701 Εἶχε
1642 1647 1722 1702 γὰρ

241 1715 364 1773 τήνδε
395 1716 470 1772 τὴν
501 1714 625 1760 νόσον
656 1717 782 1768 αὐτὸς
809 1719 876 1761 καὶ
905 1719 999 1773 πρὶν
1025 1718 1271 1769 Βυζαντίοις
1298 1715 1633 1772 ἐπιδεδημηκέναι
1651 1714 1724 1758 τὸν

243 1786 479 1845 Βαρλαὰμ,
518 1788 586 1830 καὶ
606 1785 708 1848 ὃρᾷν
735 1787 803 1830 ἐπ’
837 1789 938 1844 ἐμοῦ
968 1805 1011 1830 τε
1032 1788 1100 1829 καὶ
1127 1787 1327 1830 πλείστων
1352 1785 1488 1830 ἄλλων
1508 1786 1722 1829 διετείνετο

244 1924 282 1954 et
306 1918 358 1954 ira
385 1918 493 1953 tacite
514 1919 719 1962 inflabatur,
743 1923 779 1956 et
797 1920 834 1955 in
861 1920 945 1955 solio
970 1919 1192 1966 imperatorio
1219 1919 1384 1954 versabat
1406 1930 1444 1953 se
1463 1918 1587 1954 crebra
1607 1917 1723 1963 agita-

243 1966 360 2008 tione,
386 1970 422 2000 et
442 1966 548 2011 pedes
566 1967 706 2002 alternis
724 1979 815 2002 nunc
837 1967 1057 2002 distendebat
1069 1992 1079 2010 ,
1103 1977 1194 2000 nunc
1210 1977 1380 2000 connexos
1394 1965 1604 2011 implicabat.
1628 1965 1723 2007 Quin

245 2017 283 2047 et
298 2012 401 2046 silere
419 2012 591 2048 interdum
609 2014 771 2056 iubebat,
795 2026 837 2048 ea
856 2014 991 2048 ratione
1010 2013 1101 2059 quod
1119 2013 1187 2047 iam
1202 2024 1265 2046 nos
1282 2012 1356 2047 dies
1377 2012 1560 2054 deficeret3
1584 2024 1644 2046 suo
1667 2017 1724 2045 ta-

246 2071 324 2094 men
343 2070 436 2093 more
448 2085 458 2100 ‚
482 2064 519 2094 et
537 2061 724 2106 conspicua
739 2060 798 2095 illa
817 2060 919 2094 animi
939 2060 1094 2094 lenitate.
1142 2059 1282 2105 Quippe
1304 2059 1396 2093 illum
1415 2059 1534 2104 primis
1557 2057 1723 2092 orationis

245 2117 345 2141 meae
363 2105 517 2140 exordiis
540 2112 671 2141 mature
691 2114 968 2153 praeveneram,
994 2112 1036 2140 ne
1061 2105 1118 2140 vel
1140 2106 1236 2150 ipse,
1263 2105 1318 2140 vel
1344 2105 1417 2140 eius
1444 2105 1615 2151 permissu
1635 2105 1723 2138 alius

243 2152 423 2198 quisquam
445 2163 487 2186 ex
506 2154 681 2196 omnibus,
707 2165 880 2188 sermones
898 2165 990 2188 meos
1005 2152 1255 2198 interpellaret.
1311 2154 1427 2198 Atque
1455 2153 1544 2186 hanc
1567 2152 1642 2186 eius
1671 2151 1723 2185 le-

243 2198 386 2234 nitatem
405 2198 548 2234 maxime
568 2200 754 2235 adiuvabat
772 2200 983 2245 applaudens
1002 2199 1217 2234 familiarium
1240 2199 1379 2241 chorus,
1403 2199 1464 2244 qui
1483 2210 1557 2233 eum
1576 2198 1723 2232 circum-

244 2246 407 2287 stabant,
432 2250 468 2280 et
495 2247 662 2281 minutula
686 2247 852 2293 quaedam
876 2247 912 2280 in
940 2258 1002 2281 nos
1031 2246 1128 2280 dicta
1151 2246 1299 2281 subinde
1330 2250 1366 2280 et
1398 2244 1542 2291 sparsim
1564 2243 1723 2279 iaciendo

244 2292 395 2327 furtivas
420 2292 491 2326 iras
522 2294 748 2335 exercebant;
772 2294 883 2339 palam
909 2299 1020 2329 autem
1043 2304 1117 2327 eum
1136 2292 1343 2334 laudabant,
1368 2291 1458 2338 quod
1479 2291 1571 2326 lente
1591 2291 1724 2325 irasce-

245 2343 353 2374 retur.
379 2338 480 2384 (IV.)
499 2340 697 2382 „Quoniam
708 2340 860 2375 Palamas
872 2340 1084 2375 Barlaamum
1102 2339 1287 2374 Calabrum
1305 2349 1440 2383 semper
1456 2337 1608 2383 opponit,
1627 2348 1724 2371 eum-

246 2397 317 2431 que
339 2385 628 2431 blasphemiarum
644 2397 779 2421 suarum
798 2398 934 2422 causam
950 2386 1058 2420 fuisse
1077 2386 1143 2427 ait,
1168 2390 1204 2420 et
1222 2385 1289 2419 iam
1305 2385 1369 2419 tibi
1387 2384 1456 2430 ipsi
1477 2391 1516 2418 ut
1532 2383 1568 2418 id
1586 2383 1723 2418 diceres

245 2432 430 2479 persuasit,
454 2432 622 2467 ausculta.
668 2433 960 2474 Quemadmodum
978 2433 1174 2478 Gregorius
1190 2431 1383 2477 theologus,
1406 2430 1608 2465 insectando
1620 2430 1724 2464 Aria-

245 2489 330 2521 nos,
356 2478 416 2524 qui
433 2478 540 2514 filium
566 2478 661 2525 patri
682 2479 823 2515 similem
849 2480 1006 2515 absolute
1025 2492 1099 2515 esse
1119 2479 1298 2520 dicebant,
1323 2477 1566 2523 addebantque
1587 2475 1722 2522 captio-

247 2537 306 2567 se,
330 2524 367 2559 id
388 2537 427 2560 se
446 2526 631 2562 secundum
651 2526 851 2571 Scripturas
869 2527 1004 2568 dicere3
1029 2524 1322 2573 quemadmodum,
1348 2523 1496 2570 inquam,
1526 2522 1723 2568 Gregorius

246 2571 428 2616 theologus
444 2573 529 2608 haec
547 2574 655 2608 verba
678 2573 851 2615 „similem
866 2573 1050 2608 secundum
1067 2570 1298 2618 Scripturas„
1322 2569 1587 2618 simplicioribus
1617 2569 1726 2603 homi·

247 2618 348 2652 nibus
375 2631 488 2655 escam
515 2620 662 2655 oblatam
683 2631 762 2654 esse
790 2620 861 2662 ait,
885 2619 1072 2666 impietatis
1097 2620 1195 2654 hamo
1219 2618 1490 2659 circumiectam3
1514 2616 1566 2650 ita
1587 2619 1624 2650 et
1643 2615 1725 2650 huic

248 2663 408 2700 Palamae
428 2671 568 2712 reperta
596 2672 649 2702 est
673 2665 838 2701 illecebra
860 2666 903 2700 ad
933 2666 1160 2712 simpliciores
1178 2676 1334 2712 quosque
1351 2662 1577 2704 inescandos3
1601 2672 1725 2696 nomen

248 2710 327 2745 dico
345 2712 537 2756 Barlaami,
559 2713 630 2748 viri
647 2712 798 2755 scilicet,
821 2717 965 2759 propter
987 2713 1145 2748 Latinam
1163 2711 1388 2757 religionem,
1413 2709 1568 2744 omnibus
1596 2709 1724 2743 Roma-

249 2756 328 2799 nis,
353 2764 521 2805 quotquot
543 2771 618 2795 eum
642 2771 708 2795 usu
733 2765 944 2805 cognorunt,
968 2759 1090 2795 odiosi.
1143 2759 1235 2794 Nam
1263 2757 1342 2799 hic,
1377 2761 1559 2802 antequam
1579 2754 1724 2789 Barlaa-

248 2813 324 2838 mus
352 2806 446 2850 apud
474 2806 664 2851 Byzantios
683 2810 968 2853 commoraretur,
999 2807 1089 2841 hunc
1114 2805 1266 2840 morbum
1291 2803 1358 2838 iam
1377 2802 1549 2846 habebat,
1572 2801 1724 2854 affirma-

248 2849 379 2898 batque
401 2863 516 2888 coram
537 2865 590 2890 me
610 2858 648 2890 et
668 2852 748 2890 aliis
771 2852 1024 2900 compluribus,
1053 2853 1203 2888 divinam
1230 2863 1270 2887 se
1292 2848 1519 2886 substantiam
1546 2857 1723 2894 corporeis
