1794 3172
256 124 363 177 946
655 133 972 181 NICEPHORI
999 126 1325 183 GREGORAE

37 257 75 292 Α.
91 257 137 292 Μ.
156 256 249 294 6859
261 260 381 288 πειτα
407 242 554 303 ἐφεξῆς
589 243 772 307 δημοσία
806 243 1000 304 ραγεῒσαν
1026 244 1085 291 ἔτι
1115 247 1261 290 κακίαν
1295 245 1424 304 ἄλλην
1459 238 1614 298 ῖὸὅντες
1648 245 1743 291 ἔπε’-

88 303 195 341 Ῑ“(Ῑ·4
258 329 411 370 σχομεν
441 319 516 357 τοῦ
547 312 762 371 δακρύειν,
814 312 929 370 οἶμαι
961 320 1046 360 τῶν
1074 320 1150 360 τοῦ
1185 314 1410 374 ἐγκεφάλου
1452 315 1742 375 ξηρανθέντων

221 384 254 421 F
261 381 399 442 ὑγρῶν
417 381 493 426 ὕπ’
518 382 774 440 ἐκπλήξεως·
819 383 902 441 ἤδη
931 385 1011 444 γὰρ
1041 387 1108 429 καὶ
1130 393 1277 444 χεῖρας
1303 383 1536 441 ἐπιβάλλειν
1561 386 1739 444 ἤρξαντο

259 452 354 510 μετ’
376 452 499 510 ὀργῆς
521 451 777 505 ἀναστάντες
802 453 890 510 ἅμα
909 460 967 514 τῷ
991 454 1226 514 πατριάρχῃ
1245 457 1312 499 καὶ
1338 456 1377 499 οῗ
1395 456 1609 499 ἐπίσκοποι
1631 456 1738 499 καθ’

258 521 400 579 ἡμῶν,
436 525 524 580 μηδ
530 523 542 539 ²
567 521 729 567 ἀκούειν
748 522 802 567 τά
821 541 864 581 γε
881 530 1056 569 τοιαῦτα
1076 525 1341 581 ἀνεχομένων.
1379 525 1484 568 ἀλλὰ
1506 530 1640 569 ταῦτα
1662 527 1770 581 μέν5

257 591 460 650 ὕστερον·
515 597 589 636 νῦν
625 593 670 637 ‹5’
715 595 1024 651 ἐπαναληπτέον
1056 596 1211 639 ἐκεῖθεν
1240 595 1312 639 τὸν
1350 593 1495 652 λόγον,
1546 594 1648 639 ὅθεν
1685 597 1743 646 εἷς

258 666 395 706 ταῦτα
426 661 620 719 ἐξέβημεν
660 662 850 718 ἄκοντες,
896 669 948 723 τῇ
977 663 1120 723 μνήμῃ
1152 665 1427 722 συγχυθέντες
1453 669 1528 708 τοῦ
1558 663 1738 715 πάθους.

260 730 339 791 (Ι.)
375 733 595 790 Παρέσται
618 732 662 776 ‹5’
688 734 880 778 ἐντεῦθεν
902 741 991 785 τοῖς
1010 733 1150 785 ἁπλῶς
1171 735 1362 778 ἐθέλουσι
1382 735 1553 792 κρίνειν,
1592 734 1741 778 ἀναλε-

259 801 458 860 γομένους
480 803 633 846 ἕκαστα
644 836 658 856 ,
693 810 787 855 ταῖς
807 821 851 848 τε
872 806 1161 862 βλασφημίαις
1188 804 1288 855 τούς
1313 804 1498 861 ἐλέγχους
1525 808 1599 847 τοῦ
1621 805 1741 848 θείου

105 876 147 912 Ρ.
168 874 236 913 595
261 873 331 916 καὶ
350 870 529 929 μεγάλου
551 873 710 931 πατρὸς
729 874 881 918 ἐκείνου
901 871 1166 929 συμβάλλειν,
1189 876 1257 918 καὶ
1281 869 1333 917 αὖ
1354 881 1440 925 τοῖς
1459 873 1635 930 ἐλέγχοις
1667 873 1742 924 τὰς
1753 881 1794 918 10

260 943 546 999 βλασφημίας,
578 945 646 985 καὶ
675 943 778 1001 παρ’
812 944 971 1001 ἄλληλα
994 948 1249 1002 συνορῶντες
1270 944 1593 1001 ἐπιψηφίζεσθαι
1603 977 1617 997 ,
1654 947 1743 994 πῶς

262 1012 332 1055 καὶ
352 1011 429 1067 τὴν
449 1017 533 1055 τῶν
561 1011 837 1069 εἷκονομάχων
867 1015 1042 1072 ἓξαρχῆς
1070 1011 1324 1070 κτησάμενος
1354 1015 1508 1071 αἵρεσιν
1541 1029 1743 1071 προσεπε-

263 1078 546 1136 δαψιλεῦσατο
565 1084 632 1125 καὶ
653 1082 778 1134 αὐτὸς
800 1088 853 1141 τῇ
883 1083 1012 1127 αὐτοῦ
1038 1085 1159 1144 κακίᾳ
1185 1081 1431 1141 προσθήκας
1460 1083 1740 1141 ἀτοπωτέρας.

263 1152 299 1195 εἲ
317 1150 396 1208 γὰρ
425 1152 626 1207 δείξαιμεν
647 1152 760 1212 αὐτῷ
780 1151 1015 1209 μαχόμενον
1036 1153 1227 1209 ἄντικρυς
1252 1153 1324 1197 τὸν
1343 1153 1471 1210 μέγαν
1502 1153 1650 1196 ἐκεῖνον
1678 1155 1742 1195 δι-

264 1218 497 1275 δάσκαλον,
536 1220 640 1265 καθ’
677 1220 852 1279 ἡσυχίαν
879 1221 977 1279 ἡμῖν
1009 1217 1036 1281 ᾗ
1069 1222 1314 1279 βουλόμεθα
1348 1221 1369 1266 ὃ
1399 1227 1474 1279 τῆς
1499 1222 1742 1274 ἀποδείξεως
1755 1232 1794 1269 15

222 1301 254 1337 Β
260 1288 441 1347 χωρήσει
458 1289 625 1342 σκοπός.
695 1291 820 1352 (ΙΑ.)
856 1294 942 1336 Καὶ
966 1295 1055 1350 περὶ
1077 1293 1151 1348 μὲν
1172 1297 1246 1336 τοῦ
1269 1291 1408 1351 φωτὸς
1427 1294 1625 1350 βραχείας
1645 1289 1744 1348 ἡμῖν

264 1358 399 1416 δεήσει
422 1365 498 1416 τῆς
516 1359 713 1418 γλώττης.
760 1366 835 1405 τοῢ
856 1362 934 1419 γὰρ
962 1364 1081 1406 θείου
1110 1363 1260 1406 ἐκείνου
1292 1361 1450 1419 πατρὸς
1477 1361 1741 1415 πυνθανομέ-

263 1447 339 1473 νου
365 1427 592 1487 σοφώτατά
614 1449 657 1474 τε
685 1433 754 1474 καὶ
780 1429 1029 1488 ὑψηλότατα
1043 1465 1056 1486 ,
1093 1430 1291 1490 ὁπότερον
1319 1430 1445 1482 αὐτὸς
1474 1431 1605 1474 ἐθέλει
1637 1430 1743 1474 ἀπο-

265 1499 473 1557 κρινέσθω
487 1513 498 1524 ·
535 1500 612 1543 εἴτ’
635 1500 780 1544 οὐσίαν
803 1499 902 1544 εἶναι
923 1503 1038 1546 τουτὶ
1056 1501 1103 1546 τὸ
1127 1506 1218 1559 φῶς
1237 1503 1304 1544 καὶ
1328 1499 1607 1544 ἐνυπόστατον
1637 1500 1744 1543 ἄπο-

269 1570 485 1626 φαίνοιτο,
522 1570 629 1613 καθ’
663 1568 765 1614 αὖτὸ
802 1568 1034 1629 ὑφεστηκὸς
1063 1573 1130 1615 καὶ
1155 1571 1215 1627 μὴ
1243 1568 1608 1630 δεόμενονιέτέρου
1638 1570 1794 1628 πρόςὲο

266 1637 465 1697 ὕπαρξιν·
501 1638 529 1696 ’ἢ
557 1637 759 1696 ποιότητά
779 1658 870 1684 τινα
899 1639 1092 1685 ἀνούσιον
1114 1643 1183 1685 καὶ
1203 1638 1450 1696 ἀσώματον,
1488 1641 1530 1683 ἓν
1555 1639 1666 1699 ἄλλῳ
1693 1639 1743 1683 τὸ

223 1705 369 1752 cefron
387 1708 564 1764 ἔχουσαν
582 1712 651 1753 καὶ
671 1709 747 1753 οὐκ
765 1711 807 1754 ἐν
829 1708 963 1771 ἑαυτῷ
981 1708 1281 1768 θεωρούμενον.
1330 1707 1636 1766 συναχθήσεται
1664 1708 1743 1767 γὰρ

267 1782 393 1836 τριῶν
412 1779 455 1822 ἓν
476 1779 524 1837 γέ
538 1797 577 1824 τι
599 1779 646 1824 τὸ
670 1779 838 1825 ἄτοπον.
885 1782 921 1824 εἲ
938 1780 1018 1841 γὰρ
1042 1781 1187 1825 οὐσίαν
1210 1781 1340 1839 φαίη,
1375 1778 1402 1836 ἢ
1424 1778 1591 1837 ἅγγελος
1611 1778 1741 1841 ἔσται,

269 1952 377 1988 bant=
398 1956 473 1989 tum
493 1954 659 2004 deinceps
671 1982 682 2000 ‚
702 1957 763 1993 ubi
782 1956 874 1992 aliud
893 1957 1014 1992 malum
1041 1956 1190 1993 vidimus
1208 1956 1345 2003 publice
1371 1955 1548 2003 erupisse,
1573 1955 1743 2002 lacrymas

269 1999 516 2045 continuimus3
540 2015 582 2038 eo
604 2004 718 2050 quod,
742 2008 781 2038 ut
808 2004 948 2050 opinor,
974 2004 1108 2038 cerebri
1139 2006 1294 2039 humores
1325 2015 1408 2050 prae
1434 2010 1575 2049 stupore
1595 2008 1631 2037 et
1650 2007 1744 2037 metu

269 2047 496 2082 exaruissent.
543 2050 613 2084 Iam
630 2051 757 2097 quippe
777 2055 815 2085 et
835 2050 989 2096 episcopi
1009 2062 1085 2084 cum
1110 2051 1309 2097 patriarcha
1338 2050 1373 2084 in
1399 2062 1481 2093 nos,
1505 2049 1565 2095 qui
1588 2049 1673 2083 talia
1700 2061 1744 2084 ne

269 2093 393 2127 audire
411 2093 547 2138 quidem
568 2097 838 2139 sustinebamus,
862 2097 1101 2142 insurgentes»,
1124 2109 1243 2132 manus
1264 2097 1361 2132 nobis
1384 2097 1527 2131 iniicere
1543 2100 1742 2141 coeperunt.

269 2138 344 2174 Sed
362 2140 448 2174 baec
465 2141 600 2186 quidem
617 2144 786 2189 posterius
801 2148 902 2189 gesta
921 2150 1010 2177 sunt.
1058 2144 1163 2179 Nunc
1182 2143 1263 2179 inde
1293 2143 1403 2179 oratio
1432 2143 1654 2184 resumenda,
1678 2152 1744 2176 uu·-

271 2185 317 2220 de
336 2186 380 2220 ad
396 2187 482 2221 haec
500 2188 675 2232 nolentes,
700 2202 741 2225 ac
760 2189 852 2224 illius
874 2190 1079 2225 calamitatis
1095 2191 1338 2226 recordatione
1355 2190 1508 2235 turbati,
1531 2189 1745 2225 divertimus,

271 2232 358 2277 (X.)
382 2232 472 2267 Hinc
503 2246 605 2280 porro
633 2236 699 2280 iis,
733 2236 794 2282 qui
821 2237 969 2271 candide
994 2237 1104 2272 velint
1125 2238 1301 2280 iudicare,
1337 2236 1472 2282 singula
1492 2235 1744 2281 colligentibus,

272 2278 396 2314 licebit
417 2279 641 2316 refutationes
653 2308 664 2325 ,
689 2295 710 2318 a
725 2294 848 2328 magno
867 2283 924 2317 illo
944 2283 1086 2319 doctore
1101 2284 1213 2319 editas
1225 2310 1236 2325 ,
1259 2295 1333 2319 cum
1362 2282 1582 2328 blasphemiis
1614 2282 1746 2316 refuta-

273 2325 320 2359 tis
340 2326 516 2370 conferre,
540 2332 576 2363 et
592 2328 741 2364 vicissim
760 2330 989 2376 blasphemias
1004 2342 1078 2365 cum
1095 2330 1372 2372 refutationibus,
1397 2334 1434 2365 et
1453 2329 1496 2362 iis
1515 2328 1612 2362 iuxta
1634 2340 1671 2362 se
1689 2327 1746 2362 in·
1789 2366 1791 2370 X

272 2371 384 2407 vicem
403 2373 527 2419 positis
548 2380 653 2420 atque
679 2376 926 2418 consideratis,
959 2377 1090 2411 demum
1121 2377 1323 2419 aestimare,
1348 2375 1514 2422 quomodo
1541 2375 1597 2409 hic
1625 2374 1744 2408 icono-

272 2420 468 2455 machorum
495 2422 652 2456 haeresin
664 2447 675 2464 ,
699 2422 765 2457 iam
783 2422 864 2458 inde
883 2423 925 2457 ab
940 2422 1039 2458 initio
1064 2430 1258 2470 susceptam
1271 2449 1282 2465 ,
1305 2435 1366 2458 sua
1383 2424 1461 2469 ipse
1478 2421 1654 2468 pravitate
1673 2432 1746 2455 am—

275 2465 484 2522 plificaverit
505 2472 542 2503 et
565 2469 824 2504 absurdioribus
857 2470 1111 2505 accessionibus
1130 2469 1363 2505 cumulaverit.
1409 2469 1499 2504 Nam
1525 2468 1556 2502 si
1586 2478 1745 2512 magnum

274 2512 371 2548 illum
397 2514 571 2550 doctorem
597 2526 674 2550 cum
696 2528 737 2551 eo
767 2516 877 2562 palam
908 2528 1063 2562 pugnare
1085 2517 1324 2558 ostendamus,
1348 2515 1472 2551 sensim
1493 2513 1745 2560 argumentatio

274 2564 396 2595 nostra
414 2572 552 2608 scopum
571 2562 742 2608 attinget,
776 2567 812 2597 et
831 2574 872 2597 eo
893 2564 1084 2607 perveniet,
1108 2575 1174 2610 quo
1195 2575 1258 2598 uos
1281 2563 1447 2598 volumus.
1493 2561 1597 2606 (xl.)
1621 2561 1672 2594 Ac
1701 2559 1746 2594 de

275 2606 354 2660 ipso
382 2607 519 2653 quidem
543 2608 666 2643 lumine
688 2620 798 2655 pauca
815 2609 999 2645 sufficient.
1047 2610 1184 2645 Etenim
1202 2609 1313 2644 sancti
1333 2609 1425 2644 illius
1442 2607 1591 2643 doctoris
1607 2606 1747 2652 sapien-

274 2653 429 2688 tissimae
445 2660 482 2689 et
500 2654 687 2691 altissimae
702 2655 906 2701 quaestioni,
930 2663 1042 2691 utrum
1063 2658 1140 2703 ipse
1154 2656 1303 2691 voluerit
1319 2655 1544 2701 respondeat3
1567 2653 1644 2688 sive
1663 2653 1747 2687 sub·-

275 2700 437 2735 stantiam
457 2701 552 2737 dicat
577 2714 656 2737 esse
676 2703 739 2736 hoc
766 2702 898 2745 lumen,
922 2707 959 2738 et
984 2715 1055 2738 rem
1078 2715 1141 2749 per
1167 2715 1205 2738 se
1231 2703 1492 2743 subsistentem,
1517 2712 1582 2735 nec
1601 2699 1746 2734 alterius

275 2744 487 2791 indigentem
506 2748 550 2783 ad
568 2748 817 2791 exsistendum3
849 2748 924 2784 sive
953 2750 1152 2795 qualitatem
1173 2749 1343 2795 quandam
1361 2747 1554 2784 substantia
1573 2750 1746 2781 carentem

275 2795 314 2826 et
331 2791 588 2839 incorpoream,
610 2807 701 2841 quae
721 2807 800 2830 esse
824 2795 859 2829 in
887 2795 956 2830 alio
981 2807 1048 2831 non
1075 2796 1112 2831 in
1137 2796 1214 2842 ipsa
1239 2796 1490 2831 consideratum
1507 2794 1644 2828 habeat.
1692 2792 1746 2846 E‘x

274 2837 389 2875 tribus
413 2842 573 2878 absurdis
596 2853 697 2879 unum
723 2846 819 2878 certe
846 2841 1037 2889 colligetur.
1093 2842 1184 2880 Nam
1204 2842 1236 2878 si
1251 2842 1336 2880 illud
1353 2840 1579 2879 substantiam
1596 2851 1672 2876 esse
1691 2837 1747 2873 ‹ll-
