1794 3172
354 125 673 173 HISTORIAE
699 127 1082 175 BYZANTINAE
1120 127 1220 174 XV.
1244 133 1285 176 8.
1462 124 1565 171 777

71 257 156 295 μου
171 253 183 275 ⁹
213 238 323 291 τοῦς·
343 237 498 290 αὐτοὺς
525 238 624 283 κάπὶ
653 245 740 290 τοῖς
770 238 947 296 ἐλέγχοις
974 244 1059 284 τῶν
1086 237 1261 296 ὕστερον
1282 236 1562 297 παραβάσεων
1584 251 1622 285 Α.
1638 252 1678 284 c.
1693 246 1785 286 1347

74 307 410 367 διεμαρτύρατο,
446 308 516 352 διὰ
530 307 706 353 Ἡσαΐου
734 308 863 366 λέγων
878 323 889 333 ·
927 308 1050 353 ἄκουε
1070 309 1243 366 οὖρανέ,
1275 310 1344 352 καὶ
1372 298 1783 379 ἐνωτιζου]“”ξέ8ἲίἶξ“’

72 376 101 435 ἦ
120 383 172 435 γῆ
187 393 198 402 ·
233 378 352 430 vintig-
378 378 575 435 ἐγέννησα
603 380 672 422 καὶ
704 377 885 434 ῧψωσα,
921 378 1041 422 αὐτοὶ
1067 378 1119 422 δέ
1144 396 1197 433 με
1216 378 1455 435 ἠθέτησαν·
1494 381 1565 423 καὶ

73 449 127 491 τὰ
147 447 254 504 ἑξῆς.
278 448 351 492 τὸν
371 448 500 492 αὐτὸν
520 448 572 504 δὴ
595 446 750 506 τρόπον
769 450 838 491 καὶ
855 447 982 499 αὐτὸς
1000 447 1078 505 ἐγὼ
1096 445 1291 505 τήμερον,
1310 446 1421 504 ὑμᾶς
1431 466 1563 505 προσ·
1573 447 1699 488 P-488

45 515 355 572 5καλεσάμενος
393 516 613 575 μάρτυρας
644 523 728 561 τῶν
761 516 898 562 πάλαι-
928 535 1002 573 μοι
1041 517 1148 575 πρὸς
1184 516 1296 573 ὑμᾶς
1333 519 1563 573 λεχθέντων

74 589 142 630 καὶ
169 587 232 630 δι’
253 584 373 642 ὑμῶν
394 587 499 645 πρὸς
511 587 662 631 Ἄνναν
684 587 761 644 τὴν
777 589 1000 642 βασιλίδα,
1032 587 1268 644 ἀναμνῆσαι
1285 592 1370 631 τῶν
1398 588 1563 645 εἰρημέ-

72 674 155 700 νων
177 656 330 713 ἀρτίως
346 655 486 713 ἕκρινα
506 659 615 711 δεῖν,
644 659 712 700 καὶ
731 658 920 712 πρέσβεις
940 655 1050 712 ὑμᾶς
1066 658 1157 713 ἐμοὶ
1177 657 1282 714 πρὸς
1300 658 1451 713 ἐκείνης
1469 656 1563 702 τότε

71 726 341 783 πεμφθέντας
361 727 552 784 πρέσβεις
580 726 680 777 τοὺς
707 726 860 778 αὐτοὺς
878 728 1005 785 ἐκείνῃ
1023 727 1128 784 πρὸς
1146 728 1247 782 ἐμοῦ
1266 731 1339 769 νῦν
1355 726 1437 783 ἤδη
1457 745 1563 782 πεμ-

72 800 249 854 φθῆναι.
287 796 375 839 ἴστε
395 794 585 850 πάντως,
618 795 686 840 ὅτε
707 795 1027 852 πρεσβεύσοντες
1046 795 1187 853 ἣκετε,
1224 794 1304 840 ὃσα
1325 793 1423 851 ὗμῖν
1449 795 1561 841 εἶπον

17 868 63 904 10
74 865 315 922 ἀπαγγεῖλαι
339 870 393 924 τῇ
411 868 594 921 βασιλίδι
610 880 620 890 ·
649 864 707 917 ὥς
734 864 756 910 ὅ
780 867 895 920 θεὸς,
921 868 1079 917 δίκαιος
1107 865 1180 920 ὢν,
1213 867 1283 909 καὶ
1312 867 1451 909 δίκαια
1472 867 1564 923 κρί-

71 952 154 978 νειν
175 933 274 988 οἶδε,
309 937 378 978 καὶ
399 935 476 978 οὖν
496 937 589 994 δίκῃ
608 936 687 986 τὰς
704 940 788 979 τῶν
807 933 1061 992 πραγμάτων
1083 933 1312 991 ἀποβάσεις
1332 939 1597 979 ποιεῖσθαι·Β

72 1003 96 1048 ὃ
118 1006 257 1047 τοίνυν
282 1003 465 1061 σύνηθες
484 1010 546 1064 τῷ
575 1010 666 1065 θεῷ
692 1013 822 1048 ποιεῖν
842 1013 929 1056 τοῖς
957 1023 1000 1049 τε
1023 1005 1235 1049 ἀδικοῦσιν
1255 1002 1361 1060 ὁμοῦ
1378 1006 1447 1048 καὶ
1468 1004 1565 1048 ἀδι-

70 1074 308 1128 κουμένοις,
342 1079 468 1118 τοῦτο
504 1077 572 1118 καὶ
605 1080 680 1118 νῦν
714 1076 862 1128 ἐλπίζω
888 1075 989 1118 κάπὶ
1016 1082 1107 1126 τοῖς
1134 1079 1207 1118 νῦν
1233 1073 1421 1130 ὄψεσθαι
1450 1072 1562 1131 πρά-

69 1160 212 1200 γμασι.
235 1145 304 1187 καὶ
327 1145 373 1187 τί
387 1146 455 1188 δεῖ
466 1144 571 1201 πρὸς
590 1142 753 1196 εἰδότας
772 1142 906 1188 πάντα
926 1145 1111 1196 διεξιέναι
1131 1144 1240 1188 καθ’
1266 1144 1421 1188 ἕκαστα
1431 1164 1447 1201 ‚-
1474 1144 1563 1189 ἴστε

15 1217 61 1253 15
70 1213 150 1271 γὰρ
172 1210 252 1267 ὥς,
281 1213 330 1257 οὗ
346 1212 497 1269 μάντις
517 1213 590 1269 ὢν,
623 1214 850 1271 προῦλεγον
868 1214 944 1270 τὴν
965 1219 1050 1258 τῶν
1067 1215 1179 1270 ἐμῶν
1197 1212 1427 1270 ἐπιβούλων
1445 1218 1563 1272 φθοο

71 1282 150 1340 ρὰν
183 1285 251 1325 καὶ
281 1283 357 1339 τὴν
390 1284 493 1340 ἐμὴν
521 1285 564 1335 ἐς
581 1273 813 1338 Βυζάντιον
833 1282 992 1341 ταύτην
1012 1284 1195 1328 εἴσοδον·
1228 1283 1335 1327 ἀλλὰ
1357 1283 1462 1342 πρὸς
1488 1283 1562 1327 τὸν

69 1357 146 1408 τῆς
178 1354 294 1408 δίκης
325 1352 479 1411 ἔφορον
508 1355 577 1397 καὶ
618 1354 844 1410 ἀκοίμητον
881 1354 1108 1412 ὀφθαλμὸν
1141 1353 1313 1412 ἀφορῶν
1328 1381 1343 1408 ,
1390 1353 1564 1412 κάκείνῳ

69 1427 371 1480 προσαναρτῶν
400 1423 477 1474 τὰς
496 1424 587 1479 ἐμοὶ
606 1423 712 1481 πρὸς
726 1421 844 1478 ὑμῶν
862 1424 1176 1481 ἐπενηνεγμένας
1198 1423 1352 1474 ἀδίκως
1372 1423 1595 1472 ἐπιεικῶςῦ

69 1492 308 1549 συμφορὰς,
333 1491 502 1548 ἤλπιζόν
522 1511 567 1537 τε
585 1495 654 1537 καὶ
673 1493 900 1551 προῦλεγον
919 1493 997 1545 τὰς
1017 1491 1203 1547 ἐκβάσεις
1222 1493 1265 1536 ἐν
1286 1490 1385 1547 ὑμῖν
1404 1491 1563 1547 ἀκροα·

11 1565 175 1611 Ξοταῖς.
213 1562 283 1604 διὰ
306 1562 360 1618 δὴ
381 1560 516 1606 ταῦτά
532 1581 606 1618 μοι
625 1565 693 1606 καὶ
713 1561 1032 1621 ἀξιοχρεῶτερον
1054 1563 1191 1614 ἔδοξεν
1201 1594 1216 1614 ,
1250 1559 1362 1616 ὗμᾶς
1383 1563 1453 1604 καὶ
1481 1559 1560 1617 οὔχ

71 1629 237 1687 ἐτέρους
268 1630 639 1689 διαμαρτύρασθαι
676 1633 745 1675 καὶ
784 1632 975 1690 πρέσβεις
1014 1631 1239 1687 εἰσπέμψαι
1271 1635 1323 1689 τῇ
1353 1631 1554 1685 βασιλίδι,

67 1701 138 1742 ἵνα
155 1702 412 1757 συνείραντες
431 1701 485 1744 τὰ
503 1700 684 1759 πρότερα
704 1708 793 1752 τοῖς
814 1705 995 1759 παροῦσι
1028 1703 1096 1746 καὶ
1130 1699 1185 1744 τά
1209 1717 1254 1757 γε
1282 1699 1557 1757 προειρημένα

67 1769 175 1825 μετὰ
204 1774 290 1813 τῶν
321 1768 530 1824 ἐκβάσεων
553 1771 827 1830 παραινέσητε
852 1771 951 1823 τοὺς
968 1776 1043 1828 τῆς
1068 1772 1184 1828 δίκης
1214 1771 1426 1814 αἰδεῖσθαι
1444 1766 1555 1827 θρόε-

69 1929 205 1973 pos‘tea,
222 1938 324 1973 quum
347 1925 522 1972 sequentis
543 1926 621 1962 aevi
641 1926 768 1962 delicta
787 1929 965 1973 argueret,
981 1938 1044 1974 per
1058 1925 1184 1961 Isaiam
1199 1929 1352 1961 testatus
1369 1927 1444 1960 est:
1466 1923 1557 1960 Audi

68 1973 221 2016 melum,
244 1979 282 2008 et
299 1974 442 2008 auribus
459 1974 603 2020 percipe
628 1980 743 2009 terra:
768 1974 859 2009 filios
876 1974 981 2020 genui
995 1980 1031 2009 et
1048 1972 1219 2015 exaltavi3
1242 1972 1311 2019 ipsi
1328 1978 1442 2007 autem
1460 1983 1558 2019 sprev

68 2025 196 2055 verunt
214 2031 287 2063 me,
312 2025 380 2057 etc.
427 2020 557 2055 Eodem
576 2021 674 2055 modo
694 2026 731 2055 et
748 2021 826 2068 ipse
845 2033 910 2056 vos
926 2020 1032 2055 hodie
1049 2024 1160 2055 testes
1177 2019 1345 2061 adhibeo,
1370 2030 1412 2054 ac
1429 2029 1558 2060 eorum,

68 2078 159 2113 quae
178 2066 258 2101 olim
277 2067 377 2102 vobis
393 2067 479 2110 dixi,
503 2078 637 2113 quaeve
653 2067 866 2114 imperatrici
883 2071 1003 2103 Annae
1021 2078 1084 2114 per
1097 2079 1161 2102 vos
1179 2064 1387 2113 significavi,
1412 2075 1559 2100 commo·

67 2114 294 2149 nesaciendoe
312 2126 390 2149 esse
406 2125 497 2148 nunc
514 2115 649 2149 demum
666 2120 771 2161 puto;
794 2119 832 2150 et
847 2115 983 2161 legatos
1002 2115 1047 2150 ab
1071 2125 1115 2149 ea
1132 2113 1177 2149 ad
1195 2125 1250 2148 me
1269 2118 1354 2149 tunc
1370 2111 1493 2146 missos
1512 2110 1559 2147 ad

69 2172 147 2195 eam
167 2159 235 2195 iam
254 2172 347 2195 nnnc
375 2160 513 2195 mittere
539 2161 694 2196 decrevi.
741 2160 947 2196 Meministis
968 2167 1064 2197 certe
1082 2172 1137 2203 ea,
1163 2171 1273 2206 quae,
1296 2170 1372 2194 cum
1388 2157 1495 2204 legati
1513 2157 1559 2192 ad

68 2218 123 2242 me
138 2207 282 2241 venistis
294 2233 305 2249 ,
333 2208 433 2242 vobis
455 2207 616 2242 mandavi
636 2213 676 2243 ut
696 2207 908 2253 imperatrici
930 2206 1201 2243 renunciaretis:
1223 2206 1332 2241 Deum
1354 2205 1489 2240 scilicet
1506 2204 1561 2238 iu-

68 2259 159 2288 stum
176 2266 272 2296 esse;
295 2254 442 2300 proinde
460 2260 497 2288 et
514 2254 606 2289 iusta
624 2267 702 2289 esse
720 2254 812 2290 iuius
827 2254 980 2298 iudicia3
1003 2260 1040 2290 et
1053 2265 1166 2290 rernm
1183 2258 1327 2288 eventus
1346 2252 1390 2286 ab
1411 2263 1453 2286 eo
1469 2251 1559 2285 iuste

68 2299 245 2334 ordinari:
268 2301 360 2346 quod
381 2300 512 2335 soleret
535 2301 645 2347 igitur
666 2301 761 2336 Deus
787 2302 979 2357 rependere
1001 2306 1071 2336 tam
1096 2301 1159 2343 iis,
1186 2300 1246 2346 qui
1270 2298 1430 2333 iniuriam
1450 2297 1560 2351 infer:

67 2352 166 2388 rent,
191 2358 293 2393 quam
309 2348 366 2389 iis,
383 2348 444 2392 qui
468 2351 693 2393 paterentur,
715 2347 753 2382 id
771 2353 809 2383 et
824 2360 860 2383 m
878 2348 1118 2395 praesentibus
1133 2345 1285 2393 negotiis
1305 2344 1494 2381 exhibitum
1514 2353 1561 2377 ιη

67 2405 212 2439 sperare
230 2405 296 2428 me.
333 2393 427 2436 Quid
445 2406 550 2440 porro
571 2406 714 2430 necesse
732 2399 788 2429 eet
805 2407 827 2430 a
846 2407 901 2430 me
917 2394 1053 2440 singula
1071 2392 1325 2428 commemorari
1338 2390 1450 2432 vobis,
1466 2386 1560 2424 haud

67 2439 331 2475 nescientibus?
363 2441 471 2476 Scitis
489 2441 632 2488 quippe,
651 2453 717 2486 me,
741 2453 810 2476 non
829 2441 912 2488 quia
934 2440 1149 2476 vaticinandi
1166 2439 1299 2486 peritus
1316 2438 1436 2478 forem,
1458 2435 1561 2470 vobis

1 2494 5 2499 ·
70 2486 288 2531 praedixisse
307 2491 345 2522 et
361 2499 510 2522 meorum
528 2487 767 2523 insidiatorum
786 2488 907 2523 tristes
927 2488 1061 2530 exitus,
1086 2491 1123 2521 et
1142 2486 1235 2521 hunc
1258 2496 1366 2520 meum
1385 2484 1420 2517 in
1442 2483 1562 2518 urbem

69 2533 283 2577 ingressum:
305 2533 365 2568 sed
387 2534 470 2580 qnia
490 2533 535 2568 ad
553 2534 804 2581 exploratorem
828 2540 864 2570 et
882 2535 1068 2570 insomnem
1088 2532 1228 2568 divinae
1245 2530 1407 2566 Iustitiae
1427 2528 1562 2582 oculum

70 2579 297 2624 respicerem,
321 2586 358 2615 et
377 2580 614 2622 calamitates,
632 2592 721 2627 quas
737 2580 819 2615 mihi
838 2593 902 2628 per
919 2592 1080 2616 summam
1100 2579 1261 2615 iniuriam
1279 2575 1492 2616 inferebatis,
1509 2574 1561 2608 1111

70 2624 303 2671 relinquerem
322 2626 560 2670 ulciscendas,
583 2627 664 2662 ideo
680 2632 718 2662 et
737 2639 832 2673 spem
850 2628 977 2663 aluisse
990 2653 1001 2669 ‚
1025 2632 1062 2662 et
1074 2626 1174 2661 vobis
1191 2623 1410 2660 audientibus
1423 2623 1562 2676 futuros

69 2682 184 2706 rerum
212 2671 325 2707 exitus
353 2674 630 2719 praenunciasse.
679 2674 735 2708 Ea
755 2680 900 2720 propter
924 2674 1045 2709 melius
1069 2674 1242 2708 saeuitum
1265 2682 1343 2704 esse
1363 2681 1418 2703 me
1438 2671 1561 2722 exjsu-

67 2718 181 2760 mavi‚
205 2718 238 2752 zi
251 2730 320 2753 non
338 2720 447 2762 alios,
472 2720 534 2755 sed
555 2720 803 2766 vosmetipsos
826 2726 996 2763 testarer,
1020 2721 1223 2766 legatosque
1245 2717 1291 2752 ad
1305 2716 1561 2762 imperatricem

65 2765 250 2807 mitterem,
270 2771 310 2799 ut
329 2766 447 2812 priora
467 2778 543 2801 cum
561 2767 804 2812 praesentibus
822 2771 859 2802 et
872 2768 1052 2814 praedicta
1069 2778 1144 2801 cum
1165 2763 1302 2799 eventis
1329 2759 1560 2806 componendo

67 2822 143 2845 eam
159 2811 362 2855 hortemini,
385 2818 426 2847 ut
445 2812 606 2848 Iustitiae
623 2813 774 2848 tribunal
788 2820 966 2858 vereatur,
989 2825 1031 2850 ac
1051 2825 1097 2848 ne
1114 2812 1208 2848 ultra
1221 2810 1297 2844 Deo
1315 2812 1468 2856 pugnet,
1494 2817 1560 2841 neu

160 2868 378 2914 Nicephom
397 2871 548 2918 ungor.
580 2871 657 2906 νοι.
672 2870 719 2905 ιι.
1222 2861 1279 2902 50
