1794 3172
317 178 634 226 HISTORIAE
657 176 1030 224 BYZANTINAE
1051 177 1208 226 XVIII.
1228 180 1270 225 4.
1434 171 1534 220 889

63 287 375 351 ἁμαρτημάτων
395 288 497 334 ὄντα
506 322 520 343 ,
557 287 861 344 κεκαλυμμένον
878 285 969 344 ξ’σχε
987 305 1077 340 πως
1095 286 1145 333 τὸ
1163 291 1240 346 τῆς
1258 287 1403 339 κακίας
1416 291 1534 346 χρῶ·
1557 297 1594 331 Α.
1609 298 1646 331 c.
1664 297 1750 334 1351

61 379 148 417 μα,
185 362 254 404 καὶ
287 359 442 416 ἄδηλον
475 357 533 410 ὥς
563 358 617 402 τά
644 357 777 401 πολλοὶ
801 364 893 408 «τοῖς
926 361 1094 409 πολλοῖς
1115 360 1183 402 καὶ
1208 345 1749 414 δυστέκμαρτον,Ῑ“Ῥ·Ῐο·ΟἎ““

63 432 132 473 καὶ
153 427 514 487 δυσθεράπευτον,
553 426 625 470 ἅτε
644 430 857 484 γραφικῶν
877 427 1194 484 προφερομὲνων
1212 424 1371 486 ῥήσεων
1399 425 1535 470 κάκεῖ-

5 533 10 538 .
61 503 165 553 θεν,
202 501 246 542 ἒκ
266 503 343 555 τῆς
364 498 553 547 ἐναντίας
574 495 735 552 δηλαδὴ
751 496 941 553 μερίδος,
978 497 1013 539 εἴ
1037 497 1105 539 καὶ
1129 497 1188 553 μὴ
1218 495 1371 551 ὁμοίως
1394 494 1457 547 οἷς
1482 495 1532 540 τὸ

30 568 240 624 ὅεῦσεβεῖν
262 569 427 626 ἕδραιον
447 565 669 621 μεμένηκεν
698 566 764 607 ἐπὶ
790 570 882 615 ταῖς
900 565 983 608 τῶν
1005 566 1188 621 πατρίων
1207 567 1410 620 θεμελίων
1431 577 1571 622 κρη-Β

61 644 162 681 πῖσι.
199 637 281 681 Διὸ
300 641 384 680 τῶν
406 634 684 690 ἁλισκομένων
703 634 835 684 ἐνίους
853 632 1022 691 ἀφίησιν
1043 631 1064 677 ὃ
1086 634 1187 684 θεὸς
1211 639 1263 692 τῇ
1285 636 1406 695 κακίᾳ
1425 651 1534 690 συμ-

61 707 271 765 φθείρειν,
308 706 386 749 εἴτε
419 705 488 748 διὰ
522 704 712 747 παιδείαν
742 702 905 756 ἄλλων,
943 702 1021 746 εἴτε
1055 705 1124 746 καὶ
1154 703 1222 746 διὰ
1253 703 1302 746 τὸ
1338 701 1534 748 ἀσύνετον

60 774 163 832 ἔχειν
196 776 369 834 καρδίαν
404 776 471 818 καὶ
500 772 648 830 ἥκιστα
675 775 958 830 διορθοῦσθαι
989 769 1222 825 δύνασθαι,
1259 772 1337 816 εἴτε
1372 774 1439 815 καὶ
1466 771 1532 816 δι’

61 843 292 903 ἀμφότερα.
332 844 380 888 οὗ
403 843 482 901 γὰρ
505 843 622 899 ἴσμεν
643 841 696 886 τὰ
721 847 795 886 τοῦ
813 846 919 886 θεοῦ
949 842 1095 899 κρίνειν
1123 839 1412 899 ἀνεξερεύνητα
1441 843 1532 899 κρί-

5 919 51 955 10
60 932 189 970 ματα.
220 911 281 965 οἷς
301 916 326 957 δ
333 913 346 930 ’
372 913 548 968 εὐμενῶς
565 911 643 968 ἔχει
660 911 730 955 διὰ
745 911 1027 969 παλαιοτέρων
1044 909 1308 968 χρηστότητα
1328 908 1529 968 πράξεων,

58 983 87 1040 ἢ
112 983 168 1027 δι’
196 981 393 1041 ἕτεράττα
412 980 546 1026 ὅπόσα
563 986 616 1040 τῇ
637 981 789 1024 ἐκείνου
807 985 919 1039 σοφῇ
945 982 1118 1041 προνοίᾳ
1152 977 1400 1038 ἀνήρτηται,
1432 977 1532 1023 τού-

59 1070 158 1104 τους
179 1055 204 1096 δ
210 1053 222 1070 '
246 1053 456 1109 ε’μποδίοις
477 1053 759 1101 παντοδαποῖς
788 1052 856 1094 καὶ
887 1052 1084 1100 ποικίλοις
1112 1049 1293 1110 ἀφιστᾷν
1321 1049 1576 1105 ἕπείγεται,()

60 1120 119 1174 ὥς
149 1120 398 1180 εἰρήκειμεν,
436 1125 512 1178 τῆς
543 1119 833 1179 σφαλλομένης
855 1119 1006 1176 ἐκείνης
1039 1117 1192 1177 ὁρμῆς,
1222 1116 1404 1174 μεΐζυνῆ
1426 1118 1535 1162 κατὰ

59 1192 219 1250 πατέρα
253 1190 492 1250 φιλότεκνον
513 1194 685 1248 πρᾶγμα
716 1193 859 1233 ποιῶν.
903 1188 958 1233 ⁶¹0
981 1188 1034 1245 δὴ
1064 1188 1164 1232 κάπὶ
1184 1192 1261 1231 σοῦ
1288 1184 1534 1244 ξυννενόηκα

3 1263 50 1302 15
63 1263 228 1320 δρῶντα
245 1263 321 1317 μὲν
343 1262 493 1304 ἐκεῖνον
500 1293 514 1314 ,
553 1261 599 1303 σὲ
622 1260 668 1303 δὲ
689 1259 876 1309 παιδείας
907 1259 1060 1314 ἐκείνης
1077 1257 1124 1302 τὸ
1145 1255 1345 1316 παράπαν
1373 1256 1448 1299 οὐκ
1466 1258 1534 1299 αἶα

59 1329 333 1386 σθανόμενον.
372 1329 395 1375 ὃ
417 1330 471 1387 δὴ
498 1331 565 1373 καὶ
585 1328 715 1385 μέσην
737 1345 809 1384 μοι
827 1329 960 1384 τέμνει
990 1328 1065 1384 τὴν
1085 1329 1281 1385 καρδίαν,
1320 1323 1534 1383 ἀφόρητον

57 1401 135 1458 τὴν
166 1399 315 1457 ὀδύνην
349 1398 496 1457 ἐπάγον
505 1432 519 1453 ,
557 1396 707 1442 δεδιότι
733 1397 792 1454 μὴ
820 1401 1020 1455 κρατῆρες
1043 1396 1169 1454 ὀργῆς
1194 1397 1350 1440 ἐκεῖθεν
1372 1395 1533 1437 ‹zm-25-

57 1488 179 1524 κτου,
216 1469 323 1514 κατὰ
347 1474 424 1513 σοῦ
443 1470 511 1512 καὶ
531 1469 691 1511 παίδων
711 1471 795 1511 τῶν
818 1472 904 1511 σῶν
928 1466 1197 1520 κενωθέντες,
1235 1465 1413 1521 ὄλεθρον
1435 1465 1578 1515 ἐξα-1)

57 1541 177 1596 πίνης
197 1538 380 1598 δράσωσι
402 1541 595 1594 παντελῆ.
641 1536 723 1592 Μὴ
745 1536 797 1592 δὴ
817 1536 917 1587 τοὺς
936 1539 1020 1579 τῶν
1049 1532 1235 1579 κολάκων
1258 1531 1430 1589 λόγους,
1468 1531 1534 1576 ὅτι

0 1613 118 1668 2οτῷ
145 1613 222 1665 τῆς
251 1605 436 1665 γλώττης
464 1608 595 1662 μέλιτι
624 1603 972 1662 καταγοητεύουσι
992 1594 1046 1648 τοὶ
1065 1608 1139 1660 τῆς
1165 1603 1292 1658 ἀκοῆς
1313 1600 1530 1659 πρόθυρα,

58 1682 144 1722 τῶν
166 1679 276 1733 ε’μῶν
295 1681 499 1736 προτιμᾷν
518 1673 688 1731 βούλου.
724 1674 766 1717 οἳ
786 1675 862 1728 μὲν
879 1673 959 1732 γὰρ
989 1673 1181 1717 ὠδίνουσι
1204 1670 1331 1715 πόνον
1360 1671 1428 1713 καὶ
1457 1667 1533 1712 λύ-

59 1764 143 1798 πας
162 1744 348 1803 μακράς·
386 1746 424 1789 οἱ
448 1745 492 1788 δ’
515 1745 605 1801 ἐμοὶ
624 1742 793 1786 κύουσιν
825 1739 1115 1799 ἀληθευούσης
1143 1737 1399 1801 εὐφροσύνης
1428 1756 1534 1796 καρ-

58 1814 175 1868 πούς.
223 1814 335 1874 λόγοι
355 1815 431 1871 μὲν
454 1813 534 1874 γὰρ
565 1816 710 1872 σοφῶν
744 1809 801 1863 ὥς
823 1810 1076 1870 βούκεντρα,
1111 1811 1218 1870 φησί
1243 1826 1308 1862 τις
1334 1812 1419 1852 τῶν
1448 1806 1532 1851 πά-

1572 395 1677 426 tacuz.
1685 391 1708 428 5

60 1995 202 2031 sceleris
229 1993 375 2030 colorem
390 1993 560 2030 occultum
577 1991 725 2029 involvit
743 1990 1001 2039 quodammodo,
1025 1992 1066 2026 ut
1082 1988 1202 2026 oculos
1216 1988 1311 2036 vulgi
1329 1988 1532 2036 plerumque

59 2043 188 2088 fugiat,
210 2047 247 2077 et
261 2047 330 2076 tam
350 2042 491 2087 cognitu
509 2051 610 2086 quam
629 2044 750 2075 curatu
768 2038 912 2075 difficile
931 2037 997 2081 sit3
1020 2041 1205 2084 propterea
1226 2036 1318 2083 quod
1336 2035 1531 2082 scripturae

60 2101 184 2123 sacrae
198 2088 391 2123 testimonia
414 2088 458 2122 ab
477 2087 547 2122 illis
564 2098 703 2133 quoque
729 2087 960 2132 proferuntur,
983 2085 1042 2130 qui
1069 2095 1184 2118 sanam
1203 2083 1392 2118 doctrinam
1413 2093 1526 2127 oppu-

61 2141 187 2182 gnant3
221 2135 360 2169 tametsi
380 2146 446 2168 non
471 2133 589 2168 eodem
608 2133 707 2167 modo
728 2134 772 2168 ab
790 2133 835 2167 iis
859 2131 1095 2177 accipiuntum
1117 2136 1222 2176 atque
1245 2130 1288 2164 ab
1317 2128 1531 2170 orthodoxis,

59 2193 202 2228 quorum
224 2181 345 2227 religio
367 2181 464 2215 firma
478 2184 514 2215 et
532 2180 733 2214 inconcussa
753 2178 888 2224 patriae
906 2178 989 2213 fidei
1004 2175 1234 2212 fundamentis
1250 2176 1420 2210 innititur.
1464 2174 1532 2209 Id-

61 2229 154 2263 circo
177 2228 272 2262 Deus
301 2227 477 2262 nonnullos
505 2237 622 2261 errore
645 2225 838 2272 implicatos
868 2224 955 2260 mori
979 2225 1016 2259 in
1043 2235 1159 2259 errore
1185 2221 1375 2269 permittit3
1405 2230 1468 2256 seu
1491 2224 1531 2255 ut

60 2275 120 2309 alii
147 2275 366 2315 erudiantur,
401 2285 462 2308 seu
494 2273 575 2319 quia
601 2271 654 2306 illi
685 2283 745 2307 cor
771 2272 899 2306 habent
924 2271 1102 2306 intellectu
1128 2269 1348 2311 destitutum,
1373 2269 1530 2311 adeoque

59 2321 189 2366 corrigi
207 2333 275 2355 non
300 2324 465 2366 possunt3
500 2330 561 2354 seu
585 2319 628 2353 ob
650 2323 842 2364 utrumque.
888 2318 1026 2353 Etenim
1051 2317 1119 2351 Dei
1140 2315 1268 2350 iudicia
1292 2313 1530 2349 inscrutabilia

59 2379 128 2402 non
158 2372 309 2402 nostrum
339 2371 392 2401 est
418 2366 621 2402 diiudicare.
669 2365 803 2406 Quibus
829 2370 942 2400 autem
960 2365 1056 2399 Deus
1075 2362 1246 2409 propitius
1266 2366 1321 2396 est
1342 2361 1385 2396 ob
1408 2364 1530 2394 vetera

60 2413 212 2459 ipsorum
233 2419 328 2448 recte
347 2413 464 2457 facta,
490 2417 552 2447 aut
573 2412 616 2446 ob
634 2412 720 2446 alias
740 2423 879 2453 causas,
902 2415 1005 2458 prout
1026 2410 1101 2445 eius
1123 2408 1272 2454 sapienti
1291 2405 1530 2453 providentiae

59 2460 170 2495 visum
191 2459 318 2502 fuerit,
342 2471 400 2494 eos
421 2460 480 2505 (ut
499 2458 664 2503 diximus)
687 2458 801 2492 multis
817 2458 992 2503 variisque
1003 2455 1220 2492 incommodis
1239 2453 1381 2494 oblatis,
1406 2452 1450 2486 ab
1468 2451 1528 2485 illo

60 2517 179 2540 errore
193 2531 204 2548 ‚
228 2517 328 2552 quem
355 2510 565 2551 sequuntur,
596 2504 712 2540 studet
736 2508 894 2539 avertere
911 2504 1087 2550 plusquam
1107 2506 1250 2548 paterna
1267 2499 1431 2535 bonitate.
1461 2498 1529 2532 At-

59 2564 127 2597 que
143 2552 237 2586 illum
255 2551 389 2598 quidem
404 2558 515 2587 tecum
533 2551 583 2586 sic
595 2563 712 2596 agere,
723 2555 760 2585 te
772 2550 880 2597 ipsum
897 2562 980 2586 vero
998 2550 1072 2585 eius
1090 2547 1292 2594 disciplinae
1308 2545 1432 2580 nullum
1447 2554 1529 2578 sen-

60 2610 133 2633 sum
156 2598 313 2644 accipere
332 2598 570 2633 animadverti.
621 2598 721 2639 Quae
741 2609 798 2632 res
822 2596 903 2632 mihi
925 2596 1071 2632 medium
1088 2606 1148 2629 cor
1166 2593 1274 2628 veluti
1293 2590 1441 2632 scindit,
1462 2589 1542 2624 do-'

59 2645 234 2690 loremque
258 2645 363 2679 affert
377 2645 642 2686 intolerabilem,
666 2643 850 2686 metuenti,
873 2655 917 2679 ne
939 2643 1021 2678 inde
1040 2643 1076 2677 in
1093 2646 1186 2676 tuum
1213 2644 1250 2674 et
1279 2638 1314 2672 in
1343 2637 1526 2671 liberorum

59 2695 193 2726 tuorum
211 2694 317 2736 caput
335 2691 456 2725 effusis
480 2691 725 2737 exhaustisque
743 2689 966 2735 implacabilis
982 2689 1058 2724 irae
1072 2687 1258 2727 calicibus,
1280 2683 1436 2718 funditus
1454 2687 1529 2716 sta-

60 2737 122 2772 tim
140 2748 255 2772 omnes
276 2737 435 2783 pereatis.
481 2739 528 2773 At
546 2742 585 2772 tu
605 2749 647 2772 ne
667 2737 879 2772 adulatorum
897 2736 1007 2771 verba
1023 2735 1102 2769 ideo
1116 2732 1200 2768 meis
1219 2731 1407 2777 praeferas,
1432 2726 1527 2774 quod

59 2783 87 2818 ii
105 2784 244 2828 linguae
263 2795 346 2818 suae
363 2784 460 2819 melle
480 2784 610 2819 aurium
627 2788 762 2818 tuarum
779 2783 880 2818 limen
899 2782 1083 2817 fascinant.
1129 2779 1194 2814 llla
1214 2777 1301 2812 enim
1322 2776 1472 2809 laborem
1489 2776 1528 2808 et

59 2830 196 2873 dolores
220 2830 340 2876 longos
367 2830 582 2875 parturiunt:
605 2842 680 2865 mea
706 2834 818 2864 autem
833 2840 937 2864 verae
963 2825 1201 2863 delectationis
1216 2821 1386 2858 fructibus
1402 2821 1532 2856 exube-

59 2881 149 2913 rant.
197 2877 339 2912 Scilicet
364 2876 557 2922 sapientum
583 2888 756 2911 sermones
785 2876 856 2922 (ut
875 2875 1002 2923 aliquis
1028 2878 1182 2911 veterum
1209 2869 1402 2916 saplentum
1420 2866 1529 2910 dixit)

150 2935 366 2982 Nicephorus
384 2936 532 2982 Gregor.
567 2934 642 2972 Vol.
667 2935 717 2970 11.
1198 2919 1255 2962 57
