1754 3164
574 145 1046 190 ANNOTATIONES.
1424 137 1555 186 1235

29 259 76 292 ut
94 251 264 291 Wolfius
289 265 366 305 per
397 252 700 305 incogitantiam
728 251 873 301 vertit,
911 252 1109 304 trigesimo
1141 264 1261 290 nono.
1318 250 1562 302 Ducangius,

25 310 103 349 hac
130 309 263 348 Wolffi
295 309 627 362 interpretatione
661 310 879 362 deceptus,
928 323 1076 348 annum
1105 307 1215 346 hunc
1245 309 1385 360 posuit
1410 308 1564 347 Christi

24 367 318 407 MCCCXXXI.
343 369 413 421 qui
435 369 513 407 fuit
534 381 662 407 annus
680 366 985 406 mcccxxvss.
1044 379 1200 405 noxle.

143 438 237 489 Pag-
268 435 377 485 385,
410 438 476 478 10.
542 438 632 476 Τῶν
663 437 793 477 θείων
821 431 1015 483 εἰκόνων]
1057 434 1181 473 Istius
1213 433 1483 486 processionis
1510 434 1563 474 ad

25 493 251 532 columnam
282 491 612 546 Porphyreticam
639 493 673 533 1.
710 493 774 532 die
806 491 1052 545 Septembris
1092 491 1271 530 meminit
1303 491 1480 530 Codinus
1511 492 1563 531 de

25 550 104 592 Off.
139 564 230 604 cap,
255 550 343 590 XV.
374 563 415 588 n.
447 554 486 592 1.
529 550 632 589 Vide
670 557 785 590 notas
813 550 865 589 ad
883 549 1117 589 Alexiadem
1145 562 1236 602 pag.
1261 552 1357 592 382.
1388 555 1430 588 et
1457 550 1563 588 Con-

24 607 241 660 stantinop.
261 606 407 650 Christ.
426 607 499 646 lib.
518 607 551 647 1.
573 614 670 648 sect.
692 609 762 651 24.
784 622 825 646 n.
847 611 886 650 6.
907 607 979 646 ubi
996 606 1108 646 haud
1133 620 1261 659 pauca
1290 606 1340 645 de
1365 605 1443 644 hac
1463 606 1562 646 Por-

22 663 234 718 phyretica
255 665 454 714 columna,
484 678 533 703 ac
556 678 675 704 cruce
699 665 763 704 illi
780 665 983 717 imposita,
1012 671 1051 704 et
1075 663 1365 718 Byzantiorum
1385 665 1437 703 ad
1457 663 1562 703 hanc

21 724 244 779 θρησκείᾳ,
274 735 347 761 seu
370 722 578 774 religione,
600 723 884 774 congessimus).
942 735 1115 761 nncaso.

138 792 236 844 Peg·
266 793 371 841 390,
404 796 441 833 1.
503 791 558 832 Οἱ
592 791 688 845 περὶ
729 789 800 833 τόν
839 790 1006 844 βασιλέα
1039 788 1112 831 τόν
1142 789 1239 831 νὲον
1276 786 1557 844 Ἀνδρόνικον]

20 847 113 886 Non
140 861 263 887 ausus
289 848 425 888 dicere
450 844 730 902 Ἀνδρόνικος,
761 849 865 888 dixit
886 847 1038 903 οἱπερὶ
1055 846 1124 890 τὸν
1143 844 1418 902 Ἀνδρόνικον,
1449 849 1560 902 quod

21 918 68 944 re
84 906 173 958 ipsa
192 906 299 944 idem
322 912 395 946 est.
453 920 612 947 BOIVIN.

137 976 232 1027 Pag.
263 977 369 1024 390,
398 977 440 1017 9.
499 971 744 1028 Μιχάηλον]
774 976 1044 1028 Cognomento
1064 975 1376 1027 Strascimirum,
1396 975 1448 1016 de
1477 989 1559 1030 quo

21 1029 65 1068 in
89 1031 192 1070 serie
213 1032 421 1083 Bulgariae
445 1046 585 1084 regum
606 1034 758 1085 agimus
781 1047 872 1086 pag.
894 1038 991 1078 323.
1046 1048 1223 1075 nucum.

139 1102 237 1153 Pag.
267 1104 372 1151 390,
405 1105 469 1145 13.
526 1099 609 1142 Διά
629 1100 675 1143 vd
701 1102 845 1143 νεωστὶ
871 1101 1136 1158 γεγενημένον
1158 1101 1251 1156 περὶ
1270 1099 1347 1155 τὴν
1363 1105 1442 1144 τοῦ
1460 1102 1559 1144 Καί-

22 1168 146 1207 σαρος
168 1157 373 1212 θυγατέρα
399 1158 551 1211 κῆδος]
583 1158 751 1211 Propter
780 1160 1045 1215 affinitatem,
1077 1174 1197 1214 quam
1231 1175 1320 1199 cum
1349 1174 1393 1199 eo
1425 1157 1559 1199 Grales

21 1223 306 1260 contraxerat,
335 1214 457 1255 ducta
479 1231 609 1255 uxore
631 1215 735 1271 filia
762 1215 954 1257 Caesaris.
1005 1217 1065 1255 Ita
1092 1217 1355 1265 vertendum;
1387 1231 1490 1264 non,
1511 1224 1559 1256 ut

20 1270 208 1321 Wolfius,
234 1283 396 1326 propter
426 1289 556 1312 recens
582 1284 828 1313 contractam
859 1290 947 1314 cum
963 1272 1064 1328 filia
1096 1272 1285 1313 Caesaris
1303 1273 1557 1330 affinitatem.

18 1327 118 1366 Nam
148 1330 218 1379 qui
239 1343 410 1369 uxorem
435 1331 567 1380 ducit,
596 1332 632 1369 is
660 1345 741 1370 non
770 1332 917 1371 dicitur
939 1331 1172 1370 affinitatem
1200 1345 1291 1370 cum
1314 1345 1442 1371 uxore
1463 1345 1558 1370 con·

18 1383 200 1435 trahere,
229 1388 300 1426 sed
325 1401 417 1427 cum
437 1389 576 1427 uxoris
602 1390 836 1441 parentibus
866 1396 905 1428 et
930 1390 1122 1440 cognatis,
1180 1402 1336 1428 1301le-

135 1457 233 1509 Pag.
262 1458 369 1507 390,
400 1460 466 1501 16.
520 1453 611 1498 Ἐπ’
628 1452 806 1515 ἀδελφῇ]
836 1457 1060 1498 Theodora.
1088 1457 1192 1497 Vide
1208 1457 1277 1496 lib.
1291 1457 1394 1497 vm.
1408 1471 1500 1511 cap.
1519 1458 1554 1498 Ι.

19 1517 115 1550 sect.
133 1514 173 1554 3.
229 1527 384 1555 BOIVIN.
1299 1557 1307 1563 .

135 1572 231 1622 Pog.
260 1573 362 1621 391,
392 1570 437 1612 4.
490 1567 666 1623 ’Λδελφή
691 1570 735 1612 δὲ
761 1566 816 1623 ἦν
839 1567 966 1625 αὕτη]
996 1571 1135 1621 Neda,
1166 1585 1272 1623 quae
1301 1571 1388 1609 aliis
1415 1571 1555 1610 Domi-

17 1625 127 1675 nica,
157 1627 292 1666 Urosii
317 1628 423 1680 regis
447 1629 607 1668 Serviae
637 1629 731 1674 filia,
764 1628 957 1682 Stephani
978 1629 1084 1681 regis
1110 1643 1242 1669 soror.
1281 1628 1388 1668 Vide
1410 1628 1555 1668 seriem

17 1696 156 1735 regum
185 1685 347 1724 Serviae
373 1699 416 1726 n.
437 1686 503 1730 59.
529 1692 568 1726 et
589 1689 656 1728 61.
713 1700 889 1727 nocane.

135 1743 234 1795 Pssg·
265 1746 348 1785 393
361 1775 373 1792 ‚
406 1747 472 1786 17.
531 1745 713 1784 Δίκασον
730 1740 845 1798 κύριε
865 1760 902 1785 κ.
916 1759 950 1783 τ.
966 1741 1025 1797 λ.]
1048 1743 1189 1783 David.
1201 1742 1345 1783 Psalm.
1362 1741 1550 1783 XXXIV.

17 1811 61 1838 v.
84 1802 123 1841 1.
160 1800 303 1840 Psalm.
321 1800 457 1839 CVIII.
480 1813 519 1842 V.
539 1804 606 1844 28.
637 1801 729 1841 Isai.
762 1815 794 1840 e.
814 1801 845 1843 I.
867 1815 906 1841 v.
925 1804 966 1843 2.
1022 1815 1176 1841 Bonus.

133 1859 233 1911 Pag·
262 1857 369 1908 394,
403 1862 467 1900 12.
532 1856 616 1908 Τήν
633 1855 893 1913 Κρᾶλαιναν]
925 1858 1194 1909 Simonidem,
1214 1856 1435 1896 Andronici
1454 1855 1553 1908 imp.

17 1926 70 1952 ex
91 1913 202 1953 Irene
225 1915 350 1954 altera
373 1918 541 1967 coniuge
560 1915 693 1966 filiam,
725 1930 828 1969 quae
843 1930 935 1955 cum
957 1915 1009 1953 ad
1019 1916 1155 1955 Irenes
1176 1914 1316 1954 matris
1339 1914 1555 1965 exsequias

17 1971 405 2025 Constantinopolim
424 1974 609 2024 venisset,
639 1974 698 2013 uti
719 1980 856 2013 narrat
874 1975 1072 2024 Gregoras
1093 1974 1163 2015 lib.
1180 1973 1271 2013 Vn.
1287 1985 1376 2024 cap.
1396 1975 1478 2021 30„
1499 1970 1552 2009 ad

17 2029 227 2080 coniugem
246 2030 379 2070 redire
398 2037 600 2080 renuerat,
631 2046 653 2070 a
673 2046 754 2084 quo
777 2046 868 2071 cum
890 2044 964 2084 per
991 2032 1142 2081 legatos
1169 2046 1192 2070 a
1215 2037 1330 2083 patre
1349 2034 1552 2081 repetere-

14 2091 105 2135 tur,
134 2087 286 2139 illaque
309 2101 362 2127 ne
384 2088 435 2127 ad
454 2088 630 2127 reditum
654 2096 866 2141 cogeretur
884 2088 1164 2127 monachicum
1190 2088 1371 2127 habitum
1396 2086 1552 2125 induis-

15 2149 95 2188 set,
123 2142 230 2183 illius
253 2145 379 2184 frater
410 2147 730 2197 consanguineus
753 2146 1038 2185 Constantinus
1058 2147 1232 2198 Despota
1260 2145 1441 2184 lacerato
1464 2144 1551 2183 eius

16 2201 179 2239 cucullo
200 2202 366 2240 invitam
387 2210 426 2242 et
450 2204 677 2255 plorantem
702 2204 753 2243 ad
773 2204 985 2256 coniugem
1011 2204 1230 2259 remiserat.
1266 2201 1380 2242 Idem
1400 2202 1550 2252 Grego-

14 2271 83 2296 ras
102 2258 174 2297 lib.
192 2259 298 2300 vlu.
322 2274 412 2313 cap.
433 2264 471 2302 1.
527 2274 699 2300 nucaxo.

131 2319 228 2369 Pag.
260 2318 363 2368 395,
395 2321 434 2360 3.
489 2313 568 2358 Ἐκ
587 2323 663 2360 τοῦ
687 2314 830 2371 Κρᾶλη
853 2318 1049 2373 Σερβίας]
1081 2318 1144 2357 Ad
1160 2332 1279 2371 quem
1299 2317 1443 2367 missus
1457 2315 1549 2352 Cal-

13 2371 162 2411 linicus
190 2374 344 2426 legatus
366 2375 415 2413 ab
448 2375 684 2416 Andronico
715 2377 888 2416 iuniore.
937 2376 1202 2416 Cantacuzen.
1230 2375 1303 2415 lib.
1328 2375 1359 2413 Ι.
1393 2386 1478 2425 cap.
1503 2374 1545 2414 8.

14 2443 187 2468 nocane..

130 2490 227 2540 Pog-
259 2489 365 2537 395,
396 2493 437 2532 8.
482 2486 606 2531 ’Όσαι
629 2490 696 2532 ἐπὶ
724 2487 873 2545 χάρτου
899 2489 1142 2545 γραφεῖσαι]
1175 2490 1284 2528 Duas
1316 2487 1546 2526 chartarum

14 2545 169 2596 species
185 2543 254 2584 hic
280 2553 461 2586 recenset
489 2548 708 2600 Gregoras,
739 2549 904 2587 alteram
927 2561 1047 2599 quam
1071 2546 1251 2587 chartam
1278 2550 1416 2592 vocat,
1447 2542 1546 2581 alte-

12 2614 100 2640 ram
120 2615 238 2654 quam
257 2615 307 2641 ex
326 2605 438 2642 tenui
462 2605 590 2644 linteo
614 2607 840 2645 confectam
864 2605 1016 2645 scribit.
1060 2605 1198 2644 Priore
1219 2616 1319 2641 voce
1343 2612 1546 2653 papyrum

12 2658 301 2711 Aegyptiacam
333 2661 498 2702 videtur
523 2664 710 2715 innuere,
752 2676 871 2715 quam
907 2663 1052 2702 Graeci
1082 2660 1325 2701 recentiores
1353 2652 1545 2708 ξυλοχᾶρ-

13 2730 103 2756 τιον
126 2716 342 2757 vocabant:
376 2719 499 2758 altera
526 2720 706 2760 chartam
737 2735 789 2759 ex
815 2720 943 2760 linteo
976 2718 1184 2771 conceptis
1210 2725 1247 2755 et
1279 2714 1458 2754 contusis
1476 2726 1544 2764 pa-

12 2779 163 2822 ratam,
196 2787 314 2825 quam
333 2772 517 2828 χόρτινον
534 2775 686 2832 χάρτην
706 2778 861 2819 dicunt.
894 2777 999 2818 Vide
1018 2778 1149 2816 Gloss.
1178 2773 1282 2814 med.
1308 2771 1480 2811 Graecit·
1501 2770 1544 2807 in

12 2828 76 2867 his
97 2831 279 2872 vocibus.
340 2847 511 2877 nocane.
