1794 3172
236 130 340 179 584
533 179 536 181 ,
650 140 964 185 NICEPHORI
993 138 1317 185 GREGOR'AE

18 257 57 291 A.
68 257 119 289 ’Μ.
132 253 222 307 6849
243 252 325 294 τῶν
347 249 507 293 παίδων
524 251 744 307 μνηστείας
761 249 843 310 ἤδη
862 250 1114 306 τελεῖσθαι.ῗ’
1147 251 1235 303 Καὶ
1253 251 1319 295 ἐπὶ
1338 248 1502 304 τούτοις
1521 248 1542 295 ὅ
1567 248 1716 296 σύλλο-

24 326 29 330 ’
63 306 133 337 ¹¹¹⁶·
152 305 175 341 9
242 335 312 377 γος
330 317 450 376 ἐληγέ
471 337 513 363 τε
542 324 608 363 καὶ
631 318 822 367 διελύετο.

108 406 148 440 p,
165 384 236 442 3¹62
345 386 396 432 δ’.
429 387 478 433 Ὁ
503 390 547 434 δ’
568 388 841 447 Ἀπόκαυκος,
878 388 966 446 ἅμα
996 394 1056 451 τῷ
1081 387 1314 448 πατριάρχῃ
1342 389 1524 448 προσιὼν
1552 392 1639 451 ἰδία
1665 395 1718 450 τῇ

106 450 233 490 V·294
242 459 424 512 βασιλίδι
433 491 448 512 ,
489 457 593 515 μήτε
623 459 800 515 μηδενὸς
838 458 999 504 ἀκούειν
1040 459 1228 504 ἀνέπειθε
1256 463 1341 503 τῶν
1372 460 1454 504 ἀπὸ
1489 464 1563 503 τοῦ
1597 463 1718 505 Καν-

239 529 491 583 τακουζηνοῦ
520 529 772 586 λεγομένων,
811 532 879 573 καὶ
909 528 996 585 ἅμα
1018 534 1094 586 τῆς
1112 534 1195 572 τῶν
1224 527 1477 586 πραγμάτων
1495 530 1746 587 ἐπιτροπῆςό

243 597 471 652 ἀπέχεσθαι
488 599 633 649 τελέως
650 597 1016 656 παρακελεύεσθαι.
1049 600 1156 655 μηδὲ
1171 598 1248 656 γὰρ
1268 597 1368 642 εἶναι
1382 600 1524 657 χρείαν
1541 598 1598 642 ἴτι
1619 597 1719 642 τού-

242 684 343 720 του,
385 671 460 722 τῆς
488 670 704 724 βασιλίδος
735 666 838 724 ὃμοῦ
876 672 935 727 τῷ
952 669 1029 727 υἱῷ
1067 668 1296 724 δυναμένης
1331 673 1456 712 πᾶσιν
1492 669 1720 713 ἐπιστατεῖν

243 734 480 794 πράγμασι,
521 735 960 795 παραὸυναστεύοντός
987 755 1030 781 τε
1063 739 1131 780 καὶ
1162 739 1492 795 παρασπίζοντος
1534 742 1608 782 τοῦ
1634 756 1719 781 πα-

241 803 462 863 τριάρχου,
499 808 605 851 κατὰ
629 808 705 864 τὴν
725 805 853 851 πάλαι
881 809 1079 850 δοθεῖσαν
1108 807 1212 865 πρὸς
1238 808 1441 862 βασιλέως
1463 808 1720 865 ἐπιτροπείαν

206 872 371 934 Βαῦτῷ.
409 879 542 920 ταῦτα
558 878 685 934 λέγων
706 879 772 920 καὶ
806 878 964 920 πείθων
999 875 1226 920 ἐλάνθανεν
1258 878 1370 928 οἵους
1392 879 1458 920 καὶ
1478 875 1602 928 ὅσους
1620 878 1718 928 τοὺς
1731 888 1775 922 10

241 944 410 1002 ἀγρίους
433 946 570 1004 τρέφει
598 952 740 1005 θῆρας
761 951 843 990 τῶν
863 950 1069 1003 λογισμῶν
1094 944 1150 996 ὥς
1167 947 1208 989 ἐν
1237 944 1371 1005 λόχμῃ
1393 951 1445 1005 τῇ
1466 951 1597 1004 ψυχῇ.
1636 949 1719 990 διε-

245 1012 445 1073 ζωγράφει
474 1016 521 1059 ‹5'
555 1012 628 1060 οὖν
659 1018 726 1059 καὶ
754 1013 1028 1071 ὖπεσήμαινεν
1063 1015 1262 1073 ἀμυδρῶς
1303 1023 1389 1067 τοῖς
1432 1016 1719 1074 συνετωτέροις

242 1088 327 1127 τῶν
348 1083 479 1141 λόγων
502 1086 632 1130 αὐτοῦ
660 1088 728 1129 καὶ
747 1084 970 1142 σχημάτων
989 1085 1035 1129 τὸ
1059 1084 1398 1143 ἀλλοπρόσαλλον
1408 1119 1422 1140 ,
1459 1083 1547 1129 οἷον
1565 1084 1720 1142 ἐκρήξει

236 1158 421 1209 χειμῶνα
443 1156 548 1199 κατὰ
564 1154 776 1211 Ῥωμαίων
794 1153 815 1199 ὃ
838 1155 1085 1212 ἄνθρωπος,
1121 1155 1408 1214 προσειληφὼς
1426 1154 1472 1198 τό
1492 1153 1716 1199 δύνασθαι.

243 1223 337 1282 (B.)
365 1222 494 1268 Ὅσον
511 1226 587 1280 μὲν
605 1226 684 1282 γὰρ
704 1230 865 1282 προσῆν
883 1226 1216 1284 Καντακουζηνῷ
1233 1223 1497 1281 πανταχόθεν
1518 1225 1565 1268 τὸ
1590 1223 1718 1268 δύνα-
1731 1234 1774 1269 15

206 1293 352 1336 Οσθαι
362 1327 376 1348 ,
412 1299 613 1338 τοσοῦτον
643 1293 884 1353 Ἀποκαύκῳ
919 1299 1061 1352 περιῆν
1089 1294 1330 1346 ἇσθενειάς’
1378 1293 1476 1339 ὅσον
1517 1295 1559 1336 δ’
1593 1294 1719 1337 Ἀπο-

241 1361 381 1422 καύκῳ
407 1363 452 1410 τὸ
475 1362 705 1419 βούλεσθαι
723 1366 908 1422 χείριστα
930 1367 1048 1424 ὃρᾷν,
1087 1368 1288 1408 τοσοῦτον
1307 1367 1367 1423 τῷ
1387 1365 1720 1423 Καντακουζηνῷ

239 1432 289 1476 τὸ
319 1434 378 1488 μὴ
404 1434 540 1487 βίαιον
573 1432 765 1491 πράττειν
797 1434 926 1489 μηδὲν
952 1432 1142 1479 ὁπωσοῦν
1183 1433 1290 1477 κατὰ
1328 1437 1411 1477 τῶν
1445 1432 1533 1477 ὅσοι
1566 1431 1718 1491 ξιφήρη

236 1508 357 1560 χεῖρα
379 1507 430 1560 τῇ
454 1501 604 1546 τούτου
625 1505 705 1561 ζωῇ
724 1505 1034 1555 καθοπλίζουσι.
1073 1503 1419 1559 Καντακουζηνὸς
1449 1503 1550 1561 γὰρ,
1585 1503 1720 1560 παρὸν

242 1573 288 1614 ἐκ
315 1577 390 1615 τοῦ
421 1570 577 1632 ῥᾴστου
610 1573 762 1624 κακοὺς
795 1573 1072 1631 φωραθέντας
1107 1573 1260 1623 αὐτοὺς
1291 1572 1504 1625 καθελὼν,
1543 1572 1717 1628 ἀπονητὶ
1729 1579 1775 1614 20

242 1641 292 1684 τὸ
332 1646 407 1698 τῆς
447 1641 775 1700 αὐτοκρατορίας
809 1641 1121 1700 περιζώσασθαι
1148 1647 1378 1700 σκῆπτρον,
1433 1643 1650 1697 τοῦτομὲν
1669 1641 1719 1684 οὗ

243 1710 513 1767 βεβούληται,
541 1712 647 1754 ἀλλὰ
666 1712 741 1768 τὴν
766 1712 905 1756 αὐτῶν
934 1713 1140 1769 ἐκπλαγεὶς
1170 1710 1463 1769 ἀγνωμοσύνην
1506 1712 1610 1755 οἴκοι
1643 1729 1720 1754 κα-

208 1782 402 1836 Βτὲμεινε
422 1785 585 1824 σιωπῶν
609 1782 673 1823 ἐπὶ
695 1779 769 1825 δύο
789 1783 857 1824 καὶ
876 1789 983 1839 τρεῖς
1002 1800 1082 1825 που
1115 1781 1191 1832 τὰς
1207 1780 1375 1838 ἡμέρας.
1415 1779 1436 1824 ὅ
1456 1781 1498 1823 δ’
1515 1779 1721 1824 Ἀπόκαυ-

245 1867 339 1904 κος,
377 1848 622 1908 πειρώμενος
639 1851 736 1906 μὲν,
771 1850 819 1894 οὗ
840 1849 1066 1905 δυνάμενος
1087 1852 1131 1894 δὲ
1149 1855 1339 1893 καθελεῖν
1357 1850 1717 1906 Καντακουζηνόν,

245 1961 349 1997 bunt:
373 1959 540 2004 reliquum
567 1964 639 2001 est,
664 1963 703 1996 ut
726 1960 910 1995 liberorum
931 1963 1123 1995 nostrorum
1153 1959 1346 1995 coniunctio
1376 1960 1479 1994 factis
1504 1959 1720 2005 sponsalibus

245 2006 466 2042 sanciatur.''
514 2007 602 2041 Post
618 2008 703 2042 haec
722 2007 820 2042 finito
843 2007 1013 2052 colloquio
1038 2007 1171 2042 dimissi
1200 2010 1279 2040 sunt
1300 2007 1325 2040 ii
1349 2007 1409 2052 qui
1433 2013 1676 2043 convenerant.

338 2051 373 2088 4.
399 2054 445 2087 At
463 2054 667 2098 Apocaucus
685 2065 760 2089 cum
786 2055 987 2099 patriarcha
1006 2054 1049 2088 ad
1068 2056 1259 2098 Augustam
1286 2053 1446 2098 privatim
1476 2054 1609 2088 accedit
1639 2065 1721 2099 per-

245 2099 459 2145 suadetque,
478 2105 517 2134 ut
536 2101 620 2135 nihil
641 2112 755 2135 eorum
775 2112 863 2146 quae
885 2112 904 2135 a
924 2100 1166 2135 Cantacuzeno
1188 2099 1282 2134 dicta
1305 2100 1375 2135 sint
1394 2100 1530 2140 audiat,
1555 2099 1722 2146 simulque

243 2151 285 2180 ut
309 2146 342 2180 ei
368 2157 480 2180 rerum
509 2147 803 2193 administratione
827 2159 971 2192 prorsus
1006 2147 1202 2181 interdicat.
1272 2147 1351 2182 Nec
1378 2147 1468 2181 enim
1490 2147 1549 2182 illo
1576 2147 1721 2192 amplius

244 2203 332 2238 opus
355 2204 451 2233 esse3
481 2194 755 2239 quandoquidem
777 2193 977 2239 imperatrix
1003 2193 1081 2239 ipsa
1101 2205 1176 2228 cum
1203 2192 1273 2227 filio
1296 2197 1414 2238 posset
1435 2205 1547 2228 rerum
1568 2197 1722 2228 tractare

243 2239 496 2284 gubernacula,
520 2240 653 2285 collega
672 2252 714 2275 ac
733 2241 915 2275 defensore
931 2240 1129 2286 patriarcha
1141 2266 1151 2284 ,
1176 2240 1231 2274 eui
1251 2240 1361 2274 tutela
1378 2239 1578 2286 iampridem
1597 2240 1640 2274 ab
1658 2240 1722 2274 im-

243 2291 408 2331 peratore
440 2285 555 2320 delata
580 2287 715 2321 fuisset.
768 2287 866 2321 Haec
895 2298 969 2322 cum
982 2287 1124 2321 -diceret
1148 2298 1188 2321 ac
1208 2286 1450 2332 persuaderet,
1475 2297 1543 2320 non
1560 2286 1723 2321 declara-

243 2332 306 2366 bat
325 2343 412 2378 quae
431 2336 467 2366 et
487 2337 570 2377 quot
584 2332 744 2368 immania
760 2332 795 2367 in
817 2333 926 2368 animo
943 2333 1085 2367 consilia
1101 2333 1229 2374 aleret,
1254 2332 1353 2378 quasi
1374 2333 1410 2366 in
1431 2333 1518 2367 silva
1533 2333 1639 2367 feras.
1672 2332 1722 2366 Iis

243 2381 359 2413 tamen
387 2378 448 2424 qui
480 2378 764 2423 intelligentiores
794 2385 894 2414 erant
924 2379 1155 2414 inconstantia
1182 2379 1240 2414 illa
1265 2379 1300 2413 in
1321 2378 1422 2413 dictis
1450 2384 1555 2424 atque
1581 2379 1616 2413 in
1637 2389 1722 2424 per-

245 2435 330 2459 sona
348 2425 528 2460 retinenda
551 2426 776 2461 adumbrabat
797 2427 916 2461 saltem
942 2430 979 2461 et
996 2426 1120 2460 leviter
1136 2426 1361 2471 designabat,
1386 2437 1471 2470 quas
1489 2425 1548 2460 ille
1566 2425 1722 2459 Romano

244 2471 388 2517 imperio
403 2476 627 2517 tempestates
643 2472 802 2508 illaturus
816 2472 920 2515 foret,
938 2472 998 2507 ubi
1016 2475 1137 2507 nactus
1156 2478 1248 2507 esset
1265 2476 1482 2517 potestatem.
1507 2471 1722 2516 (11.)Quan-

244 2519 316 2552 tum
344 2517 430 2553 enim
453 2518 583 2564 ubiq'ue
605 2523 743 2564 poterat
761 2519 1044 2561 Cantacuzenus,
1065 2523 1195 2554 tantum
1221 2520 1404 2564 Apocauco
1433 2519 1555 2552 deerat
1581 2517 1721 2552 virium:

245 2566 478 2611 quantumque
500 2565 704 2610 Apocaucus
737 2565 780 2600 ad
808 2566 959 2620 pessima
986 2576 1145 2620 quaeque
1171 2570 1258 2620 ‘erat
1280 2564 1466 2619 proefivis,
1498 2567 1630 2618 tantum
1659 2564 1722 2598 ab-

247 2614 324 2645 erat
340 2609 605 2646 Cantacuzenus
632 2613 675 2647 ab
693 2611 765 2646 ulla
786 2624 823 2647 v1
839 2611 1096 2653 inserendam,
1121 2623 1182 2657 qui
1206 2622 1336 2646 manum
1352 2622 1388 2644 ln
1410 2622 1522 2656 ipsum
1538 2610 1722 2645 x‘lolentam

251 2661 452 2691 armassent.
498 2657 586 2693 Cum
606 2658 692 2694 enim
710 2658 772 2693 isti
795 2658 990 2693 facillimum
1006 2663 1099 2693 esset
1116 2657 1287 2692 manifesti
1308 2656 1448 2691 sceleris
1465 2656 1642 2691 convictos
1659 2667 1722 2702 op-

249 2703 419 2750 primere,
444 2709 481 2739 et
499 2703 743 2750 imperatoriae
765 2704 947 2750 dignitatis
964 2703 1114 2749 insignia
1134 2704 1225 2738 nullo
1244 2703 1362 2737 labore
1379 2714 1564 2748 usurpare,
1588 2702 1625 2736 id
1645 2703 1723 2748 qui-

249 2750 326 2785 dem
342 2750 460 2786 facere
477 2751 604 2786 noluit:
627 2752 688 2786 sed
707 2763 820 2787 eorum
838 2752 1010 2796 ingratum
1031 2750 1176 2785 animum
1204 2750 1423 2784 vehementer
1445 2749 1630 2794 admiratus
1658 2749 1722 2784 do-

249 2796 296 2832 mi
314 2808 352 2832 se
369 2797 560 2840 continuit,
582 2798 758 2844 alteroque
776 2801 837 2833 aut
859 2797 965 2832 tertio
992 2796 1123 2831 demum
1145 2796 1202 2831 die
1222 2796 1392 2831 silentium
1411 2795 1518 2841 rupit.
1563 2797 1723 2841 Apocau-

250 2854 313 2879 cus
329 2855 434 2887 vero,
456 2849 599 2881 conatus
623 2845 780 2892 quidem,
811 2844 876 2880 sed
900 2844 1048 2887 frustra,
1080 2843 1358 2878 Cantacuzenum
1382 2841 1427 2877 de
1451 2841 1562 2878 medio
1586 2841 1721 2883 tollere,
