1754 3164
478 135 725 176 NOMINUM
755 137 822 178 E'r
853 139 1156 182 VERBORUM.

89 235 238 271 retinet:
272 248 405 272 annuus
428 237 563 273 reditus
586 239 619 274 ei
642 239 800 285 assigna-

88 288 145 317 tus
168 283 249 325 428,
276 285 331 319 15.
367 291 517 330 utroque
540 287 637 321 oculo
663 293 798 332 captus,

86 328 242 364 omnibus
272 330 423 365 ludibrio
456 336 510 365 est
532 331 616 375 431,
643 334 697 368 14.
727 334 798 379 Sy-

87 376 221 411 nadeno
245 376 399 412 instante
427 378 579 413 habitum
609 386 645 414 et
674 391 796 415 nomeu

87 422 218 457 invitus
239 429 351 458 mutat
373 423 455 466 441,
480 426 538 460 20.
572 425 687 460 dictus
722 430 795 460 Au-

84 470 201 504 iom‘us
224 470 413 504 Monachus
435 471 516 512 442,
548 473 583 507 5.
617 472 701 515 444,
738 475 793 508 12.

84 515 167 557 446,
190 517 227 551 5.
249 528 346 551 suam
370 522 497 551 sortem
518 517 646 553 deflet:
671 519 707 553 in
729 531 793 565 pa-

82 561 271 597 triarcham
293 563 469 598 invehitur
491 563 572 607 443,
590 567 625 600 2.
650 566 695 600 ad
720 566 793 600 eius

82 609 302 654 interrogata
323 610 409 644 nihil
433 613 622 656 respondet
633 611 715 653 444,
735 613 793 648 15.

83 656 130 690 de
172 655 247 690 eius
280 657 418 692 nomine
449 657 486 691 in
519 658 669 693 ecclesia
698 670 791 693 com-

81 702 300 737 memorando
331 703 415 749 quid
448 704 650 748 patriarcba
674 705 794 740 decre·

81 748 174 803 verit
206 749 288 789 442,
328 752 382 786 15.
423 751 505 791 446,
539 752 574 787 3.
614 752 792 797 Synadeni

80 807 181 831 mlms
222 796 387 838 territus,
431 797 612 842 imperium
654 798 788 833 eiurat:

81 843 245 888 scriptam
267 843 446 877 formulam
470 850 509 877 ut
529 844 792 889 consignaverit

79 888 167 923 ibid.
192 896 275 934 pota
283 901 373 935 aqua
384 890 524 935 frigida,
543 891 659 925 subito
669 892 788 926 morbo

79 936 287 981 corripitur:
319 945 466 982 peccata
490 937 652 983 precibus
676 943 713 972 et
737 938 790 972 la-

78 984 206 1027 crjmis
230 982 368 1029 expiat:
393 983 503 1018 sacris
527 983 704 1027 mysteriis
726 983 789 1019 de-

77 1030 247 1070 stitutus,
291 1029 466 1076 Deiparae
508 1029 691 1075 imaginem
734 1029 789 1064 ori

76 1087 140 1110 suo
152 1075 326 1111 admovit:
344 1077 500 1123 exspirat
510 1077 591 1118 462,
606 1077 658 1112 15.
671 1083 787 1111 osteu-

75 1127 135 1165 ta,
178 1134 269 1168 quae
309 1122 382 1158 eius
416 1122 547 1157 obitum
582 1135 787 1168 praecesse-

74 1173 157 1204 runt
186 1171 268 1214 460,
300 1169 337 1205 4.
367 1181 494 1214 corpus
526 1168 603 1203 eius
635 1181 786 1214 quonam

74 1216 265 1262 perlatum:
302 1215 398 1251 iusta
422 1216 468 1250 de
490 1227 584 1250 more
606 1216 787 1260 persoluta

73 1263 157 1305 463,
178 1265 233 1299 17.
255 1267 375 1304 aetas,
398 1263 531 1304 forma,
564 1273 675 1296 mores
701 1262 783 1304 472,

74 1312 132 1346 18.
151 1310 188 1344 in
199 1320 329 1344 summa
340 1308 675 1353 inopialiberalitas‚
696 1308 783 1342 duo-

72 1358 138 1392 bus
165 1355 330 1402 exemplis
361 1355 537 1389 declarata
561 1357 644 1397 473,
660 1357 694 1390 6.
724 1367 783 1390 aes

73 1403 220 1439 alienum
239 1407 323 1448 post
339 1401 413 1436 eius
442 1407 586 1436 mortem
607 1407 783 1447 repertum

70 1449 154 1491 474,
176 1452 209 1485 8.
235 1448 317 1483 anni
341 1449 457 1488 vitae,
491 1448 639 1493 imperii,
664 1459 783 1482 mona-

71 1498 197 1531 chatus
215 1494 297 1537 143,
313 1496 369 1530 20.
396 1493 498 1538 1244,
520 1496 575 1530 19.
601 1495 782 1528 clementia

69 1546 153 1587 201,
180 1543 235 1579 16.
270 1553 365 1576 amor
392 1552 479 1585 erga
506 1545 667 1586 nepotem
700 1541 781 1582 232,

69 1592 130 1627 20.
159 1587 337 1623 invectiva
362 1587 398 1621 in
423 1587 608 1621 historicos
637 1587 781 1621 maledi·

69 1649 132 1671 cos
151 1640 187 1670 et
211 1635 394 1670 mendaces
411 1635 447 1675 3,
481 1636 512 1669 1.
537 1640 687 1667 statuam
709 1634 781 1668 Mi-

70 1683 200 1718 chaelis
229 1680 485 1726 Archistrategi
523 1681 692 1714 deiectam
721 1692 780 1714 re-

69 1729 188 1764 stituit
214 1729 297 1770 202,
329 1730 385 1763 10.
422 1732 553 1771 partem
582 1726 779 1761 Thessalici

69 1776 286 1822 principatus
306 1773 495 1819 acquisivit
511 1775 591 1815 278,
613 1775 668 1809 16.
691 1773 778 1807 mul-

68 1830 181 1858 tarum
217 1820 350 1856 urbium
383 1827 420 1854 et
450 1820 486 1854 in
509 1820 653 1864 Europa
677 1824 714 1853 et
738 1820 777 1854 in

67 1870 154 1905 Asia
180 1868 337 1904 conditor
357 1866 438 1911 469,
461 1869 517 1903 16.
543 1866 708 1912 Byzantii
724 1866 777 1900 in-

68 1921 245 1950 staurator
260 1914 345 1948 ibid.

21 1962 210 1998 Andronici
243 1960 402 1997 Senioris
438 1970 524 1994 uxor
566 1958 695 2004 prima,
732 1969 776 1992 ex

67 2008 245 2054 Huugaris
260 2007 416 2042 oriunda.
464 2005 555 2039 Vide
573 2007 687 2039 Arma.
752 2008 759 2012 ”

20 2056 240 2092 Andronicus
258 2054 377 2088 Iunior
397 2063 536 2087 uxorem
554 2051 681 2097 accipit
699 2051 774 2085 Ire-

66 2114 135 2138 nen
155 2102 372 2137 Alemannam
391 2099 482 2142 277,
506 2100 561 2134 17.
594 2110 659 2132 avo
686 2097 775 2131 dile-

65 2156 161 2185 ctus:
185 2148 278 2194 apud
295 2148 407 2193 ipsum
426 2145 593 2180 educatus
612 2145 694 2185 283,
717 2145 774 2180 13.

65 2208 199 2238 mores,
242 2193 412 2234 consilia,
457 2191 599 2226 ambitio
625 2189 707 2231 284,
740 2195 771 2228 1.

65 2242 281 2279 meretricem
325 2247 436 2275 amat:
486 2238 589 2272 rivali
631 2235 774 2271 insidias

65 2290 190 2325 struit:
214 2287 357 2324 Manuel
374 2287 485 2320 frater
506 2296 570 2330 pro
590 2283 692 2318 rivali
713 2294 774 2317 oc-

65 2336 195 2371 ciditur
213 2335 296 2376 285,
327 2335 383 2370 12.
406 2330 623 2366 Andronicus
641 2330 772 2363 Catha-

65 2382 97 2417 ri
114 2382 210 2417 nothi
227 2381 320 2427 apud
336 2390 438 2414 avum
455 2378 571 2422 gratia
586 2376 772 2410 offenditur

63 2427 147 2471 294,
172 2430 231 2464 20.
266 2429 394 2461 irarum
419 2436 523 2459 causa
543 2424 666 2457 iustior
688 2422 772 2464 293,

66 2479 122 2511 11.
147 2474 377 2509 desectionem
397 2471 601 2505 meditatur:
635 2468 771 2503 consul-

64 2526 119 2557 tat
134 2532 208 2556 cum
225 2519 422 2567 Syrgianne
437 2519 520 2558 298,
538 2518 595 2552 21.
618 2520 770 2550 armatus

63 2571 215 2602 armatos
225 2578 341 2602 secum
350 2564 504 2606 adducit,
528 2574 663 2597 causam
675 2560 769 2606 apud

63 2625 165 2649 avum
185 2613 358 2647 dicturus:
392 2612 437 2646 ab
462 2622 526 2644 avo
546 2610 768 2652 obiurgatur:

62 2659 299 2694 iusiurandum
320 2659 381 2692 dat
400 2663 438 2691 et
461 2656 589 2701 accipit
610 2656 691 2696 315,
713 2654 769 2689 13.

64 2718 129 2752 pro
150 2704 360 2746 coniuratis,
390 2702 548 2749 proditos
565 2714 603 2736 se
622 2711 769 2746 queren-

62 2753 176 2794 tibus,
199 2750 388 2787 intercedit
406 2749 497 2795 apud
523 2749 769 2793 Logothetam:

63 2799 221 2844 graviter
250 2799 453 2844 increpatur
480 2797 561 2838 313,
593 2797 649 2832 18.
680 2791 771 2828 redit

1466 137 1597 185 1327

893 243 939 278 ad
954 243 1073 288 priora
1091 236 1236 278 co'nsilia
1249 242 1501 291 314‚20.sugit
1513 248 1596 290 315,

894 292 949 326 19.
969 289 1144 335 legatitad
1164 301 1239 325 eum
1256 291 1350 325 missi
1368 292 1412 326 ab
1430 304 1495 327 avo
1512 294 1593 337 320,

889 337 923 371 7.
949 343 1052 380 pacta
1070 348 1146 371 cum
1164 348 1230 370 avo
1249 338 1332 379 321,
1349 339 1382 373 1.
1408 351 1486 374 cum
1502 339 1595 374 Can-

888 388 1055 417 tacuzeno
1093 382 1388 419 coniunctissimus
1421 386 1505 428 351,
1538 388 1593 422 18.

888 441 997 474 prope
1033 430 1151 463 urbem
1179 437 1294 464 castra
1324 430 1444 476 ponit,
1475 432 1596 467 audita

887 476 1096 521 Syr-giannis
1119 476 1322 510 excursione
1340 478 1484 512 territus
1501 479 1594 524 fugit

885 522 968 563 353,
987 524 1045 558 20.
1069 522 1290 567 Synadenum
1318 524 1509 569 Syrgianni
1527 537 1592 571 op-

885 569 1004 614 ponit:
1030 569 1218 615 Despotam
1237 569 1362 604 edictis
1380 575 1510 605 terret:
1531 583 1590 607 ru-

884 627 996 650 mores
1023 616 1161 660 spargit
1181 616 1227 650 de
1250 616 1309 650 avi
1327 629 1430 651 nece:
1453 616 1591 663 Despo-

886 667 957 696 tam
984 662 1158 707 captivum
1181 673 1328 707 corpore
1350 675 1412 697 suo
1436 665 1591 708 protegit

883 709 966 749 356,
993 711 1025 744 6.
1059 708 1154 754 pacis
1179 709 1345 754 cupidus,
1380 721 1455 744 cum
1479 717 1590 745 matre

884 754 1055 789 deliberat
1080 756 1161 796 359,
1190 758 1222 790 1.
1247 755 1453 800 colloquitur
1478 763 1514 791 et
1530 768 1589 791 re-

884 801 1087 835 conciliatur
1107 813 1181 835 cum
1201 813 1267 835 avo
1287 803 1369 844 359,
1389 806 1423 837 4.
1446 814 1587 838 corona-

882 853 940 882 tur
966 849 1047 889 373,
1076 847 1131 883 14.
1162 854 1294 882 mortua
1312 848 1415 882 Irene
1430 848 1587 884 Aleman-

881 906 947 935 na,
987 896 1120 928 Annam
1153 894 1415 939 Longobardam
1446 907 1585 931 uxorem

880 940 979 974 ducit
1000 942 1082 981 383,
1106 942 1165 977 23.
1196 953 1272 975 cum
1295 941 1423 975 Turcis
1441 943 1584 977 naufra-

880 988 935 1032 gis
971 986 1007 1020 in
1032 986 1251 1021 Chersoneso
1289 999 1442 1032 pugnans
1465 988 1585 1022 vulne-

880 1038 980 1067 ratur
1007 1032 1088 1074 384,
1112 1035 1147 1068 3.
1174 1034 1247 1067 eius
1278 1034 1385 1068 factio
1408 1033 1585 1069 Senior-em

879 1080 1001 1114 tollere
1021 1092 1040 1114 e
1052 1080 1165 1114 medio
1186 1079 1309 1114 statuit
1324 1081 1405 1121 390,
1418 1084 1452 1116 1.
1467 1081 1584 1115 iunior

879 1126 1018 1160 Seniori
1059 1126 1263 1160 insidiatur:
1308 1127 1484 1171 pecuniam
1520 1139 1584 1172 per

879 1172 945 1207 vim
968 1183 989 1205 a
1018 1172 1209 1218 publicanis
1236 1172 1374 1206 aufert:
1408 1173 1584 1208 Thraciae

877 1219 984 1253 urbes
1030 1219 1095 1252 sibi
1137 1219 1330 1263 mancipat:
1378 1219 1582 1263 Byzantium

875 1264 991 1300 multis
1037 1265 1279 1299 comitantibus
1323 1265 1582 1310 proficiscitur3

878 1323 946 1357 quo
982 1316 1164 1356 praetextu
1186 1312 1268 1353 392,
1305 1313 1338 1346 6.
1371 1311 1580 1346 excluditur:

874 1357 1049 1392 variorum
1058 1357 1236 1392 criminum
1247 1363 1429 1391 accusatur
1438 1358 1482 1391 ab
1494 1370 1558 1392 avo
1569 1370 1579 1391 ε

874 1404 911 1438 in
937 1404 1064 1449 quibus
1095 1403 1226 1438 amicae
1255 1403 1448 1438 Cralaenae
1474 1404 1579 1449 pudi-

874 1450 959 1485 citia
972 1455 1144 1484 attentata
1153 1449 1236 1491 394,
1252 1449 1286 1485 5.
1308 1449 1454 1483 omnium
1474 1450 1579 1484 animi

872 1498 910 1531 in
931 1508 1004 1530 eum
1025 1496 1265 1542 propensiores
1279 1497 1361 1535 395,
1373 1498 1427 1531 18.
1440 1496 1578 1541 magni-

873 1543 951 1577 ficis
970 1543 1147 1587 promissis
1173 1541 1296 1575 multos
1310 1541 1378 1576 sibi
1404 1541 1575 1576 devincit:

870 1589 963 1635 petit
990 1594 1028 1623 ut
1056 1589 1124 1623 sibi
1157 1588 1261 1622 liceat
1291 1588 1499 1632 Byzantium
1519 1589 1575 1622 in-

872 1635 994 1681 gredi3
1026 1641 1086 1669 aut
1110 1640 1148 1668 ut
1167 1634 1281 1668 idonei
1299 1634 1501 1668 internuntii
1528 1634 1574 1668 ad

872 1694 910 1716 se
927 1682 1125 1715 mittantur:
1149 1680 1328 1714 mittuntur
1354 1691 1398 1714 ex
1417 1680 1573 1714 omnibus

871 1727 1048 1762 ordinibus
1075 1727 1200 1762 delecti
1222 1726 1303 1768 397,
1330 1728 1387 1761 17.
1417 1726 1574 1760 oratione

870 1774 1061 1809 artificiosa
1089 1786 1128 1808 se
1146 1773 1257 1818 ipsum
1281 1773 1374 1817 apud
1394 1784 1454 1806 eos
1479 1783 1572 1806 com-

868 1821 1025 1856 mendat:
1061 1832 1160 1854 avum
1191 1819 1399 1852 insectatur:
1436 1829 1573 1852 causam

869 1867 1064 1902 rebellionis
1097 1865 1306 1912 probabilem
1332 1865 1456 1898 affert:
1498 1865 1573 1898 cri-

867 1913 958 1949 mina
982 1913 1119 1947 obiecta
1152 1911 1274 1946 diluit:
1308 1910 1480 1956 postulata
1506 1921 1571 1944 sua

870 1960 1011 2006 exponit
1028 1961 1110 2001 398,
1132 1959 1187 1994 13.
1206 1958 1279 1991 eius
1299 1956 1479 1991 blanditiis
1491 1968 1571 1990 cor-

869 2006 966 2052 rupti
977 2005 1179 2040 internuntii
1186 2002 1391 2048 Byzantium
1402 2003 1546 2036 redeunt
1557 2015 1568 2036 :

868 2053 902 2088 ei
924 2053 1017 2098 apud
1038 2063 1153 2086 omnes
1174 2054 1295 2094 aperte
1313 2048 1570 2094 patrocinantur

866 2099 948 2140 402,
976 2101 1034 2134 20.
1059 2098 1104 2133 ad
1131 2097 1227 2131 urbis
1256 2095 1390 2130 moenia
1415 2093 1567 2128 accedit:

868 2147 913 2180 ab
928 2147 1083 2190 ingressu
1092 2142 1332 2179 contumeliose
1342 2145 1478 2176 arcetur
1488 2139 1569 2180 407,

866 2193 926 2228 23.
961 2191 1097 2238 quidam
1135 2201 1179 2224 ex
1215 2188 1340 2235 populo
1369 2197 1507 2232 operam
1531 2185 1568 2219 ei

867 2250 963 2273 suam
972 2237 1172 2284 promittunt
1180 2248 1191 2270 ε
1215 2234 1373 2269 navicula
1383 2242 1567 2268 conscensa

866 2284 983 2319 aditus
1011 2294 1127 2319 omnes
1154 2281 1328 2326 vestigat:
1369 2291 1410 2314 re
1433 2278 1565 2312 infecta

864 2331 1017 2366 discedit
1041 2329 1123 2371 408,
1146 2332 1202 2365 10.
1230 2339 1252 2362 a
1276 2323 1564 2360 Thessalonicen-

865 2377 964 2412 sibus
1004 2376 1090 2411 clam
1118 2380 1298 2413 evocatus,
1327 2373 1562 2405 protostrato-

863 2435 936 2458 rem
953 2421 1123 2468 Byzantio
1134 2419 1289 2455 insidiari
1307 2417 1422 2451 iubet:
1436 2415 1562 2469 ‘Thes-

864 2469 1070 2511 salonicam,
1112 2464 1319 2502 adversariis
1362 2460 1562 2515 dissidenti-

862 2517 950 2557 bus,
987 2519 1067 2550 astu
1093 2516 1255 2558 occupat:
1296 2519 1406 2542 arcem
1434 2518 1470 2539 vl
1499 2517 1560 2539 ex-

862 2566 996 2608 pugnat
1018 2562 1100 2602 409‚
1126 2562 1159 2596 6,
1201 2554 1374 2591 Demetrio
1413 2558 1448 2586 et
1482 2551 1558 2586 aliis

862 2608 1009 2643 ducibus
1039 2606 1142 2642 foede
1173 2600 1369 2646 dissipatis,
1412 2598 1559 2652 Qerrhas

861 2656 900 2689 in
917 2654 1123 2688 deditionem
1147 2649 1288 2694 accipit:
1313 2650 1458 2680 caeteris
1481 2644 1558 2696 nla-

863 2700 1029 2736 oedoniae
1064 2698 1227 2735 urbibus,
1249 2693 1329 2727 item
1346 2691 1558 2725 adversario-

862 2758 936 2782 rum
961 2746 1100 2786 liberis,
1131 2741 1292 2777 uxoribus
1305 2765 1314 2777 ,
1348 2740 1383 2771 et
1403 2735 1481 2770 aliis
1501 2746 1558 2768 re-

861 2794 927 2828 bus
943 2792 1074 2839 potitur
1091 2788 1179 2831 410,
1204 2788 1258 2823 17.
1284 2783 1482 2819 Praefectos
1498 2792 1557 2815 ur-
