1754 3164
492 159 737 200 NOMINUM
766 163 832 202 ET
862 163 1158 207 VERBORUM.

97 259 260 296 oriundus
284 262 364 302 238,
389 262 444 298 21.
478 261 591 297 Flavii
616 274 801 308 cognomen

96 307 186 341 unde
211 308 388 353 acceperit
410 311 493 351 238,
513 310 571 345 23.

49 351 168 395 Irene,
192 354 263 388 filia
287 355 467 390 Theodori
491 355 670 398 Lascaris3
697 356 799 391 Ioan-

94 401 146 435 nis
169 401 287 435 Ducne
310 413 396 436 uxor
417 401 476 444 24,
501 403 535 438 3.
559 406 668 436 mater
682 402 799 437 Theo-

94 446 190 480 dori:
226 459 269 482 ex
294 459 382 492 equo
406 448 503 494 lapsa
525 448 649 483 desinit
671 448 797 484 liberos

93 504 239 539 parere:
263 494 507 539 rempublicam
526 495 706 539 praeclare
723 507 797 531 cum

92 539 216 574 marito
241 540 454 575 administrat
476 541 541 583 44,
570 543 603 576 7.
635 542 796 587 templum

93 586 230 621 Ioannis
270 587 453 632 Baptistae
485 587 520 622 in
559 588 644 622 urbe
685 589 798 624 Prusa

93 632 256 667 aedificat
290 633 357 675 44,
395 636 451 671 15.
483 633 627 669 moritur
660 633 728 678 45,
761 634 795 670 4.

92 678 182 713 Vide
205 685 242 714 et
264 682 322 722 92,
349 681 381 730 1:

45 724 170 768 Irene,
204 726 285 760 avia
325 729 480 769 materna
511 725 691 762 Michaelis
724 727 796 762 Pa-

90 772 265 817 laeologi;
307 773 379 807 filia
419 773 648 819 primogenita
683 774 794 809 Alexii

90 817 255 854 Comneni
285 818 522 862 imperatoris3
563 831 650 855 uxor
681 821 795 855 Alexii

89 864 291 910 Palaeologi
313 866 371 907 69,
396 866 428 900 2.

42 910 166 954 Irene,
201 911 380 947 Theodori
401 911 563 947 Lascaris
586 911 727 947 iunioris
751 913 794 947 fi-

86 958 155 1000 lia,
188 958 317 993 Comiti
341 957 587 1003 Vigintixniliae
619 959 795 994 Genuensi

88 1005 320 1052 despondetur
342 1007 401 1046 93,
425 1006 460 1042 2.

40 1055 162 1094 Irene,
185 1051 363 1086 Michaelis
388 1050 588 1096 Palaeologi
611 1051 704 1094 filia,
729 1051 791 1087 de-

87 1098 273 1146 spondetur
296 1097 418 1133 Ioanni
438 1098 542 1132 Asani
567 1099 645 1140 132,
672 1100 728 1135 11.

40 1149 155 1188 Irene,
180 1144 330 1180 eiusdem
354 1144 555 1188 Palaeologi
576 1144 648 1178 filia
671 1146 790 1187 notha,

87 1194 214 1237 Nogae
237 1191 392 1237 Scythae
414 1195 527 1236 nupta
551 1189 629 1228 149.
652 1193 706 1226 17.

40 1241 141 1276 Irene
165 1237 465 1283 (Longobardica)
481 1236 596 1282 neptis
614 1236 791 1271 Mart-hio-

84 1287 136 1322 nis
159 1283 423 1326 Montisferrati,
447 1283 710 1318 Thessalonicae
731 1295 789 1318 re-

85 1333 156 1380 gis:
180 1329 379 1366 Andronico
402 1329 531 1364 seniori
555 1330 674 1370 nubit,
706 1334 789 1364 nata

84 1391 190 1416 annos
221 1376 400 1412 undecim:
435 1376 507 1410 eius
538 1376 687 1411 mulieris
717 1376 789 1410 elo*

84 1427 178 1473 gium
202 1426 283 1465 168,
305 1424 340 1459 3.
367 1421 560 1469 privignum
584 1422 788 1457 Michaelem

84 1483 205 1514 exosa,
228 1470 354 1504 liberos
375 1480 455 1503 suos
467 1473 613 1503 conatur
631 1469 665 1503 ei
683 1480 788 1502 exae-

84 1530 195 1566 quare
216 1518 298 1559 233,
322 1514 377 1551 14.
409 1515 566 1549 maritum
582 1540 593 1557 ,
627 1514 788 1560 petitioni

83 1577 167 1601 snae
195 1563 451 1607 refragantem,
484 1561 665 1596 ulciscitur
687 1561 787 1595 fasti-

84 1611 166 1646 diis:
192 1609 283 1645 unde
306 1607 478 1642 dissidium
501 1605 582 1648 234,
601 1609 655 1643 16.
673 1607 786 1641 Thes-

83 1657 268 1694 salonicam
291 1654 441 1689 seceditt
475 1654 633 1688 maritum
663 1653 786 1688 tradu-

83 1705 132 1740 cit
143 1704 224 1744 235,
245 1705 301 1738 16.
319 1700 390 1735 filio
413 1710 473 1735 suo
494 1700 681 1735 Theodoro
698 1711 785 1734 uxo-

83 1763 156 1787 rem
180 1747 334 1795 quaerit=
371 1746 567 1781 conditione
600 1748 644 1794 ab
678 1747 785 1782 Athe-

82 1808 204 1833 narum
228 1796 316 1830 duce
339 1793 545 1839 repudiata,
581 1793 627 1828 ad
655 1793 786 1838 Spinu-

82 1844 151 1879 lam
174 1854 247 1877 sese
279 1840 476 1882 convertit3
507 1851 574 1873 non
608 1839 786 1875 admodum

82 1891 160 1937 ipsa
183 1899 312 1934 genere
334 1886 474 1922 illustris
497 1887 580 1928 237,
604 1888 637 1923 8.
667 1885 785 1921 Irenes

84 1948 171 1980 erga
193 1934 328 1970 Cralem
351 1945 512 1978 generum
535 1933 677 1979 profusa
699 1932 787 1967 libe·

83 1982 205 2020 talitas
234 1979 326 2022 241,
367 1982 421 2015 16.
455 1981 499 2014 ab
532 1991 573 2013 eo
607 1978 716 2023 exigit
748 1982 786 2014 ut

83 2039 311 2064 successorem
354 2026 427 2061 sibi»
456 2025 632 2071 designet,
675 2026 785 2070 primo

81 2074 293 2111 Demetrium
310 2097 323 2115 ,
380 2072 505 2108 deinde
552 2071 786 2114 Theodorum,

82 2120 267 2157 Simonidis
291 2120 416 2154 fratres
438 2118 530 2161 243,
557 2120 612 2154 13.
643 2120 786 2153 Aetolo-

84 2180 180 2211 rum,
205 2169 443 2209 Acarnanum,
477 2169 511 2199 et
533 2163 636 2210 Epiri
659 2164 786 2210 princi-

81 2226 162 2262 pem
184 2214 302 2248 facere
325 2212 433 2247 filium
457 2222 554 2246 suum
576 2212 703 2246 frustra
726 2223 787 2245 co-

83 2264 187 2296 natur
210 2258 290 2301 240,
316 2260 369 2296 15.
393 2259 554 2293 moritur:
579 2257 650 2292 eius
672 2257 787 2304 sepul-

82 2311 181 2343 tura:
206 2307 251 2341 de
261 2305 407 2341 eiusdem
415 2304 568 2352 pecuniis
580 2303 663 2349 quid
672 2309 786 2338 actum

83 2353 130 2389 sit
151 2354 234 2394 273,
257 2354 292 2390 5.
317 2352 406 2386 Vide
428 2356 465 2386 et
487 2349 569 2392 245,
591 2352 650 2386 22.

37 2400 160 2442 hene,
194 2398 267 2434 filia
289 2397 475 2434 Andronici
497 2396 641 2431 senioris
664 2396 784 2439 notha,

83 2444 205 2481 Ioanni
228 2445 349 2480 Ducae
370 2442 647 2480 Sebastocratori
677 2446 786 2489 nupta

84 2492 166 2535 249,
194 2492 250 2527 17.
272 2493 356 2535 278,
379 2493 436 2528 23.

37 2540 139 2575 Irene
172 2537 377 2581 Alemanna,
427 2535 625 2573 Andronico
660 2533 785 2570 iuniori

85 2584 204 2627 nubit,
227 2585 373 2620 moritur
397 2584 469 2620 sine
489 2582 606 2618 liberis
628 2582 708 2625 383,
725 2583 784 2618 23.

37 2632 140 2667 Irene
174 2632 292 2676 (quae
320 2636 358 2667 et
390 2630 576 2673 Eudocia)
618 2628 691 2663 filia
714 2629 782 2663 An-

85 2677 219 2712 dronici
234 2677 306 2712 iun.
317 2679 424 2713 notha
433 2689 446 2719 ς
468 2687 555 2712 uxor
562 2675 682 2711 Basilii
691 2675 784 2710 Tra·

84 2723 240 2770 pezuntis
263 2724 345 2770 imp.
368 2726 448 2766 678,
471 2725 530 2760 22.
555 2722 622 2757 viri
645 2733 708 2768 per
729 2721 784 2756 in·-

86 2769 187 2805 sidias
211 2769 440 2805 clandestinas
462 2768 586 2805 sublati
608 2772 785 2814 suspecta:

87 2828 129 2851 eo
166 2820 320 2860 mortuo,
371 2816 526 2864 pellicem
555 2814 784 2862 cognominem

1468 157 1598 206 1357

892 266 987 302 foras
1011 265 1105 302 eiicit
1128 265 1210 303 ibid.
1236 268 1272 302 et
1293 266 1374 310 536,
1397 267 1448 303 19.
1474 268 1597 314 legatis

893 312 937 347 ad
963 317 1095 358 patrem
1113 313 1339 348 Andronicum
1359 314 1463 349 semel
1480 323 1516 350 et
1530 315 1597 350 ite-

891 370 966 393 rum
990 359 1109 402 missis,
1142 360 1242 394 alium
1267 359 1330 394 sibi
1354 361 1509 396 maritum
1533 373 1595 407 pe-

889 404 956 439 tit:
981 405 1160 451 utriusque
1182 405 1362 451 legationis
1381 418 1494 442 morae
1513 408 1594 451 679,

890 452 923 488 3.
948 463 1064 487 rumor
1081 453 1125 487 de
1134 453 1249 487 Irenes
1267 463 1341 487 cum
1359 453 1488 498 Magno
1501 454 1594 489 Tra-

888 498 1048 543 pezuntis
1087 498 1280 533 Domestica
1320 500 1591 543 consuetudine3

888 544 1012 579 bellum
1045 544 1146 580 civile
1178 545 1306 580 excitat
1335 545 1428 590 apud
1453 547 1593 594 Trape-

889 591 1021 625 zuntios
1045 592 1126 633 551,
1149 593 1182 628 8.
1218 591 1308 626 Vide
1331 593 1500 627 Eudocia.

842 635 942 671 Irene
967 637 1238 682 (Cantacuzena
1260 639 1348 678 788,
1373 638 1434 683 9.)
1461 638 1592 673 Canta-

886 683 1009 719 cuzeni
1030 683 1112 729 imp.
1136 695 1243 718 uxor:
1260 683 1422 719 laudatur
1431 686 1512 727 625,
1531 689 1588 722 10.

886 731 975 772 629,
1007 732 1064 766 21.
1098 730 1272 775 egregiam
1304 730 1426 765 marito
1450 742 1590 776 operam

886 780 1011 811 navat:
1035 777 1164 811 fratres
1188 776 1221 810 ei
1248 777 1409 811 conciliat
1429 778 1510 818 625,
1533 779 1587 814 15.

886 822 1127 868 Didymoticho
1152 823 1351 868 praeficitur
1373 825 1454 866 626,
1478 825 1511 860 8.
1538 824 1589 858 ci-

886 869 986 904 baria
1019 873 1054 904 et
1086 869 1288 904 vestimenta
1321 869 1427 904 offert
1449 869 1588 906 Amurio

885 917 973 958 650,
996 918 1053 952 22.
1084 916 1142 951 hic
1172 927 1246 950 eam
1270 915 1413 960 coniuge
1446 916 1587 951 absente

885 965 1045 997 moestam
1069 967 1107 997 et
1129 962 1275 996 flebilem
1299 962 1430 996 solatur
1451 964 1532 1004 651,
1550 964 1584 998 9.

885 1009 986 1043 Irene
1010 1008 1222 1043 Matthaeum
1245 1008 1369 1048 filium,
1403 1020 1508 1043 novas
1530 1019 1585 1043 res

883 1054 1098 1095 molientem,
1131 1054 1225 1088 adit:
1261 1053 1478 1089 Orestiadem
1500 1055 1584 1089 clam

882 1100 1075 1146 ingreditur
1090 1102 1169 1142 805,
1187 1101 1220 1134 2.
1241 1100 1430 1135 orationem
1446 1101 1584 1145 longam

882 1146 975 1192 apud
996 1147 1100 1181 filium
1123 1147 1229 1180 habet
1252 1147 1332 1188 805,
1355 1147 1411 1181 23.
1443 1157 1583 1192 persua-

824 1196 834 1232 ’,
882 1193 965 1228 det:
987 1192 1191 1238 Byzantium
1213 1192 1327 1226 redit:
1362 1192 1426 1226 filii
1449 1192 1583 1227 Andro-

882 1238 954 1274 nici
976 1243 1118 1274 mortem
1142 1238 1238 1283 luget
1261 1240 1350 1281 813,
1375 1237 1409 1274 4.
1443 1239 1583 1283 Grego-

882 1297 943 1320 rae
986 1285 1243 1332 patrocinatur3
1306 1284 1352 1320 ad
1392 1284 1582 1319 Galataeo-

880 1343 954 1367 rum
997 1331 1170 1377 postulata
1199 1331 1384 1376 respondet
1423 1329 1503 1372 846,
1549 1334 1579 1366 1.

879 1377 1034 1412 Manueli
1064 1377 1136 1411 filio
1167 1377 1289 1412 bellum
1317 1377 1403 1412 foris
1434 1376 1580 1411 admini-

878 1424 1051 1459 strandum
1075 1423 1254 1458 committit
1277 1422 1365 1465 849,
1389 1425 1422 1458 8.
1455 1423 1579 1458 bellum

832 1481 957 1551 1132?
969 1470 1477 1561 <¹225311112222228fzfi'a302·2..
1500 1526 1578 1549 ca..

878 1573 988 1597 cerem
1007 1561 1155 1596 coniecti
1172 1562 1216 1596 ab
1236 1560 1430 1596 Andronico
1444 1560 1577 1595 iuniore

877 1607 958 1651 624,
981 1610 1038 1645 23.
1089 1607 1178 1642 Vide
1209 1608 1355 1644 Ioannes
1388 1608 1506 1650 Aean,
1539 1612 1576 1642 et

877 1655 1023 1690 Manuel
1042 1654 1149 1689 Asan.

830 1700 930 1736 Isaac
951 1703 1078 1736 Asceta
1099 1700 1181 1742 962,
1207 1701 1261 1737 13.

830 1747 928 1783 Isaac
949 1747 1143 1792 Bogomilus
1164 1748 1243 1788 718,
1269 1747 1325 1782 12.

830 1793 939 1828 Isaias
962 1796 1043 1837 513,
1066 1795 1122 1830 23.
1147 1793 1226 1832 777.
1249 1794 1283 1828 2.
1306 1791 1388 1834 437,
1409 1793 1444 1828 8.
1469 1792 1572 1834 1056,

878 1842 933 1876 19.
960 1840 1060 1880 1124.
1087 1843 1118 1875 1.
1145 1841 1247 1882 1310,
1271 1841 1327 1875 32-
1354 1839 1456 1880 1315,
1478 1839 1538 1874 32.

830 1885 995 1930 Isidorus,
1020 1886 1274 1922 Monembasiae
1296 1885 1476 1931 episcopus
1501 1884 1573 1919 ele-

877 1938 968 1976 ctus,
1001 1933 1043 1968 fit
1064 1932 1283 1979 patriarcha,
1316 1931 1475 1966 Palamae
1498 1933 1572 1965 stu-

877 1979 934 2015 dio
959 1984 996 2015 et
1026 1991 1151 2025 opera:
1184 1978 1256 2012 eius
1287 1989 1372 2022 erga
1401 1977 1572 2021 Palamam

876 2027 998 2063 merita
1020 2027 1100 2068 786,
1114 2025 1147 2062 5.
1171 2023 1442 2059 anathematismi
1463 2022 1572 2056 unde-

878 2085 1014 2157 3131&un
1019 2073 1066 2156 1in
1084 2083 1158 2126 eum
1175 2072 1218 2106 ab
1227 2069 1442 2152 .orthodgx7i{
1443 2069 1572 2151 ἕοτὶῧί

1041 2145 1050 2154 .
1076 2130 1095 2153 e
1120 2129 1191 2153 lsco
1219 2129 1256 2151 os
1303 2128 1360 2151 um
1561 2139 1572 2148 .

877 2130 1132 2213 pron’untiatuib
1168 2129 1216 2198 ap
1227 2127 1356 2198 Ioaime
1390 2141 1573 2197 dece'ssore

879 2224 940 2249 nuo
974 2212 1011 2246 in
1044 2209 1359 2246 Cantacuzenianos
1395 2209 1572 2243 anathema.

877 2259 1042 2303 abrogat:
1064 2257 1170 2293 risum
1192 2260 1318 2298 movet,
1345 2255 1404 2301 qui
1426 2265 1503 2288 reus
1524 2252 1571 2286 sit

877 2309 915 2342 et
937 2305 1024 2340 alios
1046 2304 1202 2339 absolvat
1223 2304 1303 2344 792,
1326 2299 1359 2336 4.
1391 2300 1570 2346 episcopos

878 2350 978 2397 eligit
1009 2351 1114 2386 rudes
1151 2352 1186 2383 et
1217 2349 1372 2384 indoctos
1405 2347 1491 2387 793,
1532 2346 1566 2380 3.

875 2399 1048 2433 Palamam
1078 2394 1346 2431 Thessalonicae
1375 2391 1568 2436 episcopum

875 2443 1037 2486 ordinat,
1072 2446 1217 2478 conatur
1238 2441 1357 2475 Irenen
1381 2440 1568 2482 Augustam

877 2503 900 2527 a
916 2490 1082 2535 Gregora
1103 2488 1262 2528 alienare,
1287 2486 1464 2530 Gregorae
1486 2495 1569 2518 sua-

877 2537 938 2572 det
958 2540 997 2571 ut
1018 2535 1117 2571 sileat
1130 2560 1140 2577 ,
1174 2531 1296 2567 Isidori
1318 2531 1474 2565 Canones
1495 2530 1568 2574 igni

877 2584 1082 2619 damnantur
1102 2581 1191 2622 793,
1225 2581 1280 2614 10.
1318 2577 1406 2611 falsa
1428 2576 1568 2621 praedi-

875 2629 959 2672 ctio,
981 2626 1137 2669 tristitia,
1169 2625 1316 2666 morbus,
1349 2621 1462 2676 orfitus
1485 2623 1565 2664 870,

874 2678 908 2714 8.
939 2672 1207 2711 commemoratio
1236 2671 1272 2704 in
1295 2680 1403 2704 sacris
1426 2679 1489 2712 per
1511 2679 1567 2701 er-

875 2733 988 2758 rorem
1028 2720 1168 2756 omissa:
1222 2727 1320 2751 error
1357 2714 1566 2760 postmodum

877 2771 1051 2805 correctus
1074 2767 1152 2807 879,
1171 2765 1224 2801 13.
1245 2760 1400 2797 doctrina
1422 2760 1466 2794 de
1488 2760 1568 2795 sub-

878 2814 1006 2852 stantia
1025 2817 1059 2848 et
1076 2810 1277 2860 operatione
1292 2807 1408 2843 divina
1421 2806 1564 2849 827,15.
