1794 3172
347 121 666 172 HISTORIAE
691 121 1069 168 BYZANTINAE
1095 120 1256 169 XVIII.
1277 126 1318 170 6.
1459 115 1560 163 899

71 242 157 283 τῶν
185 235 336 294 ἕργων,
374 233 617 292 διλήμματα
643 231 699 278 τὰ
726 229 1018 291 φθεγγόμενα·
1053 233 1123 276 καὶ
1151 236 1241 283 πῶς
1276 231 1355 288 μὲν
1388 229 1464 276 οὗ·
1501 235 1560 292 τῷ
1583 243 1670 278 Ac.
1689 243 1780 281 1351

71 311 263 367 Παλαμᾷ
284 306 340 350 τὰ
369 305 443 349 ἴσα
476 304 609 349 πνέων
631 304 675 355 ἐξ
696 301 852 360 ἀρχῆς,
890 304 959 346 καὶ
987 300 1151 360 νύκτωρ
1180 303 1250 345 καὶ
1271 300 1379 358 μεθ’
1402 292 1783 375 ἦμέρανῙωξέἕοὲΨ

72 376 419 435 προύργιαιτέραν
439 380 524 419 τῶν
548 373 627 418 ἀνὰ
642 379 787 430 χεῖρας
803 370 1049 427 ποιούμενος
1079 372 1291 429 δημοσίων
1319 370 1400 428 τὴν
1429 371 1560 416 αὐτοῦ
1696 363 1705 373 ’

73 445 264 502 ὁμιλίαν,
297 447 366 490 καὶ
395 449 532 489 ταῦτα
560 440 813 501 συρῥοῖπτων
835 441 943 485 καθῗ
973 439 1093 498 ἡμῶν
1111 443 1180 485 καὶ
1207 439 1469 496 συσκευάζων
1492 443 1600 486 dl-F*

37 527 203 568 5κτυα,
241 515 368 571 κάμοὶ
389 517 561 571 λογικῶς
579 510 816 568 μαχόμενος
846 513 933 572 ἰδίᾳ
961 513 1030 555 καὶ
1060 512 1242 573 δημοσίᾳ
1267 509 1502 570 βιαιότερον
1529 511 1559 570 ἢ

71 584 170 629 κατ’
199 584 328 628 αὐτὸν
357 586 481 628 εἶπεΐν
506 586 751 637 Παλαμᾶνς
789 583 825 625 εἰ
852 576 926 624 οὖν
950 581 998 625 τὸ
1026 579 1226 639 ἡμέτερον
1255 580 1406 637 ἔβλεψε
1432 582 1562 639 μέρος

71 656 243 708 ἐκεῖνος,
281 649 317 715 ᾧ
336 654 413 711 τὴν
433 651 600 711 γνώμην
621 650 773 708 ἥκισθ’
790 648 1029 707 ὗπισχνοῖτο
1053 653 1388 708 προστίθεσθαι,
1416 650 1560 710 εὖῶρ-

70 741 169 780 κησε
195 724 296 779 μέν·
333 723 588 767 ἀπολωλέναι
612 723 655 766 δ’
678 720 794 777 ὅμως
810 721 992 779 πέπραχε
1016 721 1093 777 τὴν
1119 719 1270 764 ἑαυτοῦ
1301 721 1466 778 ψυχὴν,
1502 725 1561 774 εἰς

66 792 261 851 ἸΙρώδην
277 793 351 837 τὸν
373 791 501 837 πάλαι
524 793 602 849 τὴν
626 793 802 848 μίμησιν
821 790 1014 848 ἄντικρυς
1036 790 1283 848 ἀνενεγκών,
1322 790 1369 842 ὃς
1388 809 1556 850 προφη-
1578 798 1623 834 V.
1640 796 1712 836 458

15 877 60 912 ιο
72 861 269 907 τοκτόνου
290 861 515 921 πρόβλημα
535 864 681 913 κακίας
700 862 775 905 τὸν
794 860 918 919 ὅρκον
936 863 1167 917 πεποίηται.
1205 862 1241 904 εἶ
1262 862 1307 904 δὲ
1323 862 1427 919 πρὸς
1439 862 1560 906 οὐδ’ἑ-

71 950 191 990 τερον
217 933 382 989 βλέπειν
410 933 506 989 ἐνῆν
537 939 627 976 τοῒν
654 939 798 989 μεροῖν
828 931 907 987 τὴν
938 935 1013 974 τοῦ
1041 929 1168 989 ὅρκου
1198 928 1410 985 διάνοιαν,
1457 931 1555 975 ἀλλ’

69 1002 273 1060 ῗσόρῤοπα
295 1003 362 1046 ἐπ’
385 1002 543 1060 ἀμφοῖν
563 1002 616 1045 τὰ
639 1006 716 1058 τῆς
736 998 902 1058 γνώμης
922 1000 1121 1059 ε’κρεῖιιατο
1149 998 1358 1054 τάλαντα,
1396 1009 1484 1053 τοῖς
1508 1002 1551 1045 δ’
1574 1009 1617 1045 Ρ.
1638 1008 1710 1046 566

72 1072 387 1128 ὀμωμοσμένοις
415 1071 568 1128 ἥκισθ’
589 1071 765 1128 ὕστερον
796 1070 1021 1126 ἐνέμεινεν,
1060 1068 1119 1121 ὥς
1143 1070 1276 1128 ἔργοις
1304 1070 1451 1122 ἔδειξεν
1479 1072 1558 1116 αὖ-

69 1149 178 1194 τοῖς,
218 1139 481 1198 καπηλεύσας
516 1143 581 1184 ἐπὶ
617 1140 803 1199 θεάτρου
833 1137 1039 1184 τοσούτου
1075 1139 1154 1196 τὴν
1183 1142 1322 1196 δίκην,
1369 1141 1447 1192 τὰς
1482 1146 1559 1197 τῆς

15 1225 57 1261 15
70 1213 278 1268 ἐπιορκίας
300 1211 377 1255 οὐκ
408 1211 460 1255 ἄν
487 1229 586 1256 ποτε
616 1211 826 1267 λοιδορίας
855 1208 1047 1268 ἐκφύγοι,
1086 1208 1235 1254 ἑαυτὸν
1263 1211 1455 1268 ἐπίορκον
1476 1212 1555 1255 αῦ-

67 1282 266 1338 θαίρετον
282 1279 515 1339 πεπραχώς.
589 1280 678 1340 (Ε.)
710 1279 886 1323 Ἑαυτοῦ
911 1280 991 1337 γὰρ
1020 1280 1096 1336 τὴν
1122 1285 1198 1324 τοῦ
1219 1283 1411 1336 Παλαμᾶ
1440 1285 1554 1338 λογι-

68 1348 237 1405 ζόμενος
264 1345 420 1407 ἧτταν,
463 1350 592 1394 ἔπειτ’
628 1350 750 1404 ἰδὼν,
790 1348 847 1401 ὥς
876 1350 951 1393 οὐκ
982 1349 1109 1409 ᾤετο,
1147 1350 1256 1393 κατὰ
1285 1349 1438 1407 κράτος
1466 1359 1555 1402 τοῖς

67 1418 282 1478 ἡμετέροις
302 1418 542 1476 ἡττώμενον
568 1417 726 1477 λόγοις,
764 1418 956 1477 πρύμναν
975 1437 1019 1462 τε
1043 1421 1086 1462 ἐν
1107 1419 1216 1477 με’σῃ
1235 1421 1378 1480 πορεία
1406 1420 1594 1478 {apud-B

67 1505 172 1533 σατο
207 1492 277 1533 καὶ
309 1489 440 1547 ῥίψας
470 1490 548 1546 τὴν
580 1490 795 1545 ἀλωπεκῆν
835 1489 965 1539 εὐθὺς
1006 1488 1085 1544 τὴν
1112 1488 1309 1547 α’ρκτικὴν
1340 1491 1549 1544 μετενίδυ,

10 1559 138 1607 {onai
159 1558 286 1610 ἄλλος
305 1558 402 1610 ὅλος
423 1561 466 1611 ἐξ
494 1559 623 1602 ἄλλου
653 1561 912 1612 καθίστατο,
947 1558 1093 1614 μηκέτι
1114 1558 1321 1608 καθεκτὸς
1346 1556 1447 1602 εἶναι
1474 1562 1551 1603 δυ-

68 1625 267 1682 νάμενος,
304 1627 411 1671 ἀλλὰ
438 1633 553 1683 βοῶν
588 1629 656 1671 καὶ
685 1628 887 1681 ἀπειλῶν,
925 1629 961 1670 εἰ
989 1627 1050 1683 μὴ
1080 1626 1309 1687 σιγῴημεν·
1343 1629 1551 1688 μηδὲγὰρ

68 1697 291 1753 ἀνέχεσθαι
320 1701 405 1742 τῶν
430 1698 553 1741 οἴκων
582 1697 696 1748 ἐντὸς
722 1702 806 1741 τῶν
837 1696 988 1751 αὐτοῦ,
1025 1697 1153 1756 λέγειν
1179 1698 1256 1753 μὲν
1283 1699 1552 1754 βουλομένων

67 1764 209 1824 ἡμῶν,
245 1766 377 1811 αὐτοῦ
403 1766 447 1810 δ’
471 1765 634 1812 ἀκούειν
651 1766 801 1824 ἥκιστα
824 1767 1068 1824 δεχομένου·
1105 1765 1299 1828 καθάπερ
1328 1767 1455 1820 αὐτὸς
1481 1769 1550 1812 ἐκ·

67 1946 186 1990 dicta,
208 1951 249 1982 ut
266 1957 307 1982 re
330 1948 408 1993 ipsa
433 1946 568 1994 patuit,
594 1946 800 1983 dilemmata.
846 1947 986 1994 Ecquid
1011 1959 1116 1994 porro
1143 1947 1284 1992 mirum,
1308 1946 1370 1982 ubi
1395 1946 1455 1983 ine
1479 1947 1548 1983 iam

67 1993 149 2028 inde
165 1994 209 2028 ab
227 1993 329 2028 initio
353 2005 430 2028 cum
451 1995 594 2029 Palama
611 1994 712 2040 plane
729 1995 973 2041 conspirabat,
998 2001 1034 2031 et
1054 1996 1131 2029 eius
1149 1994 1431 2030 consuetudinem
1457 1994 1548 2030 tanti

66 2039 239 2082 faciebat,
262 2045 302 2074 ut
322 2051 395 2075 eam
416 2039 475 2074 diu
498 2046 670 2086 noctuque
693 2041 842 2087 publicis
853 2042 1010 2087 ⁸negotiis
1027 2043 1231 2088 urgentibus
1249 2041 1486 2082 antehaberet‚
1510 2046 1549 2075 et

67 2097 143 2121 cum
168 2097 210 2121 eo
238 2086 336 2120 doios
364 2092 568 2130 consueret,
599 2099 642 2122 ac
669 2087 759 2122 retia
786 2088 886 2124 nobis
912 2088 1092 2131 tenderet;
1117 2089 1277 2136 idemque
1302 2093 1372 2123 tam
1396 2087 1546 2134 privatis

89 2144 166 2167 uam
183 2132 335 2179 publicis
357 2133 568 2168 sermonibus
586 2145 714 2168 mecum
730 2134 782 2169 sic
804 2135 927 2170 solitus
954 2141 1049 2171 esset
1074 2147 1251 2182 pugnare,
1277 2140 1317 2170 ut
1340 2134 1417 2181 ipso
1442 2135 1545 2169 etiam

65 2144 211 2214 ff’alama
238 2179 424 2214 violentior
449 2191 527 2214 esse
551 2180 758 2216 videretur?
796 2181 919 2228 Itaque
944 2181 1026 2225 ille,
1050 2194 1124 2217 cum
1147 2182 1371 2229 promittebat
1395 2194 1434 2216 se
1459 2193 1546 2227 erga

67 2225 211 2260 alteram
241 2226 374 2272 pai-tem
402 2238 574 2272 propenso
606 2226 718 2262 animo
747 2228 838 2263 haud
862 2229 958 2271 fore,
992 2229 1024 2263 si
1051 2241 1113 2263 nos
1142 2229 1233 2264 solos
1266 2227 1442 2274 respexit,
1476 2239 1546 2262 non

66 2271 239 2319 peieravit
265 2273 424 2318 quidem,
455 2278 494 2308 at
529 2274 673 2308 animam
705 2285 802 2309 suam
830 2275 1004 2321 perdidit,
1037 2276 1215 2322 antiquum
1246 2274 1340 2310 illum
1368 2274 1543 2309 Herodem

66 2329 209 2364 prorsus
227 2319 398 2362 imitatus3
422 2320 504 2365 qui,
528 2319 728 2366 prophetam
752 2332 828 2355 cum
851 2321 1044 2365 occideret,
1069 2322 1192 2357 sceleri
1219 2333 1284 2356 suo
1309 2321 1542 2356 iusiurandum

66 2366 307 2411 praetexebat.
355 2366 458 2408 Quod
473 2366 505 2400 si
520 2374 674 2401 neutram
690 2372 821 2413 partem
845 2369 1022 2415 respicere
1046 2381 1139 2404 mens
1162 2367 1393 2404 iurisiurandi·
1414 2366 1542 2412 potuit,

65 2411 127 2445 sed
149 2422 260 2457 aequa
275 2412 376 2446 lance
394 2424 582 2458 suspensus
601 2413 747 2449 affectus
765 2425 879 2459 parem
895 2427 934 2450 se
961 2416 1121 2462 utrisque
1138 2417 1307 2461 praebere
1326 2414 1542 2455 decreverat,

66 2462 172 2503 atque
185 2457 243 2492 ille
260 2458 384 2493 deinde
401 2459 524 2494 iuratis
540 2471 609 2494 non
627 2460 726 2494 stetit
741 2461 796 2505 (id
815 2461 905 2507 quod
925 2473 965 2497 re
981 2462 1059 2508 ipsa
1075 2461 1277 2503 declaravit,
1296 2471 1370 2495 cum
1384 2460 1422 2494 in
1440 2460 1543 2493 thea-

64 2508 120 2537 tro
137 2503 194 2538 illo
222 2504 499 2551 frequentissimo
524 2506 680 2553 corrupit
706 2507 792 2542 iuris
813 2507 1022 2554 aequitatem
1030 2510 1063 2554 ),
1085 2520 1254 2555 nunquam
1275 2511 1370 2542 certe,
1393 2505 1542 2552 periurii

65 2549 194 2585 crimen
215 2550 383 2596 effugiet,
408 2552 467 2597 qui
487 2563 552 2587 sna
567 2559 691 2599 sponte
712 2553 880 2590 commisit
905 2560 946 2590 ut
965 2561 1060 2591 esset
1078 2555 1248 2602 periurus.
1295 2553 1380 2598 (V.)
1403 2552 1542 2599 Nempe

65 2596 142 2638 ille,
166 2596 307 2632 eandem
324 2597 486 2634 Palmae
501 2603 537 2634 et
553 2600 606 2634 sui
623 2599 731 2646 ipsius
745 2600 876 2635 ruinam
891 2613 971 2637 esse
989 2607 1168 2644 statuens,
1192 2612 1266 2635 cum
1283 2600 1376 2634 hunc
1390 2598 1541 2642 videret,

65 2641 168 2676 aliter
182 2654 283 2688 quam
302 2649 502 2690 putaverat,
525 2645 652 2681 nostris
668 2646 960 2692 disputationibus
985 2648 1143 2683 funditus
1166 2645 1365 2693 profligari,
1388 2656 1540 2692 puppem

64 2688 101 2722 in
123 2689 235 2724 medio
253 2701 356 2724 cursu
374 2691 562 2734 contorsit3
585 2697 622 2727 et
639 2694 781 2740 vulpina
801 2694 940 2730 abiecta
961 2695 1078 2730 statim
1105 2694 1252 2729 ursinam
1273 2692 1395 2739 pellem
1414 2691 1540 2734 induit,

65 2740 228 2781 totusque
248 2747 292 2770 ex
310 2736 378 2770 alio
394 2737 482 2772 alius
495 2738 629 2780 evasit3
652 2751 715 2774 nec
734 2752 772 2775 se
791 2740 935 2786 amplius
951 2741 1067 2788 potuit
1086 2741 1258 2781 cohibere,
1281 2738 1366 2784 quin
1385 2741 1422 2772 et
1442 2737 1540 2772 voci·-

66 2782 257 2824 fetaretur,
281 2785 320 2817 et
335 2793 420 2826 nos,
442 2783 510 2818 nisi
534 2791 746 2828 taceremus,
777 2787 878 2822 minis
902 2791 1073 2823 terreret:
1105 2787 1238 2833 quippe
1259 2785 1350 2820 haud
1377 2784 1538 2819 ferffldos

64 2839 141 2863 esse
164 2839 245 2874 uos,
278 2828 340 2876 qui
365 2829 402 2864 in
429 2830 503 2866 eius
519 2831 620 2867 domo
645 2838 716 2868 tum
735 2833 832 2880 loqui
854 2833 1047 2874 vellemus,
1061 2845 1138 2869 cum
1161 2834 1238 2880 ipse
1260 2831 1368 2867 nollet
1392 2830 1535 2873 audit„
