1794 3172
290 131 316 177 1
326 130 423 178 108
699 137 1017 184 NICEPHORI
1045 139 1372 189 GREGORAE

62 258 104 291 A.
120 257 168 290 Μ.
184 257 278 295 6859
291 254 378 300 τοῖς
395 245 525 292 πάλαι
545 248 599 292 τά
625 245 826 306 κράτιστα
845 248 1176 307 ἔνενομοθετῆκει
1212 252 1349 311 (καθὰ
1369 250 1651 313 Σπαρτιάταις
1666 258 1769 300 Λυ-

125 304 196 339 lnd.
212 308 278 386 4ss
292 323 477 376 κοῦργος,
503 319 572 361 καὶ
591 320 782 375 Λοκροῖς
801 327 888 371 τοῖς
905 320 1202 379 Ἐπιζεφυρίοις
1228 319 1458 378 Ζάλευκος,
1495 326 1562 367 καὶ
1591 323 1693 382 πρός
1723 343 1767 383 γε

290 386 551 439 Σικελιώταις
569 386 808 446 Χαρώνδας
829 388 850 433 ὃ
877 389 1136 448 Καταναῖος)
1166 388 1220 434 τά
1242 391 1286 434 τ’
1311 391 1417 435 ἄλλα
1438 392 1515 437 σὺν
1538 395 1630 452 δίκῃ
1653 392 1767 452 πάσῃ

286 459 354 501 καὶ
393 456 563 518 εὐνομίᾳ
599 457 676 513 τὴν
716 456 809 502 τότε
842 457 1072 517 Ῥωμαϊκὴν
1110 459 1422 517 συστησάμενον
1455 465 1663 507 πολιτείαν
1698 466 1768 507 καὶ

284 525 384 570 τάδε
404 528 496 585 περὶ
516 526 646 571 αὐτοῦ
665 529 887 586 καταλέγει.
923 529 1045 584 ,,Ξ’στι
1068 529 1201 588 γὰρ,”
1225 533 1351 589 φησὶ,
1372 534 1476 586 »καὶ
1494 532 1548 576 τὰ
1571 535 1661 590 περὶ
1684 538 1794 579 τῶν5

284 594 586 654 ἀφιδρυμάτων
612 596 939 655 νομοθετήματα
970 597 1233 644 παντάπασιν
1258 600 1419 660 ἀδελφὰ
1444 606 1528 646 τῶν
1557 601 1767 660 Πυθαγό-

286 684 362 724 ρου
387 664 620 723 δογμάτων.
666 666 760 711 οὔτε
779 668 858 725 γὰρ
883 669 1033 721 ἐκεῖνος
1054 669 1261 726 αἰσθητὸν
1280 669 1308 727 ἢ
1328 670 1523 728 πάθητόν
1545 671 1697 728 ἐνόμιζε
1718 674 1765 717 τὸ

249 741 429 790 Οθεῖον,
465 734 647 794 ἀόρατον
667 738 800 781 δὲκαὶ
825 738 1042 794 ἅκτιστον,
1082 741 1149 782 καὶ
1170 740 1320 796 νοητὸν
1348 739 1636 797 ὑπελάμβανεν
1667 740 1768 786 εἶναι

283 806 333 850 τὸ
356 810 535 863 πρῶτον.
574 801 698 858 οὗτος
718 808 764 851 δὲ
785 806 1027 853 διεκώλυσεν
1047 801 1339 867 ἀνθρωποειδῆ
1363 813 1430 854 καὶ
1443 809 1688 870 ζωόμορφον
1710 814 1769 855 εἴ·

284 874 386 920 κόνα
408 880 513 919 θεοῦ
529 874 759 932 Ῥωμαίους
778 880 966 934 νομίζειν,
1000 877 1058 930 ὥς
1079 878 1184 923 οὗθ’
1209 878 1322 923 ὅσιον
1340 880 1573 939 ἀφομοιοῦν
1595 881 1648 925 τὰ
1669 886 1794 934 βελ-1

284 947 362 989 τίω
384 953 472 997 τοῖς
490 947 674 1003 χείροσι,
711 947 802 991 οὔτ’
828 947 1091 1006 ἐφάπτεσθαι
1110 953 1214 993 θεοῦ
1239 950 1418 994 δυνατὸν
1436 950 1586 1005 ἄλλως,
1623 950 1651 1007 ἢ
1668 949 1769 1007 νοή-

285 1015 391 1059 σει.”
425 1014 629 1072 ἠκούσατε
648 1021 774 1074 τριῶν
792 1018 834 1061 ἓν
849 1019 989 1078 ταύτῷ
1008 1021 1262 1074 θαυμασίων
1284 1019 1448 1078 ἀνδρῶν
1470 1022 1513 1072 ἐξ
1527 1021 1771 1077 ἀλλοδαπῆς

285 1086 530 1143 θρησκείας,
570 1083 726 1142 ὁπόσην
747 1092 806 1146 τῷ
826 1086 884 1130 ἑνὶ
906 1090 973 1131 καὶ
995 1086 1110 1147 μόνῳ
1138 1093 1226 1148 θεῷ
1250 1089 1428 1149 ἀκτίστῳ
1457 1090 1533 1146 τὴν
1554 1089 1770 1145 εὐλάβειαν

250 1154 565 1209 Βάπονὲμουσι,
603 1157 672 1198 καὶ
691 1154 801 1207 ὅπως
825 1158 945 1201 οὐδὲν
965 1163 1047 1201 τῶν
1071 1156 1266 1202 ἀπάντων
1294 1158 1389 1202 ἄνευ
1413 1159 1542 1203 αὐτοῦ
1569 1161 1770 1217 δογματί-

290 1226 429 1277 ζουσιν
455 1223 660 1278 ἄκτιστον,
696 1226 960 1285 Πυθαγόρου
981 1228 1097 1285 λέγω,
1134 1230 1200 1271 καὶ
1222 1230 1474 1284 Πομπηλίου
1495 1233 1665 1283 Νουμᾶ,
1697 1231 1794 1274 >mil

288 1295 432 1351 τρίτου
465 1294 517 1350 δὴ
549 1299 624 1338 τοῦ
648 1295 842 1340 τάκείνων
870 1301 1042 1340 τοιαῦτα
1072 1298 1336 1348 ἐπαινοῦντος
1365 1295 1581 1355 δόγματα,
1620 1302 1769 1343 Πλου-

289 1361 448 1420 τάρχου
471 1368 547 1407 τοῦ
565 1367 830 1423 Χαιρωνέως.
881 1364 902 1410 ὅ
922 1367 967 1410 δὲ
986 1370 1222 1421 Παλαμᾶς,
1261 1365 1443 1424 ἄναρχόν
1461 1386 1505 1412 τε
1528 1371 1595 1412 καὶ
1616 1369 1770 1423 ἀβασί-

290 1437 436 1476 λευτον
467 1431 615 1478 ἑαυτὸν
643 1433 910 1492 καταστήσας
934 1435 1262 1492 ἀνομοθέτητον,
1310 1439 1367 1487 εἷς
1384 1437 1461 1494 τὴν
1489 1436 1566 1480 ὕπ’
1591 1438 1770 1496 οὐρανὸν

290 1500 498 1559 ἐξήνεγκεν
518 1503 719 1558 ἐξουσίαν,
754 1504 926 1549 ἄκτιστα
942 1506 1131 1563 γίνεσθαι
1155 1503 1292 1549 πάντα
1309 1504 1363 1550 τά
1383 1507 1428 1550 τ’
1451 1505 1626 1566 οὐράνια
1653 1506 1705 1551 τά
1723 1526 1768 1551 τε

287 1577 547 1629 χθονοστιβῆ
583 1576 652 1616 καὶ
678 1573 830 1632 ὖδραῒα
857 1575 965 1632 γένη.
1001 1579 1086 1635 ’τῆς
1113 1575 1393 1632 ἀναισθησίας
1419 1581 1504 1621 τῶν
1531 1576 1794 1633 ἕπομένωνίξ

250 1641 413 1701 Ε(ΙΑ.)
440 1641 616 1699 ’Ἐγνωτε
636 1642 801 1696 πάντως
823 1642 1090 1701 πανταχόθεν
1112 1647 1181 1688 καὶ
1206 1644 1501 1704 πολυτρόπως,
1539 1646 1650 1698 ὅπως
1672 1647 1768 1691 οὕτε

286 1718 375 1764 τοῖς
389 1709 515 1770 ἁγίων
533 1711 682 1769 ἥκισθ’
706 1715 882 1759 ἕπεσθαι
899 1716 1051 1770 νομίζει
1071 1713 1292 1773 δόγμασιν,
1331 1715 1437 1760 οὗθ’
1454 1714 1660 1774 Ἑλλήνων
1679 1724 1769 1768 τοῖς

379 1822 415 1860 5.
437 1821 509 1884 γὰρ
531 1824 583 1909 xll-
608 1836 675 1862 om.
791 1825 827 1862 8.
860 1823 1048 1875 ἀκήρατον
1068 1826 1116 1863 al.
1230 1828 1379 1875 νοητῶν
1403 1839 1485 1864 mss.
1603 1833 1660 1868 10.
1679 1825 1769 1865 Ῥω-

380 1883 510 1916 μαιοις
568 1898 577 1907 .

288 1963 472 2010 Pompilii,
496 1964 558 2011 qui
574 1966 750 2002 veteribus
767 1966 931 2003 Romanis
949 1966 1096 2013 optimas
1123 1968 1221 2014 leges
1239 1967 1413 2011 condidit,
1435 1971 1475 2004 ut
1494 1968 1679 2015 Spartanis
1695 1968 1769 2015 Ly-

289 2022 441 2055 curgus,
465 2012 586 2046 Locris
613 2013 865 2060 Epizephyriis
890 2014 1081 2058 Zaleucus,
1116 2019 1153 2049 et
1179 2015 1306 2051 Siculis
1327 2015 1531 2050 Charondae
1557 2016 1767 2050 Catanaeus.

290 2057 404 2098 Porro
435 2069 509 2092 cum
535 2060 748 2104 aequissimis
772 2060 908 2095 aliunde
937 2066 974 2096 et
995 2061 1132 2106 optimis
1158 2062 1292 2108 legibus
1318 2062 1501 2097 Romanam
1525 2062 1618 2096 illius
1641 2062 1767 2097 aetatis

291 2104 538 2149 rempublicam
556 2117 576 2140 a
587 2107 700 2142 Numa
710 2107 878 2153 Pompilio
893 2107 1080 2143 stabilitam
1101 2108 1210 2145 fuisse
1228 2114 1346 2144 narret
1358 2109 1575 2151 Plutarchus,
1596 2113 1666 2143 tum
1682 2110 1769 2144 haec

292 2150 339 2185 de
354 2150 429 2196 ipso
448 2152 567 2186 refert.
614 2153 756 2195 „Huius
774 2153 819 2188 de
838 2154 1013 2199 erigendis
1029 2155 1154 2190 statuis
1172 2156 1268 2202 leges
1294 2156 1516 2201 Pythagorae
1530 2155 1668 2202 placitis
1683 2167 1769 2190 con-

294 2200 436 2242 gruunt.
482 2198 559 2233 Nec
579 2200 666 2234 enim
687 2200 745 2234 ille
762 2200 981 2246 Pythagoras
1007 2202 1165 2237 sensilem
1187 2207 1246 2237 aut
1265 2202 1439 2248 patibilem
1458 2214 1535 2237 esse
1554 2202 1769 2236 divinitatem

295 2242 533 2279 existimabat:
567 2246 628 2281 sed
648 2245 843 2290 invisibile,
875 2248 1085 2291 increatum,
1118 2255 1154 2284 et
1182 2248 1399 2294 intelligibile
1424 2261 1502 2284 esse
1532 2248 1675 2294 primum
1702 2249 1769 2283 hoc

297 2290 443 2325 omnium
471 2302 584 2326 rerum
607 2292 811 2338 principium
837 2295 1012 2330 censebat.
1058 2294 1130 2331 Hic
1148 2307 1232 2331 vero
1256 2296 1370 2331 Numa
1393 2295 1568 2341 prohibuit
1586 2296 1768 2337 Romanos,

295 2336 476 2372 humanam
502 2341 563 2372 aut
586 2339 743 2374 animalis
768 2340 998 2387 cuiuscunque
1021 2342 1203 2387 imaginem
1221 2343 1296 2376 Deo
1322 2343 1535 2386 attribuere,
1557 2342 1648 2387 quod
1669 2342 1768 2376 nefas

296 2382 346 2419 sit
362 2383 563 2430 augustiora
581 2388 618 2419 et
638 2388 892 2432 praestantiora
909 2388 1138 2423 deterioribus
1157 2389 1367 2431 assimilare,
1391 2389 1551 2435 quodque
1572 2388 1684 2423 Deum
1700 2399 1768 2422 non

297 2429 399 2466 aliter
414 2442 515 2477 quam
532 2431 711 2467 intellectu
728 2433 901 2480 attingere
918 2435 1121 2481 possimus.’'
1145 2435 1313 2470 Audiistis
1332 2440 1495 2481 quantam
1513 2435 1677 2470 adversus
1690 2435 1769 2469 uni-

296 2488 374 2512 cum
398 2482 435 2512 et
457 2477 565 2513 solum
592 2477 702 2513 Deum
729 2481 956 2516 reverentiam
974 2481 1161 2517 adhibeant
1186 2487 1259 2517 tres
1288 2482 1386 2516 simul
1409 2481 1582 2517 mirabiles
1596 2481 1708 2516 aliena
1725 2491 1769 2516 ex

297 2524 468 2570 religione
486 2524 552 2559 viri
567 2550 578 2566 ‚
601 2529 638 2559 et
660 2527 826 2572 quomodo
855 2528 940 2563 nihil
962 2529 1167 2575 quicquam,
1190 2531 1331 2574 praeter
1355 2539 1451 2571 eum,
1473 2529 1662 2563 increatum
1691 2538 1770 2562 esse

296 2574 474 2614 statuant3
500 2572 730 2617 Pythagoram
749 2573 924 2620 intelligo,
947 2580 984 2610 et
1003 2575 1149 2610 Numam
1174 2575 1399 2621 Pompilium3
1424 2575 1561 2610 tertium
1582 2586 1665 2610 vero
1686 2574 1770 2609 Plu-

293 2618 450 2653 tarchum
468 2618 755 2663 Chaeronensem,
779 2620 839 2666 qui
857 2622 944 2656 haec
963 2621 1144 2667 praeclara
1160 2621 1294 2657 illorum
1311 2623 1473 2667 dogmata
1490 2621 1657 2658 laudavit.
1695 2619 1769 2655 Sed

295 2663 480 2707 Palames,
502 2677 577 2711 cum
599 2665 742 2701 liberum
763 2679 839 2701 sese
866 2673 971 2714 atque
988 2669 1167 2703 immunem
1184 2680 1206 2703 a
1227 2669 1419 2714 principio,
1441 2680 1547 2716 rege,
1572 2671 1608 2702 et
1633 2667 1768 2712 legibus

296 2711 553 2755 constituisset,
577 2712 622 2747 ad
645 2712 805 2747 maiorem
836 2714 979 2749 caelesti
1001 2726 1041 2750 se
1067 2718 1272 2761 potestatem
1300 2714 1433 2757 evexit,
1465 2726 1535 2761 qua
1554 2714 1687 2749 scilicet
1712 2715 1769 2748 in-

295 2763 415 2793 creata
430 2758 606 2800 efficeret,
629 2770 853 2805 quaecunque
871 2760 907 2795 in
925 2761 1041 2803 caelo,
1065 2766 1160 2796 terra
1171 2785 1182 2802 ‚
1205 2766 1241 2797 et
1257 2762 1371 2807 aquis,
1394 2760 1523 2796 entium
1540 2772 1669 2806 genera
1686 2771 1770 2794 con-

294 2803 433 2842 sistunt.
480 2806 514 2840 O
539 2809 715 2851 stuporem
742 2812 948 2842 sectatorum
972 2808 1066 2843 eius!
1113 2808 1216 2853 (xl.)
1237 2808 1477 2854 Uudequaque
1495 2811 1530 2842 et
1549 2807 1768 2842 multifariam

295 2851 430 2888 omnino
447 2851 679 2899 cognovistis,
703 2853 872 2902 quomodo
888 2865 1006 2902 neque
1014 2859 1209 2891 sanctorum
1223 2855 1367 2891 Patrum
1379 2854 1563 2901 dogmata,
1585 2865 1697 2901 neque
1712 2864 1769 2889 sa-
