<?xml version="1.0" encoding="UTF-8"?>
<!DOCTYPE html PUBLIC "-//W3C//DTD XHTML 1.0 Transitional//EN"
    "http://www.w3.org/TR/xhtml1/DTD/xhtml1-transitional.dtd">
<html xmlns="http://www.w3.org/1999/xhtml" xml:lang="en" lang="en">
 <head>
  <title>
</title>
<meta http-equiv="Content-Type" content="text/html;charset=utf-8" />
  <meta name='ocr-system' content='tesseract 3.04.00' />
  <meta name='ocr-capabilities' content='ocr_page ocr_carea ocr_par ocr_line ocrx_word'/>
</head>
<body>
  <div class='ocr_page' id='page_1' title='image "./corpusscriptorum39niebuoft_0150.png"; bbox 0 0 1794 3172; ppageno 0'>
   <div class='ocr_carea' id='block_1_1' title="bbox 234 125 1293 180">
    <p class='ocr_par' dir='ltr' id='par_1_1' title="bbox 234 125 1293 180">
     <span class='ocr_line' id='line_1_1' title="bbox 234 125 1293 180; baseline -0.005 -5"><span class='ocrx_word' id='word_1_1' title='bbox 234 126 336 175; x_wconf 86' lang='grc'><em>708</em></span> <span class='ocrx_word' id='word_1_2' title='bbox 534 164 537 167; x_wconf 87' lang='grc'>-</span> <span class='ocrx_word' id='word_1_3' title='bbox 621 128 938 180; x_wconf 81' lang='lat' dir='ltr'>NICEPHORI</span> <span class='ocrx_word' id='word_1_4' title='bbox 964 125 1293 174; x_wconf 88' lang='lat' dir='ltr'><strong>GREGORAE</strong></span> 
     </span>
    </p>
   </div>
   <div class='ocr_carea' id='block_1_2' title="bbox 12 231 1784 1904">
    <p class='ocr_par' dir='ltr' id='par_1_2' title="bbox 12 231 1784 1904">
     <span class='ocr_line' id='line_1_2' title="bbox 13 231 1724 300; baseline -0.002 -17"><span class='ocrx_word' id='word_1_5' title='bbox 13 251 52 284; x_wconf 69' lang='lat' dir='ltr'><em>A.</em></span> <span class='ocrx_word' id='word_1_6' title='bbox 70 250 114 283; x_wconf 84' lang='grc' dir='ltr'><em>Μ.</em></span> <span class='ocrx_word' id='word_1_7' title='bbox 136 249 229 286; x_wconf 79' lang='lat'>6852</span> <span class='ocrx_word' id='word_1_8' title='bbox 341 238 386 289; x_wconf 75' lang='grc' dir='ltr'><em>ε’.</em></span> <span class='ocrx_word' id='word_1_9' title='bbox 428 239 587 300; x_wconf 83' lang='grc' dir='ltr'><em>Θέρους</em></span> <span class='ocrx_word' id='word_1_10' title='bbox 625 239 670 283; x_wconf 68' lang='grc' dir='ltr'><em>δ’</em></span> <span class='ocrx_word' id='word_1_11' title='bbox 695 238 924 296; x_wconf 74' lang='grc' dir='ltr'><em>ἀρχομένου</em></span> <span class='ocrx_word' id='word_1_12' title='bbox 959 238 1093 295; x_wconf 83' lang='grc' dir='ltr'><em>πολλὴ</em></span> <span class='ocrx_word' id='word_1_13' title='bbox 1137 237 1206 280; x_wconf 84' lang='grc' dir='ltr'><em>καὶ</em></span> <span class='ocrx_word' id='word_1_14' title='bbox 1235 233 1385 295; x_wconf 71' lang='grc' dir='ltr'><em>βαρεῖά</em></span> <span class='ocrx_word' id='word_1_15' title='bbox 1406 252 1470 287; x_wconf 88' lang='grc' dir='ltr'><em>τις</em></span> <span class='ocrx_word' id='word_1_16' title='bbox 1497 231 1724 293; x_wconf 75' lang='grc' dir='ltr'><em>ἅπησχόλει</em></span> 
     </span>
     <span class='ocr_line' id='line_1_3' title="bbox 15 297 1723 379; baseline -0.005 -23"><span class='ocrx_word' id='word_1_17' title='bbox 15 297 214 379; x_wconf 41' lang='lat'><strong>3&#39;131&#39;154</strong></span> <span class='ocrx_word' id='word_1_18' title='bbox 235 311 477 370; x_wconf 71' lang='grc' dir='ltr'><em>παρασκευὴ</em></span> <span class='ocrx_word' id='word_1_19' title='bbox 498 311 571 355; x_wconf 86' lang='grc' dir='ltr'><em>τὸν</em></span> <span class='ocrx_word' id='word_1_20' title='bbox 594 307 847 354; x_wconf 84' lang='grc' dir='ltr'><em>Ἀπόκαυκον</em></span> <span class='ocrx_word' id='word_1_21' title='bbox 856 341 870 362; x_wconf 88' lang='grc'>,</span> <span class='ocrx_word' id='word_1_22' title='bbox 906 309 971 351; x_wconf 76' lang='grc' dir='ltr'><em>ἐπὶ</em></span> <span class='ocrx_word' id='word_1_23' title='bbox 994 304 1296 361; x_wconf 88' lang='grc' dir='ltr'><em>Διδυμότειχον</em></span> <span class='ocrx_word' id='word_1_24' title='bbox 1318 305 1475 349; x_wconf 77' lang='grc' dir='ltr'><em>ἀπιέναι</em></span> <span class='ocrx_word' id='word_1_25' title='bbox 1493 306 1599 361; x_wconf 82' lang='grc' dir='ltr'><em>μετὰ</em></span> <span class='ocrx_word' id='word_1_26' title='bbox 1618 310 1723 349; x_wconf 90' lang='grc' dir='ltr'><em>πολ-</em></span> 
     </span>
     <span class='ocr_line' id='line_1_4' title="bbox 12 373 1727 435; baseline -0.003 -11"><span class='ocrx_word' id='word_1_27' title='bbox 12 392 94 433; x_wconf 79' lang='lat' dir='ltr'><em>Imp.</em></span> <span class='ocrx_word' id='word_1_28' title='bbox 106 392 152 423; x_wconf 82' lang='lat'><em>10.</em></span> <span class='ocrx_word' id='word_1_29' title='bbox 163 386 318 426; x_wconf 64' lang='lat' dir='ltr'><strong>Pa-mv</strong></span> <span class='ocrx_word' id='word_1_30' title='bbox 337 386 420 425; x_wconf 83' lang='grc' dir='ltr'><em>τῶν</em></span> <span class='ocrx_word' id='word_1_31' title='bbox 439 379 664 435; x_wconf 80' lang='grc' dir='ltr'><em>δυνάμεων.</em></span> <span class='ocrx_word' id='word_1_32' title='bbox 703 379 786 421; x_wconf 71' lang='grc' dir='ltr'><em>ἐπεὶ</em></span> <span class='ocrx_word' id='word_1_33' title='bbox 807 378 885 435; x_wconf 80' lang='grc' dir='ltr'><em>γὰρ</em></span> <span class='ocrx_word' id='word_1_34' title='bbox 908 378 949 428; x_wconf 75' lang='grc' dir='ltr'><em>ἐς</em></span> <span class='ocrx_word' id='word_1_35' title='bbox 966 375 1096 432; x_wconf 86' lang='grc' dir='ltr'><em>μόνον</em></span> <span class='ocrx_word' id='word_1_36' title='bbox 1118 374 1166 419; x_wconf 79' lang='grc' dir='ltr'><em>τὸ</em></span> <span class='ocrx_word' id='word_1_37' title='bbox 1182 373 1484 431; x_wconf 82' lang='grc' dir='ltr'><em>Διδυμότειχον</em></span> <span class='ocrx_word' id='word_1_38' title='bbox 1508 374 1529 419; x_wconf 81' lang='grc' dir='ltr'><strong>ὅ</strong></span> <span class='ocrx_word' id='word_1_39' title='bbox 1549 378 1727 419; x_wconf 85' lang='grc' dir='ltr'><em>Καντα-</em></span> 
     </span>
     <span class='ocr_line' id='line_1_5' title="bbox 60 434 1723 517; baseline -0.004 -23"><span class='ocrx_word' id='word_1_40' title='bbox 60 434 434 517; x_wconf 60' lang='lat' dir='ltr'><em>¹³⁶⁰¹·4C&gt;:0v{27v69</em></span> <span class='ocrx_word' id='word_1_41' title='bbox 455 449 561 504; x_wconf 77' lang='grc' dir='ltr'><em>μετὰ</em></span> <span class='ocrx_word' id='word_1_42' title='bbox 579 453 654 504; x_wconf 78' lang='grc' dir='ltr'><em>τῆς</em></span> <span class='ocrx_word' id='word_1_43' title='bbox 675 446 889 503; x_wconf 79' lang='grc' dir='ltr'><em>δυνάμεως</em></span> <span class='ocrx_word' id='word_1_44' title='bbox 910 443 1151 502; x_wconf 80' lang='grc' dir='ltr'><em>κατηντήκει</em></span> <span class='ocrx_word' id='word_1_45' title='bbox 1163 477 1176 497; x_wconf 86' lang='grc'>,</span> <span class='ocrx_word' id='word_1_46' title='bbox 1214 449 1331 487; x_wconf 83' lang='grc' dir='ltr'><em>πᾶσα</em></span> <span class='ocrx_word' id='word_1_47' title='bbox 1354 446 1378 487; x_wconf 92' lang='grc' dir='ltr'><em>δ</em></span> <span class='ocrx_word' id='word_1_48' title='bbox 1385 445 1398 460; x_wconf 86' lang='lat'>‘</span> <span class='ocrx_word' id='word_1_49' title='bbox 1422 444 1532 501; x_wconf 76' lang='grc' dir='ltr'><em>ἀπῆν</em></span> <span class='ocrx_word' id='word_1_50' title='bbox 1553 462 1723 500; x_wconf 88' lang='grc' dir='ltr'><em>συμμα-</em></span> 
     </span>
     <span class='ocr_line' id='line_1_6' title="bbox 233 514 1752 577; baseline -0.003 -15"><span class='ocrx_word' id='word_1_51' title='bbox 233 522 331 577; x_wconf 84' lang='grc' dir='ltr'><em>χίας</em></span> <span class='ocrx_word' id='word_1_52' title='bbox 361 520 473 568; x_wconf 74' lang='grc' dir='ltr'><em>ἐλπὶς</em></span> <span class='ocrx_word' id='word_1_53' title='bbox 501 515 768 572; x_wconf 78' lang='grc' dir='ltr'><em>πανταχόθεν</em></span> <span class='ocrx_word' id='word_1_54' title='bbox 801 515 905 576; x_wconf 60' lang='lat' dir='ltr'><strong>(fisce</strong></span> <span class='ocrx_word' id='word_1_55' title='bbox 934 516 1012 573; x_wconf 76' lang='grc' dir='ltr'><em>γὰρ</em></span> <span class='ocrx_word' id='word_1_56' title='bbox 1037 517 1207 559; x_wconf 82' lang='grc' dir='ltr'><em>Μυσῶν</em></span> <span class='ocrx_word' id='word_1_57' title='bbox 1243 514 1423 572; x_wconf 78' lang='grc' dir='ltr'><em>ἀρχηγὸς</em></span> <span class='ocrx_word' id='word_1_58' title='bbox 1452 514 1752 571; x_wconf 75' lang='grc' dir='ltr'><em>Ἀλέξανδρος5</em></span> 
     </span>
     <span class='ocr_line' id='line_1_7' title="bbox 237 582 1725 642; baseline -0.003 -10"><span class='ocrx_word' id='word_1_59' title='bbox 237 590 481 641; x_wconf 84' lang='grc' dir='ltr'><em>,Βυζαντίοις</em></span> <span class='ocrx_word' id='word_1_60' title='bbox 509 588 552 630; x_wconf 75' lang='grc' dir='ltr'><em>ἐκ</em></span> <span class='ocrx_word' id='word_1_61' title='bbox 579 590 737 630; x_wconf 79' lang='grc' dir='ltr'><em>πολλοῦ</em></span> <span class='ocrx_word' id='word_1_62' title='bbox 770 584 1008 641; x_wconf 75' lang='grc' dir='ltr'><em>συνεμάχει·</em></span> <span class='ocrx_word' id='word_1_63' title='bbox 1058 582 1132 627; x_wconf 84' lang='grc' dir='ltr'><em>τόν</em></span> <span class='ocrx_word' id='word_1_64' title='bbox 1153 602 1196 627; x_wconf 87' lang='grc' dir='ltr'><em>τε</em></span> <span class='ocrx_word' id='word_1_65' title='bbox 1222 582 1442 642; x_wconf 78' lang='grc' dir='ltr'><em>σατράπην</em></span> <span class='ocrx_word' id='word_1_66' title='bbox 1464 584 1620 642; x_wconf 79' lang='grc' dir='ltr'><em>Ἀμοὺρ</em></span> <span class='ocrx_word' id='word_1_67' title='bbox 1648 584 1725 627; x_wconf 76' lang='grc' dir='ltr'><em>ἇν-</em></span> 
     </span>
     <span class='ocr_line' id='line_1_8' title="bbox 197 652 1725 712; baseline -0.005 -9"><span class='ocrx_word' id='word_1_68' title='bbox 197 662 404 703; x_wconf 82' lang='grc' dir='ltr'><em>Βθεῖλκεν</em></span> <span class='ocrx_word' id='word_1_69' title='bbox 428 655 450 700; x_wconf 82' lang='grc' dir='ltr'><em>ὃ</em></span> <span class='ocrx_word' id='word_1_70' title='bbox 472 661 556 700; x_wconf 80' lang='grc' dir='ltr'><em>τῶν</em></span> <span class='ocrx_word' id='word_1_71' title='bbox 583 657 788 700; x_wconf 85' lang='grc' dir='ltr'><em>Λατίνων</em></span> <span class='ocrx_word' id='word_1_72' title='bbox 811 656 918 699; x_wconf 80' lang='grc' dir='ltr'><em>κατὰ</em></span> <span class='ocrx_word' id='word_1_73' title='bbox 945 652 1140 712; x_wconf 73' lang='grc' dir='ltr'><em>Σμύρνης</em></span> <span class='ocrx_word' id='word_1_74' title='bbox 1158 655 1377 704; x_wconf 73' lang='grc' dir='ltr'><em>ἐπίπλους·</em></span> <span class='ocrx_word' id='word_1_75' title='bbox 1417 656 1484 698; x_wconf 81' lang='grc' dir='ltr'><em>καὶ</em></span> <span class='ocrx_word' id='word_1_76' title='bbox 1506 652 1594 709; x_wconf 80' lang='grc' dir='ltr'><em>ἅμα</em></span> <span class='ocrx_word' id='word_1_77' title='bbox 1620 658 1725 711; x_wconf 89' lang='grc' dir='ltr'><em>Τρι-</em></span> 
     </span>
     <span class='ocr_line' id='line_1_9' title="bbox 235 721 1724 783; baseline -0.003 -13"><span class='ocrx_word' id='word_1_78' title='bbox 235 729 391 783; x_wconf 77' lang='grc' dir='ltr'><em>βαλλοῖ</em></span> <span class='ocrx_word' id='word_1_79' title='bbox 404 730 478 770; x_wconf 83' lang='grc' dir='ltr'><em>τοῦ</em></span> <span class='ocrx_word' id='word_1_80' title='bbox 513 727 665 769; x_wconf 74' lang='grc' dir='ltr'><em>ἐκείνου</em></span> <span class='ocrx_word' id='word_1_81' title='bbox 691 728 895 781; x_wconf 80' lang='grc' dir='ltr'><em>διψῶντες</em></span> <span class='ocrx_word' id='word_1_82' title='bbox 914 722 1101 781; x_wconf 79' lang='grc' dir='ltr'><em>ὗπῆρχον</em></span> <span class='ocrx_word' id='word_1_83' title='bbox 1120 722 1331 781; x_wconf 68' lang='grc' dir='ltr'><em>αἵματος),</em></span> <span class='ocrx_word' id='word_1_84' title='bbox 1353 728 1488 767; x_wconf 80' lang='grc' dir='ltr'><em>ταῦτα</em></span> <span class='ocrx_word' id='word_1_85' title='bbox 1511 723 1563 780; x_wconf 84' lang='grc' dir='ltr'><em>δὴ</em></span> <span class='ocrx_word' id='word_1_86' title='bbox 1584 721 1724 767; x_wconf 81' lang='grc' dir='ltr'><em>πάντα</em></span> 
     </span>
     <span class='ocr_line' id='line_1_10' title="bbox 237 790 1724 852; baseline -0.003 -12"><span class='ocrx_word' id='word_1_87' title='bbox 237 796 416 840; x_wconf 75' lang='grc' dir='ltr'><em>συνιδών</em></span> <span class='ocrx_word' id='word_1_88' title='bbox 439 794 460 840; x_wconf 84' lang='grc' dir='ltr'><em>ὅ</em></span> <span class='ocrx_word' id='word_1_89' title='bbox 478 794 756 848; x_wconf 84' lang='grc' dir='ltr'><em>Ἀπόκαυκος,</em></span> <span class='ocrx_word' id='word_1_90' title='bbox 796 794 903 852; x_wconf 75' lang='grc' dir='ltr'><em>ἄρας</em></span> <span class='ocrx_word' id='word_1_91' title='bbox 922 795 965 836; x_wconf 77' lang='grc' dir='ltr'><em>ἐκ</em></span> <span class='ocrx_word' id='word_1_92' title='bbox 983 795 1215 851; x_wconf 87' lang='grc' dir='ltr'><em>Πειρίνθου</em></span> <span class='ocrx_word' id='word_1_93' title='bbox 1237 791 1392 843; x_wconf 77' lang='grc' dir='ltr'><em>πάσαις</em></span> <span class='ocrx_word' id='word_1_94' title='bbox 1412 790 1611 849; x_wconf 82' lang='grc' dir='ltr'><em>δυνάμεσι</em></span> <span class='ocrx_word' id='word_1_95' title='bbox 1633 795 1724 835; x_wconf 77' lang='lat' dir='ltr'><strong><em>Bv‘-</em></strong></span> 
     </span>
     <span class='ocr_line' id='line_1_11' title="bbox 238 860 1782 926; baseline -0.002 -17"><span class='ocrx_word' id='word_1_96' title='bbox 238 868 416 920; x_wconf 85' lang='grc' dir='ltr'><em>ζαντίοις</em></span> <span class='ocrx_word' id='word_1_97' title='bbox 446 867 512 908; x_wconf 86' lang='grc' dir='ltr'><em>καὶ</em></span> <span class='ocrx_word' id='word_1_98' title='bbox 546 868 794 926; x_wconf 73' lang='grc' dir='ltr'><em>Θρᾳκικαΐς,</em></span> <span class='ocrx_word' id='word_1_99' title='bbox 834 863 1291 922; x_wconf 75' lang='grc' dir='ltr'><em>παρεστρατοπέδευσεν</em></span> <span class='ocrx_word' id='word_1_100' title='bbox 1320 864 1383 905; x_wconf 76' lang='grc' dir='ltr'><em>ἐπὶ</em></span> <span class='ocrx_word' id='word_1_101' title='bbox 1404 860 1720 918; x_wconf 78' lang='grc' dir='ltr'><em>Διδυμότειχον.</em></span> <span class='ocrx_word' id='word_1_102' title='bbox 1736 875 1782 912; x_wconf 89' lang='lat'><em>10</em></span> 
     </span>
     <span class='ocr_line' id='line_1_12' title="bbox 238 931 1724 995; baseline -0.003 -16"><span class='ocrx_word' id='word_1_103' title='bbox 238 935 336 995; x_wconf 80' lang='grc' dir='ltr'>(Β.)</span> <span class='ocrx_word' id='word_1_104' title='bbox 372 937 458 979; x_wconf 84' lang='grc' dir='ltr'><em>Καὶ</em></span> <span class='ocrx_word' id='word_1_105' title='bbox 477 940 622 992; x_wconf 81' lang='grc' dir='ltr'><em>πρῶτα</em></span> <span class='ocrx_word' id='word_1_106' title='bbox 648 936 722 990; x_wconf 75' lang='grc' dir='ltr'><em>μὲν</em></span> <span class='ocrx_word' id='word_1_107' title='bbox 748 935 938 991; x_wconf 76' lang='grc' dir='ltr'><em>ἐπεχείρει</em></span> <span class='ocrx_word' id='word_1_108' title='bbox 965 931 1103 984; x_wconf 87' lang='grc' dir='ltr'><em>δόλοις</em></span> <span class='ocrx_word' id='word_1_109' title='bbox 1132 935 1199 976; x_wconf 83' lang='grc' dir='ltr'><em>καὶ</em></span> <span class='ocrx_word' id='word_1_110' title='bbox 1222 939 1428 989; x_wconf 77' lang='grc' dir='ltr'><em>μηχαναῖς</em></span> <span class='ocrx_word' id='word_1_111' title='bbox 1449 931 1550 976; x_wconf 73' lang='grc' dir='ltr'><em>ἑλεῖν</em></span> <span class='ocrx_word' id='word_1_112' title='bbox 1573 932 1620 976; x_wconf 82' lang='grc' dir='ltr'><em>τὸ</em></span> <span class='ocrx_word' id='word_1_113' title='bbox 1649 936 1724 975; x_wconf 80' lang='grc' dir='ltr'><em>τοῦ</em></span> 
     </span>
     <span class='ocr_line' id='line_1_13' title="bbox 236 1001 1725 1062; baseline -0.003 -13"><span class='ocrx_word' id='word_1_114' title='bbox 236 1006 412 1050; x_wconf 83' lang='grc' dir='ltr'><em>,Πυθίου</em></span> <span class='ocrx_word' id='word_1_115' title='bbox 447 1003 646 1062; x_wconf 76' lang='grc' dir='ltr'><em>φρούριον</em></span> <span class='ocrx_word' id='word_1_116' title='bbox 667 1038 679 1057; x_wconf 87' lang='grc'>,</span> <span class='ocrx_word' id='word_1_117' title='bbox 728 1002 884 1047; x_wconf 82' lang='grc' dir='ltr'><em>οὖτωσί</em></span> <span class='ocrx_word' id='word_1_118' title='bbox 918 1021 1006 1054; x_wconf 87' lang='grc' dir='ltr'><em>πως</em></span> <span class='ocrx_word' id='word_1_119' title='bbox 1039 1001 1341 1058; x_wconf 76' lang='grc' dir='ltr'><em>ὀνομαζόμενον</em></span> <span class='ocrx_word' id='word_1_120' title='bbox 1375 1004 1445 1046; x_wconf 80' lang='grc' dir='ltr'><em>καὶ</em></span> <span class='ocrx_word' id='word_1_121' title='bbox 1493 1001 1609 1060; x_wconf 78' lang='grc' dir='ltr'><em>παρὰ</em></span> <span class='ocrx_word' id='word_1_122' title='bbox 1648 1001 1725 1052; x_wconf 81' lang='grc' dir='ltr'><em>τὰς</em></span> 
     </span>
     <span class='ocr_line' id='line_1_14' title="bbox 239 1070 1725 1132; baseline -0.004 -13"><span class='ocrx_word' id='word_1_123' title='bbox 239 1074 377 1131; x_wconf 69' lang='grc' dir='ltr'><em>ὄχθας</em></span> <span class='ocrx_word' id='word_1_124' title='bbox 418 1075 635 1132; x_wconf 76' lang='grc' dir='ltr'><em>ἱδρυμένον</em></span> <span class='ocrx_word' id='word_1_125' title='bbox 656 1073 809 1131; x_wconf 80' lang='grc' dir='ltr'><em>Ἕβρου</em></span> <span class='ocrx_word' id='word_1_126' title='bbox 853 1077 928 1116; x_wconf 79' lang='grc' dir='ltr'><em>τοῦ</em></span> <span class='ocrx_word' id='word_1_127' title='bbox 966 1077 1172 1128; x_wconf 79' lang='grc' dir='ltr'><em>ποταμοῦ.</em></span> <span class='ocrx_word' id='word_1_128' title='bbox 1219 1077 1344 1116; x_wconf 83' lang='grc' dir='ltr'><em>τοῦτο</em></span> <span class='ocrx_word' id='word_1_129' title='bbox 1380 1073 1577 1122; x_wconf 80' lang='grc' dir='ltr'><em>σταδίους</em></span> <span class='ocrx_word' id='word_1_130' title='bbox 1609 1070 1725 1128; x_wconf 72' lang='grc' dir='ltr'><em>ἔγγὺς</em></span> 
     </span>
     <span class='ocr_line' id='line_1_15' title="bbox 197 1142 1726 1202; baseline -0.003 -14"><span class='ocrx_word' id='word_1_131' title='bbox 197 1143 495 1202; x_wconf 77' lang='grc' dir='ltr'><em>Εόγδοήκοντα</em></span> <span class='ocrx_word' id='word_1_132' title='bbox 514 1144 652 1199; x_wconf 86' lang='grc' dir='ltr'><em>’διέχον</em></span> <span class='ocrx_word' id='word_1_133' title='bbox 670 1145 973 1199; x_wconf 76' lang='grc' dir='ltr'><em>Διδυμοτείχου</em></span> <span class='ocrx_word' id='word_1_134' title='bbox 982 1176 998 1196; x_wconf 86' lang='grc'>,</span> <span class='ocrx_word' id='word_1_135' title='bbox 1037 1144 1105 1186; x_wconf 87' lang='grc' dir='ltr'><em>καὶ</em></span> <span class='ocrx_word' id='word_1_136' title='bbox 1133 1142 1298 1200; x_wconf 78' lang='grc' dir='ltr'><em>γεγονὸς</em></span> <span class='ocrx_word' id='word_1_137' title='bbox 1319 1143 1494 1198; x_wconf 75' lang='grc' dir='ltr'><em>ἕρείπιον</em></span> <span class='ocrx_word' id='word_1_138' title='bbox 1507 1175 1521 1196; x_wconf 83' lang='grc'><strong><em>,</em></strong></span> <span class='ocrx_word' id='word_1_139' title='bbox 1561 1142 1605 1185; x_wconf 74' lang='grc' dir='ltr'><em>ἐκ</em></span> <span class='ocrx_word' id='word_1_140' title='bbox 1620 1144 1726 1184; x_wconf 86' lang='grc' dir='ltr'><em>πολ-</em></span> 
     </span>
     <span class='ocr_line' id='line_1_16' title="bbox 238 1208 1782 1271; baseline -0.001 -13"><span class='ocrx_word' id='word_1_141' title='bbox 238 1218 314 1259; x_wconf 82' lang='grc' dir='ltr'><em>λοῦ</em></span> <span class='ocrx_word' id='word_1_142' title='bbox 346 1213 694 1270; x_wconf 81' lang='grc' dir='ltr'><em>Καντακουζηνὸς</em></span> <span class='ocrx_word' id='word_1_143' title='bbox 727 1212 955 1271; x_wconf 76' lang='grc' dir='ltr'><em>ἀνειληφώς</em></span> <span class='ocrx_word' id='word_1_144' title='bbox 999 1210 1020 1256; x_wconf 81' lang='grc' dir='ltr'><em>ὃ</em></span> <span class='ocrx_word' id='word_1_145' title='bbox 1061 1212 1259 1268; x_wconf 73' lang='grc' dir='ltr'><em>βασιλεὺς</em></span> <span class='ocrx_word' id='word_1_146' title='bbox 1290 1215 1463 1263; x_wconf 79' lang='grc' dir='ltr'><em>πολλαῖς</em></span> <span class='ocrx_word' id='word_1_147' title='bbox 1495 1208 1724 1268; x_wconf 78' lang='grc' dir='ltr'><em>χρημάτων</em></span> <span class='ocrx_word' id='word_1_148' title='bbox 1737 1220 1782 1258; x_wconf 88' lang='grc'><em>15</em></span> 
     </span>
     <span class='ocr_line' id='line_1_17' title="bbox 238 1281 1721 1341; baseline -0.002 -14"><span class='ocrx_word' id='word_1_149' title='bbox 238 1282 443 1335; x_wconf 73' lang='grc' dir='ltr'><em>δαπάναις</em></span> <span class='ocrx_word' id='word_1_150' title='bbox 471 1282 668 1341; x_wconf 79' lang='grc' dir='ltr'><em>ὠχύρωσέ</em></span> <span class='ocrx_word' id='word_1_151' title='bbox 694 1300 737 1327; x_wconf 80' lang='grc' dir='ltr'><em>τε</em></span> <span class='ocrx_word' id='word_1_152' title='bbox 768 1283 866 1327; x_wconf 83' lang='grc' dir='ltr'><em>κάπὶ</em></span> <span class='ocrx_word' id='word_1_153' title='bbox 897 1287 1088 1326; x_wconf 78' lang='grc' dir='ltr'><em>πλε-ἴστον</em></span> <span class='ocrx_word' id='word_1_154' title='bbox 1112 1282 1266 1326; x_wconf 78' lang='grc' dir='ltr'><em>ἀνιέναι</em></span> <span class='ocrx_word' id='word_1_155' title='bbox 1289 1282 1470 1341; x_wconf 85' lang='grc' dir='ltr'><em>πέπραχε</em></span> <span class='ocrx_word' id='word_1_156' title='bbox 1490 1285 1564 1325; x_wconf 80' lang='grc' dir='ltr'><em>τοῦ</em></span> <span class='ocrx_word' id='word_1_157' title='bbox 1586 1281 1721 1339; x_wconf 81' lang='grc' dir='ltr'><em>ἀέρος,</em></span> 
     </span>
     <span class='ocr_line' id='line_1_18' title="bbox 239 1350 1727 1411; baseline -0.003 -13"><span class='ocrx_word' id='word_1_158' title='bbox 239 1356 308 1398; x_wconf 82' lang='grc' dir='ltr'><em>καὶ</em></span> <span class='ocrx_word' id='word_1_159' title='bbox 340 1352 476 1411; x_wconf 82' lang='grc' dir='ltr'><em>ὥσπερ</em></span> <span class='ocrx_word' id='word_1_160' title='bbox 510 1352 660 1397; x_wconf 75' lang='grc' dir='ltr'><em>ἑαυτοῦ</em></span> <span class='ocrx_word' id='word_1_161' title='bbox 691 1360 875 1409; x_wconf 79' lang='grc' dir='ltr'><em>ταμιεῖον</em></span> <span class='ocrx_word' id='word_1_162' title='bbox 905 1350 1008 1408; x_wconf 70' lang='grc' dir='ltr'><em>εἶχεν</em></span> <span class='ocrx_word' id='word_1_163' title='bbox 1040 1354 1196 1397; x_wconf 74' lang='grc' dir='ltr'><em>ἐκεῖθεν</em></span> <span class='ocrx_word' id='word_1_164' title='bbox 1237 1351 1363 1406; x_wconf 75' lang='grc' dir='ltr'><em>αὐτὸ,</em></span> <span class='ocrx_word' id='word_1_165' title='bbox 1411 1353 1479 1395; x_wconf 84' lang='grc' dir='ltr'><em>καὶ</em></span> <span class='ocrx_word' id='word_1_166' title='bbox 1511 1355 1727 1408; x_wconf 83' lang='grc' dir='ltr'><em>λαμπραῖς</em></span> 
     </span>
     <span class='ocr_line' id='line_1_19' title="bbox 236 1419 1726 1481; baseline -0.001 -15"><span class='ocrx_word' id='word_1_167' title='bbox 236 1423 484 1481; x_wconf 71' lang='grc' dir='ltr'><em>ἧσφαλίζετο</em></span> <span class='ocrx_word' id='word_1_168' title='bbox 524 1430 617 1474; x_wconf 80' lang='grc' dir='ltr'><em>ταῖς</em></span> <span class='ocrx_word' id='word_1_169' title='bbox 657 1430 873 1481; x_wconf 79' lang='grc' dir='ltr'><em>φρουραῖς.</em></span> <span class='ocrx_word' id='word_1_170' title='bbox 926 1426 1052 1466; x_wconf 79' lang='grc' dir='ltr'><em>τοῦτο</em></span> <span class='ocrx_word' id='word_1_171' title='bbox 1095 1424 1235 1466; x_wconf 88' lang='grc' dir='ltr'><em>τοίνυν</em></span> <span class='ocrx_word' id='word_1_172' title='bbox 1272 1419 1726 1479; x_wconf 79' lang='grc' dir='ltr'><em>περιστρατοπεδεύσας</em></span> 
     </span>
     <span class='ocr_line' id='line_1_20' title="bbox 232 1491 1726 1552; baseline -0.003 -15"><span class='ocrx_word' id='word_1_173' title='bbox 232 1491 490 1544; x_wconf 83' lang='grc' dir='ltr'><em>Ἀπόκαυκος</em></span> <span class='ocrx_word' id='word_1_174' title='bbox 526 1491 641 1543; x_wconf 79' lang='grc' dir='ltr'><em>ὅλαις</em></span> <span class='ocrx_word' id='word_1_175' title='bbox 679 1491 904 1552; x_wconf 70' lang='grc' dir='ltr'><em>ἐπολιόρκει</em></span> <span class='ocrx_word' id='word_1_176' title='bbox 931 1494 1064 1550; x_wconf 85' lang='grc' dir='ltr'><em>χερσί.</em></span> <span class='ocrx_word' id='word_1_177' title='bbox 1131 1491 1192 1552; x_wconf 85' lang='grc' dir='ltr'><em>(Γ</em></span> <span class='ocrx_word' id='word_1_178' title='bbox 1191 1491 1222 1550; x_wconf 78' lang='lat'><em>)</em></span> <span class='ocrx_word' id='word_1_179' title='bbox 1260 1495 1350 1534; x_wconf 82' lang='grc' dir='ltr'><em>Τοῦ</em></span> <span class='ocrx_word' id='word_1_180' title='bbox 1385 1491 1429 1534; x_wconf 72' lang='grc' dir='ltr'><em>δ’</em></span> <span class='ocrx_word' id='word_1_181' title='bbox 1462 1493 1505 1534; x_wconf 76' lang='grc' dir='ltr'><em>ἓν</em></span> <span class='ocrx_word' id='word_1_182' title='bbox 1531 1492 1726 1546; x_wconf 55' lang='grc' dir='ltr'><em>Διδυμοω</em></span> 
     </span>
     <span class='ocr_line' id='line_1_21' title="bbox 238 1559 1784 1623; baseline -0.001 -18"><span class='ocrx_word' id='word_1_183' title='bbox 238 1559 358 1623; x_wconf 81' lang='grc' dir='ltr'><em>τείχῳ</em></span> <span class='ocrx_word' id='word_1_184' title='bbox 382 1567 565 1620; x_wconf 82' lang='grc' dir='ltr'><em>στρατοῦ</em></span> <span class='ocrx_word' id='word_1_185' title='bbox 585 1563 632 1606; x_wconf 86' lang='grc' dir='ltr'><em>τὸ</em></span> <span class='ocrx_word' id='word_1_186' title='bbox 653 1567 842 1607; x_wconf 77' lang='grc' dir='ltr'><em>πλεῖστον</em></span> <span class='ocrx_word' id='word_1_187' title='bbox 854 1596 868 1616; x_wconf 90' lang='grc'>,</span> <span class='ocrx_word' id='word_1_188' title='bbox 905 1560 982 1619; x_wconf 84' lang='grc' dir='ltr'><em>τήν</em></span> <span class='ocrx_word' id='word_1_189' title='bbox 1003 1580 1047 1606; x_wconf 87' lang='grc' dir='ltr'><em>τε</em></span> <span class='ocrx_word' id='word_1_190' title='bbox 1068 1566 1152 1605; x_wconf 83' lang='grc' dir='ltr'><em>τῶν</em></span> <span class='ocrx_word' id='word_1_191' title='bbox 1173 1563 1378 1616; x_wconf 81' lang='grc' dir='ltr'><em>πολεμίων</em></span> <span class='ocrx_word' id='word_1_192' title='bbox 1400 1565 1573 1619; x_wconf 81' lang='grc' dir='ltr'><em>βαρεῖαν</em></span> <span class='ocrx_word' id='word_1_193' title='bbox 1594 1559 1784 1618; x_wconf 71' lang='grc' dir='ltr'><em>ὀρῶν-20</em></span> 
     </span>
     <span class='ocr_line' id='line_1_22' title="bbox 110 1629 1724 1690; baseline -0.002 -15"><span class='ocrx_word' id='word_1_194' title='bbox 110 1638 231 1678; x_wconf 74' lang='lat'><strong>1³.444</strong></span> <span class='ocrx_word' id='word_1_195' title='bbox 242 1650 307 1683; x_wconf 85' lang='grc' dir='ltr'><em>τες</em></span> <span class='ocrx_word' id='word_1_196' title='bbox 342 1633 494 1690; x_wconf 72' lang='grc' dir='ltr'><em>ἔφοδον</em></span> <span class='ocrx_word' id='word_1_197' title='bbox 522 1635 590 1676; x_wconf 83' lang='grc' dir='ltr'><em>καὶ</em></span> <span class='ocrx_word' id='word_1_198' title='bbox 610 1631 698 1688; x_wconf 80' lang='grc' dir='ltr'><em>ἅμα</em></span> <span class='ocrx_word' id='word_1_199' title='bbox 720 1633 792 1677; x_wconf 85' lang='grc' dir='ltr'><em>τὸν</em></span> <span class='ocrx_word' id='word_1_200' title='bbox 814 1632 932 1677; x_wconf 72' lang='grc' dir='ltr'><em>ἔνδον</em></span> <span class='ocrx_word' id='word_1_201' title='bbox 954 1632 1074 1688; x_wconf 80' lang='grc' dir='ltr'><em>λιμὸν</em></span> <span class='ocrx_word' id='word_1_202' title='bbox 1091 1632 1286 1687; x_wconf 88' lang='grc' dir='ltr'><em>πολέμιον</em></span> <span class='ocrx_word' id='word_1_203' title='bbox 1303 1629 1520 1688; x_wconf 72' lang='grc' dir='ltr'><em>ἡγούμενοι</em></span> <span class='ocrx_word' id='word_1_204' title='bbox 1538 1631 1724 1686; x_wconf 81' lang='grc' dir='ltr'><em>χείρονα,</em></span> 
     </span>
     <span class='ocr_line' id='line_1_23' title="bbox 240 1699 1727 1761; baseline -0.003 -15"><span class='ocrx_word' id='word_1_205' title='bbox 240 1703 308 1746; x_wconf 86' lang='grc' dir='ltr'><em>καὶ</em></span> <span class='ocrx_word' id='word_1_206' title='bbox 330 1700 433 1761; x_wconf 86' lang='grc' dir='ltr'><em>πρός</em></span> <span class='ocrx_word' id='word_1_207' title='bbox 452 1720 494 1760; x_wconf 80' lang='grc' dir='ltr'><em>γε</em></span> <span class='ocrx_word' id='word_1_208' title='bbox 513 1702 610 1753; x_wconf 79' lang='grc' dir='ltr'><em>τοὺς</em></span> <span class='ocrx_word' id='word_1_209' title='bbox 639 1701 799 1747; x_wconf 71' lang='grc' dir='ltr'><em>ἑαυτῶν</em></span> <span class='ocrx_word' id='word_1_210' title='bbox 824 1701 1081 1758; x_wconf 76' lang='grc' dir='ltr'><em>ἱπποκόμους</em></span> <span class='ocrx_word' id='word_1_211' title='bbox 1110 1699 1332 1759; x_wconf 79' lang='grc' dir='ltr'><em>ἀκηκοότες</em></span> <span class='ocrx_word' id='word_1_212' title='bbox 1354 1699 1458 1755; x_wconf 80' lang='grc' dir='ltr'><em>ὁμοῦ</em></span> <span class='ocrx_word' id='word_1_213' title='bbox 1484 1708 1571 1750; x_wconf 82' lang='grc' dir='ltr'><em>τοῖς</em></span> <span class='ocrx_word' id='word_1_214' title='bbox 1584 1702 1727 1750; x_wconf 73' lang='grc' dir='ltr'><em>ἵπποις</em></span> 
     </span>
     <span class='ocr_line' id='line_1_24' title="bbox 239 1768 1725 1831; baseline -0.002 -16"><span class='ocrx_word' id='word_1_215' title='bbox 239 1772 405 1831; x_wconf 76' lang='grc' dir='ltr'><em>ἀθρόον</em></span> <span class='ocrx_word' id='word_1_216' title='bbox 438 1774 480 1824; x_wconf 71' lang='grc' dir='ltr'><em>ἐς</em></span> <span class='ocrx_word' id='word_1_217' title='bbox 504 1770 760 1817; x_wconf 84' lang='grc' dir='ltr'><em>Ἀπόκαυκον</em></span> <span class='ocrx_word' id='word_1_218' title='bbox 798 1770 1161 1829; x_wconf 80' lang='grc' dir='ltr'><em>ηὗτομοληκότας,</em></span> <span class='ocrx_word' id='word_1_219' title='bbox 1210 1774 1386 1830; x_wconf 78' lang='grc' dir='ltr'><em>δρασμῷ</em></span> <span class='ocrx_word' id='word_1_220' title='bbox 1417 1786 1460 1814; x_wconf 82' lang='grc' dir='ltr'><em>τε</em></span> <span class='ocrx_word' id='word_1_221' title='bbox 1498 1768 1725 1827; x_wconf 70' lang='grc' dir='ltr'><em>ἐχρήσαντο</em></span> 
     </span>
     <span class='ocr_line' id='line_1_25' title="bbox 242 1839 1728 1904; baseline -0.003 -18"><span class='ocrx_word' id='word_1_222' title='bbox 242 1844 313 1886; x_wconf 79' lang='grc' dir='ltr'><em>καὶ</em></span> <span class='ocrx_word' id='word_1_223' title='bbox 357 1842 477 1886; x_wconf 76' lang='grc' dir='ltr'><em>αὐτοὶ</em></span> <span class='ocrx_word' id='word_1_224' title='bbox 519 1844 586 1887; x_wconf 86' lang='grc' dir='ltr'><em>καὶ</em></span> <span class='ocrx_word' id='word_1_225' title='bbox 615 1847 675 1904; x_wconf 77' lang='grc' dir='ltr'><em>τῷ</em></span> <span class='ocrx_word' id='word_1_226' title='bbox 713 1847 798 1887; x_wconf 85' lang='grc' dir='ltr'><em>τῶν</em></span> <span class='ocrx_word' id='word_1_227' title='bbox 834 1844 1041 1899; x_wconf 83' lang='grc' dir='ltr'><em>πολεμίων</em></span> <span class='ocrx_word' id='word_1_228' title='bbox 1086 1839 1402 1902; x_wconf 78' lang='grc' dir='ltr'><em>προσερῥύησαν</em></span> <span class='ocrx_word' id='word_1_229' title='bbox 1438 1839 1728 1900; x_wconf 65' lang='grc' dir='ltr'><em>στρατοπέδῳ,</em></span> 
     </span>
    </p>
   </div>
   <div class='ocr_carea' id='block_1_3' title="bbox 338 1949 1022 2004">
    <p class='ocr_par' dir='ltr' id='par_1_3' title="bbox 338 1949 1022 2004">
     <span class='ocr_line' id='line_1_26' title="bbox 338 1949 1022 2004; baseline 0 -15"><span class='ocrx_word' id='word_1_230' title='bbox 338 1954 395 1990; x_wconf 83' lang='lat'><em>13.</em></span> <span class='ocrx_word' id='word_1_231' title='bbox 413 1949 555 2001; x_wconf 85' lang='grc' dir='ltr'><em>Ἕβρου</em></span> <span class='ocrx_word' id='word_1_232' title='bbox 578 1966 642 1990; x_wconf 86' lang='lat' dir='ltr'><strong>em.</strong></span> <span class='ocrx_word' id='word_1_233' title='bbox 662 1954 766 1991; x_wconf 86' lang='lat' dir='ltr'><strong>Boiv.</strong></span> <span class='ocrx_word' id='word_1_234' title='bbox 790 1966 855 2004; x_wconf 84' lang='lat' dir='ltr'><em>pro</em></span> <span class='ocrx_word' id='word_1_235' title='bbox 879 1952 1022 2001; x_wconf 75' lang='grc' dir='ltr'><em>Εὔρου.</em></span> 
     </span>
    </p>
   </div>
   <div class='ocr_carea' id='block_1_4' title="bbox 243 2046 1740 2890">
    <p class='ocr_par' dir='ltr' id='par_1_4' title="bbox 243 2046 1740 2890">
     <span class='ocr_line' id='line_1_27' title="bbox 335 2046 1729 2096; baseline -0.003 -14"><span class='ocrx_word' id='word_1_236' title='bbox 335 2046 371 2082; x_wconf 88' lang='lat'><em>5.</em></span> <span class='ocrx_word' id='word_1_237' title='bbox 401 2046 548 2081; x_wconf 82' lang='lat' dir='ltr'><strong>Ineunte</strong></span> <span class='ocrx_word' id='word_1_238' title='bbox 575 2051 709 2083; x_wconf 79' lang='lat' dir='ltr'>aestate</span> <span class='ocrx_word' id='word_1_239' title='bbox 732 2047 855 2093; x_wconf 82' lang='lat' dir='ltr'><strong>ingens</strong></span> <span class='ocrx_word' id='word_1_240' title='bbox 879 2048 1017 2096; x_wconf 86' lang='lat' dir='ltr'><strong>quidam</strong></span> <span class='ocrx_word' id='word_1_241' title='bbox 1037 2050 1074 2083; x_wconf 85' lang='lat' dir='ltr'><em>et</em></span> <span class='ocrx_word' id='word_1_242' title='bbox 1096 2046 1217 2094; x_wconf 81' lang='lat' dir='ltr'><strong>gravis</strong></span> <span class='ocrx_word' id='word_1_243' title='bbox 1243 2046 1654 2093; x_wconf 72' lang='lat' dir='ltr'><strong>apparatusnecnpatnm</strong></span> <span class='ocrx_word' id='word_1_244' title='bbox 1672 2046 1729 2079; x_wconf 86' lang='lat' dir='ltr'><em>te-</em></span> 
     </span>
     <span class='ocr_line' id='line_1_28' title="bbox 243 2092 1730 2142; baseline -0.001 -15"><span class='ocrx_word' id='word_1_245' title='bbox 243 2093 349 2128; x_wconf 84' lang='lat' dir='ltr'><strong>nebat</strong></span> <span class='ocrx_word' id='word_1_246' title='bbox 368 2094 600 2139; x_wconf 79' lang='lat' dir='ltr'><strong>Apocaucum‚</strong></span> <span class='ocrx_word' id='word_1_247' title='bbox 630 2095 762 2140; x_wconf 83' lang='lat' dir='ltr'><strong>magnis</strong></span> <span class='ocrx_word' id='word_1_248' title='bbox 788 2107 862 2130; x_wconf 89' lang='lat' dir='ltr'><em>cum</em></span> <span class='ocrx_word' id='word_1_249' title='bbox 887 2097 998 2142; x_wconf 87' lang='lat' dir='ltr'><strong>copiis</strong></span> <span class='ocrx_word' id='word_1_250' title='bbox 1022 2094 1301 2140; x_wconf 81' lang='lat' dir='ltr'><strong>Didymotichum</strong></span> <span class='ocrx_word' id='word_1_251' title='bbox 1326 2093 1473 2138; x_wconf 82' lang='lat' dir='ltr'>aggredi</span> <span class='ocrx_word' id='word_1_252' title='bbox 1496 2092 1730 2127; x_wconf 78' lang='lat' dir='ltr'><strong>meditantem.</strong></span> 
     </span>
     <span class='ocr_line' id='line_1_29' title="bbox 243 2137 1730 2186; baseline -0.003 -11"><span class='ocrx_word' id='word_1_253' title='bbox 243 2139 383 2175; x_wconf 86' lang='lat' dir='ltr'><strong>Etenim</strong></span> <span class='ocrx_word' id='word_1_254' title='bbox 403 2139 485 2186; x_wconf 84' lang='lat' dir='ltr'><strong>quia</strong></span> <span class='ocrx_word' id='word_1_255' title='bbox 501 2140 538 2174; x_wconf 89' lang='lat' dir='ltr'><em>in</em></span> <span class='ocrx_word' id='word_1_256' title='bbox 557 2143 631 2175; x_wconf 85' lang='lat' dir='ltr'><strong>eam</strong></span> <span class='ocrx_word' id='word_1_257' title='bbox 648 2142 752 2176; x_wconf 86' lang='lat' dir='ltr'><strong>solam</strong></span> <span class='ocrx_word' id='word_1_258' title='bbox 777 2143 896 2178; x_wconf 87' lang='lat' dir='ltr'><strong>urbem</strong></span> <span class='ocrx_word' id='word_1_259' title='bbox 913 2143 1177 2178; x_wconf 83' lang='lat' dir='ltr'><strong>Cantacuzenus</strong></span> <span class='ocrx_word' id='word_1_260' title='bbox 1196 2153 1274 2175; x_wconf 86' lang='lat' dir='ltr'><strong>sese</strong></span> <span class='ocrx_word' id='word_1_261' title='bbox 1291 2146 1327 2175; x_wconf 86' lang='lat' dir='ltr'><em>et</em></span> <span class='ocrx_word' id='word_1_262' title='bbox 1343 2140 1462 2185; x_wconf 84' lang='lat' dir='ltr'><strong>copias</strong></span> <span class='ocrx_word' id='word_1_263' title='bbox 1479 2150 1558 2174; x_wconf 82' lang='lat' dir='ltr'><strong>suas</strong></span> <span class='ocrx_word' id='word_1_264' title='bbox 1574 2137 1730 2173; x_wconf 87' lang='lat' dir='ltr'><strong>contule-</strong></span> 
     </span>
     <span class='ocr_line' id='line_1_30' title="bbox 245 2185 1731 2235; baseline -0.002 -14"><span class='ocrx_word' id='word_1_265' title='bbox 245 2190 312 2228; x_wconf 86' lang='lat' dir='ltr'><strong>rat,</strong></span> <span class='ocrx_word' id='word_1_266' title='bbox 332 2186 437 2220; x_wconf 79' lang='lat' dir='ltr'><strong>omnis</strong></span> <span class='ocrx_word' id='word_1_267' title='bbox 455 2191 567 2221; x_wconf 86' lang='lat' dir='ltr'><strong>autem</strong></span> <span class='ocrx_word' id='word_1_268' title='bbox 587 2188 765 2233; x_wconf 83' lang='lat' dir='ltr'><strong>praeciusa</strong></span> <span class='ocrx_word' id='word_1_269' title='bbox 780 2195 856 2224; x_wconf 87' lang='lat' dir='ltr'><strong>erat</strong></span> <span class='ocrx_word' id='word_1_270' title='bbox 872 2191 963 2224; x_wconf 89' lang='lat' dir='ltr'><strong>omni</strong></span> <span class='ocrx_word' id='word_1_271' title='bbox 982 2202 1025 2224; x_wconf 87' lang='lat' dir='ltr'><strong>ex</strong></span> <span class='ocrx_word' id='word_1_272' title='bbox 1042 2194 1142 2235; x_wconf 86' lang='lat' dir='ltr'><strong>parte</strong></span> <span class='ocrx_word' id='word_1_273' title='bbox 1159 2200 1239 2234; x_wconf 86' lang='lat' dir='ltr'><strong>spes</strong></span> <span class='ocrx_word' id='word_1_274' title='bbox 1255 2187 1480 2228; x_wconf 82' lang='lat' dir='ltr'><strong>auxiliorum3</strong></span> <span class='ocrx_word' id='word_1_275' title='bbox 1497 2186 1593 2231; x_wconf 85' lang='lat' dir='ltr'><strong>(nam</strong></span> <span class='ocrx_word' id='word_1_276' title='bbox 1605 2185 1731 2230; x_wconf 79' lang='lat' dir='ltr'><strong>etMy-</strong></span> 
     </span>
     <span class='ocr_line' id='line_1_31' title="bbox 244 2233 1733 2282; baseline -0.001 -15"><span class='ocrx_word' id='word_1_277' title='bbox 244 2244 358 2267; x_wconf 74' lang='lat' dir='ltr'><strong>sorum</strong></span> <span class='ocrx_word' id='word_1_278' title='bbox 378 2233 539 2278; x_wconf 82' lang='lat' dir='ltr'><strong>princeps</strong></span> <span class='ocrx_word' id='word_1_279' title='bbox 558 2235 753 2270; x_wconf 70' lang='lat' dir='ltr'><strong>Alexander</strong></span> <span class='ocrx_word' id='word_1_280' title='bbox 771 2236 976 2281; x_wconf 81' lang='lat' dir='ltr'><strong>Byzantinis</strong></span> <span class='ocrx_word' id='word_1_281' title='bbox 998 2236 1130 2282; x_wconf 84' lang='lat' dir='ltr'><strong>pridem</strong></span> <span class='ocrx_word' id='word_1_282' title='bbox 1152 2235 1281 2269; x_wconf 86' lang='lat' dir='ltr'><strong>socium</strong></span> <span class='ocrx_word' id='word_1_283' title='bbox 1306 2246 1344 2268; x_wconf 89' lang='lat' dir='ltr'><strong>se</strong></span> <span class='ocrx_word' id='word_1_284' title='bbox 1363 2233 1590 2274; x_wconf 75' lang='lat' dir='ltr'><strong>adiunxerat,</strong></span> <span class='ocrx_word' id='word_1_285' title='bbox 1614 2236 1650 2266; x_wconf 89' lang='lat' dir='ltr'><em>et</em></span> <span class='ocrx_word' id='word_1_286' title='bbox 1673 2242 1733 2264; x_wconf 84' lang='lat' dir='ltr'><em>sa-</em></span> 
     </span>
     <span class='ocr_line' id='line_1_32' title="bbox 245 2278 1731 2327; baseline -0.001 -14"><span class='ocrx_word' id='word_1_287' title='bbox 245 2284 379 2324; x_wconf 81' lang='lat' dir='ltr'><strong>trapam</strong></span> <span class='ocrx_word' id='word_1_288' title='bbox 399 2281 568 2314; x_wconf 83' lang='lat' dir='ltr'><strong>Amurium</strong></span> <span class='ocrx_word' id='word_1_289' title='bbox 592 2282 793 2316; x_wconf 79' lang='lat' dir='ltr'><strong>retrahebat</strong></span> <span class='ocrx_word' id='word_1_290' title='bbox 815 2283 962 2318; x_wconf 79' lang='lat' dir='ltr'><strong>Latinae</strong></span> <span class='ocrx_word' id='word_1_291' title='bbox 987 2283 1109 2317; x_wconf 86' lang='lat' dir='ltr'><strong>classis</strong></span> <span class='ocrx_word' id='word_1_292' title='bbox 1137 2283 1182 2316; x_wconf 86' lang='lat' dir='ltr'><em>ad</em></span> <span class='ocrx_word' id='word_1_293' title='bbox 1200 2279 1380 2327; x_wconf 79' lang='lat' dir='ltr'><strong>Smyrnam</strong></span> <span class='ocrx_word' id='word_1_294' title='bbox 1401 2281 1519 2319; x_wconf 85' lang='lat' dir='ltr'><strong>urbem</strong></span> <span class='ocrx_word' id='word_1_295' title='bbox 1543 2278 1731 2324; x_wconf 76' lang='lat' dir='ltr'><strong>appulsus3</strong></span> 
     </span>
     <span class='ocr_line' id='line_1_33' title="bbox 245 2326 1734 2375; baseline -0.002 -14"><span class='ocrx_word' id='word_1_296' title='bbox 245 2326 396 2361; x_wconf 84' lang='lat' dir='ltr'><strong>Triballi</strong></span> <span class='ocrx_word' id='word_1_297' title='bbox 419 2338 502 2361; x_wconf 87' lang='lat' dir='ltr'><strong>vero</strong></span> <span class='ocrx_word' id='word_1_298' title='bbox 529 2331 566 2360; x_wconf 86' lang='lat' dir='ltr'><em>et</em></span> <span class='ocrx_word' id='word_1_299' title='bbox 587 2327 655 2372; x_wconf 87' lang='lat' dir='ltr'><strong>ipsi</strong></span> <span class='ocrx_word' id='word_1_300' title='bbox 672 2340 808 2374; x_wconf 88' lang='lat' dir='ltr'><strong>quoque</strong></span> <span class='ocrx_word' id='word_1_301' title='bbox 830 2329 922 2364; x_wconf 83' lang='lat' dir='ltr'><strong>iuius</strong></span> <span class='ocrx_word' id='word_1_302' title='bbox 941 2330 1143 2375; x_wconf 80' lang='lat' dir='ltr'><strong>sanguinem</strong></span> <span class='ocrx_word' id='word_1_303' title='bbox 1162 2328 1376 2372; x_wconf 77' lang='lat' dir='ltr'><strong>sitiebant3)</strong></span> <span class='ocrx_word' id='word_1_304' title='bbox 1402 2327 1487 2361; x_wconf 83' lang='lat' dir='ltr'><strong>haec</strong></span> <span class='ocrx_word' id='word_1_305' title='bbox 1505 2326 1616 2360; x_wconf 90' lang='lat' dir='ltr'><strong>omnia</strong></span> <span class='ocrx_word' id='word_1_306' title='bbox 1637 2326 1734 2370; x_wconf 81' lang='lat' dir='ltr'><strong>Apo-</strong></span> 
     </span>
     <span class='ocr_line' id='line_1_34' title="bbox 246 2372 1734 2420; baseline -0.003 -12"><span class='ocrx_word' id='word_1_307' title='bbox 246 2384 376 2409; x_wconf 83' lang='lat' dir='ltr'><strong>caucus</strong></span> <span class='ocrx_word' id='word_1_308' title='bbox 397 2385 474 2407; x_wconf 91' lang='lat' dir='ltr'><em>cum</em></span> <span class='ocrx_word' id='word_1_309' title='bbox 490 2373 647 2416; x_wconf 83' lang='lat' dir='ltr'><strong>videret,</strong></span> <span class='ocrx_word' id='word_1_310' title='bbox 671 2376 844 2420; x_wconf 83' lang='lat' dir='ltr'><strong>profectus</strong></span> <span class='ocrx_word' id='word_1_311' title='bbox 864 2376 1028 2411; x_wconf 81' lang='lat' dir='ltr'><strong>Perintho</strong></span> <span class='ocrx_word' id='word_1_312' title='bbox 1055 2388 1129 2411; x_wconf 88' lang='lat' dir='ltr'><em>cum</em></span> <span class='ocrx_word' id='word_1_313' title='bbox 1155 2376 1312 2410; x_wconf 83' lang='lat' dir='ltr'><strong>omnibus</strong></span> <span class='ocrx_word' id='word_1_314' title='bbox 1336 2373 1447 2419; x_wconf 81' lang='lat' dir='ltr'><strong>copiis</strong></span> <span class='ocrx_word' id='word_1_315' title='bbox 1468 2372 1673 2419; x_wconf 84' lang='lat' dir='ltr'><strong>Byzantinis</strong></span> <span class='ocrx_word' id='word_1_316' title='bbox 1697 2373 1734 2405; x_wconf 90' lang='lat' dir='ltr'><em>et</em></span> 
     </span>
     <span class='ocr_line' id='line_1_35' title="bbox 246 2418 1735 2469; baseline -0.002 -15"><span class='ocrx_word' id='word_1_317' title='bbox 246 2419 412 2454; x_wconf 83' lang='lat' dir='ltr'><strong>Thraciis</strong></span> <span class='ocrx_word' id='word_1_318' title='bbox 445 2420 725 2466; x_wconf 85' lang='lat' dir='ltr'><strong>Didymotichum</strong></span> <span class='ocrx_word' id='word_1_319' title='bbox 751 2421 877 2457; x_wconf 85' lang='lat' dir='ltr'><strong>infesto</strong></span> <span class='ocrx_word' id='word_1_320' title='bbox 901 2423 1056 2458; x_wconf 84' lang='lat' dir='ltr'><strong>exercitu</strong></span> <span class='ocrx_word' id='word_1_321' title='bbox 1086 2422 1187 2469; x_wconf 85' lang='lat' dir='ltr'><strong>petit.</strong></span> <span class='ocrx_word' id='word_1_322' title='bbox 1246 2421 1331 2466; x_wconf 88' lang='grc' dir='ltr'>(ΙΙ.)</span> <span class='ocrx_word' id='word_1_323' title='bbox 1357 2422 1407 2455; x_wconf 79' lang='lat' dir='ltr'><strong>Ae</strong></span> <span class='ocrx_word' id='word_1_324' title='bbox 1431 2420 1576 2466; x_wconf 85' lang='lat' dir='ltr'><strong>primum</strong></span> <span class='ocrx_word' id='word_1_325' title='bbox 1594 2418 1735 2463; x_wconf 86' lang='lat' dir='ltr'><strong>quidem</strong></span> 
     </span>
     <span class='ocr_line' id='line_1_36' title="bbox 246 2465 1735 2515; baseline -0.001 -15"><span class='ocrx_word' id='word_1_326' title='bbox 246 2471 393 2501; x_wconf 82' lang='lat' dir='ltr'><strong>conatur</strong></span> <span class='ocrx_word' id='word_1_327' title='bbox 419 2465 507 2501; x_wconf 84' lang='lat' dir='ltr'><strong>dolis</strong></span> <span class='ocrx_word' id='word_1_328' title='bbox 529 2471 565 2501; x_wconf 84' lang='lat' dir='ltr'><em>et</em></span> <span class='ocrx_word' id='word_1_329' title='bbox 582 2467 746 2502; x_wconf 82' lang='lat' dir='ltr'><strong>machinis</strong></span> <span class='ocrx_word' id='word_1_330' title='bbox 771 2480 895 2514; x_wconf 83' lang='lat' dir='ltr'><strong>capere</strong></span> <span class='ocrx_word' id='word_1_331' title='bbox 916 2469 1092 2504; x_wconf 87' lang='lat' dir='ltr'><strong>castellum</strong></span> <span class='ocrx_word' id='word_1_332' title='bbox 1111 2468 1273 2515; x_wconf 84' lang='lat' dir='ltr'><strong>Pythium</strong></span> <span class='ocrx_word' id='word_1_333' title='bbox 1297 2467 1365 2513; x_wconf 85' lang='lat' dir='ltr'><strong>(ita</strong></span> <span class='ocrx_word' id='word_1_334' title='bbox 1385 2467 1493 2502; x_wconf 85' lang='lat' dir='ltr'><strong>ferme</strong></span> <span class='ocrx_word' id='word_1_335' title='bbox 1511 2465 1735 2508; x_wconf 88' lang='lat' dir='ltr'><strong>nominatur),</strong></span> 
     </span>
     <span class='ocr_line' id='line_1_37' title="bbox 247 2511 1734 2561; baseline -0.001 -15"><span class='ocrx_word' id='word_1_336' title='bbox 247 2512 349 2548; x_wconf 83' lang='lat' dir='ltr'><strong>situm</strong></span> <span class='ocrx_word' id='word_1_337' title='bbox 373 2513 418 2547; x_wconf 82' lang='lat' dir='ltr'><em>ad</em></span> <span class='ocrx_word' id='word_1_338' title='bbox 437 2512 549 2548; x_wconf 80' lang='lat' dir='ltr'><strong>Hebri</strong></span> <span class='ocrx_word' id='word_1_339' title='bbox 571 2513 720 2547; x_wconf 88' lang='lat' dir='ltr'><strong>fluminis</strong></span> <span class='ocrx_word' id='word_1_340' title='bbox 742 2515 857 2559; x_wconf 81' lang='lat' dir='ltr'><strong>ripas,</strong></span> <span class='ocrx_word' id='word_1_341' title='bbox 880 2517 1062 2561; x_wconf 84' lang='lat' dir='ltr'><strong>octoginta</strong></span> <span class='ocrx_word' id='word_1_342' title='bbox 1081 2517 1158 2551; x_wconf 77' lang='lat' dir='ltr'><strong>fere</strong></span> <span class='ocrx_word' id='word_1_343' title='bbox 1179 2514 1301 2550; x_wconf 84' lang='lat' dir='ltr'><strong>stadiis</strong></span> <span class='ocrx_word' id='word_1_344' title='bbox 1325 2515 1368 2548; x_wconf 84' lang='lat' dir='ltr'><em>ab</em></span> <span class='ocrx_word' id='word_1_345' title='bbox 1387 2513 1473 2548; x_wconf 86' lang='lat' dir='ltr'><strong>urbe</strong></span> <span class='ocrx_word' id='word_1_346' title='bbox 1491 2511 1734 2557; x_wconf 86' lang='lat' dir='ltr'><strong>Didymoticho</strong></span> 
     </span>
     <span class='ocr_line' id='line_1_38' title="bbox 246 2556 1736 2608; baseline -0.003 -14"><span class='ocrx_word' id='word_1_347' title='bbox 246 2559 403 2595; x_wconf 78' lang='lat' dir='ltr'><strong>distans:</strong></span> <span class='ocrx_word' id='word_1_348' title='bbox 434 2561 527 2605; x_wconf 87' lang='lat' dir='ltr'><strong>quod</strong></span> <span class='ocrx_word' id='word_1_349' title='bbox 554 2559 653 2594; x_wconf 88' lang='lat' dir='ltr'><strong>ruina</strong></span> <span class='ocrx_word' id='word_1_350' title='bbox 680 2560 865 2606; x_wconf 88' lang='lat' dir='ltr'><strong>collapsum</strong></span> <span class='ocrx_word' id='word_1_351' title='bbox 888 2562 1089 2608; x_wconf 81' lang='lat' dir='ltr'><strong>iampridem</strong></span> <span class='ocrx_word' id='word_1_352' title='bbox 1107 2562 1370 2597; x_wconf 87' lang='lat' dir='ltr'><strong>Cantacuzenus</strong></span> <span class='ocrx_word' id='word_1_353' title='bbox 1395 2560 1583 2605; x_wconf 86' lang='lat' dir='ltr'><strong>imperator</strong></span> <span class='ocrx_word' id='word_1_354' title='bbox 1603 2556 1736 2602; x_wconf 81' lang='lat' dir='ltr'><strong>magnis</strong></span> 
     </span>
     <span class='ocr_line' id='line_1_39' title="bbox 247 2605 1737 2655; baseline -0.001 -15"><span class='ocrx_word' id='word_1_355' title='bbox 247 2607 441 2652; x_wconf 79' lang='lat' dir='ltr'><strong>sumptibus</strong></span> <span class='ocrx_word' id='word_1_356' title='bbox 456 2607 722 2649; x_wconf 80' lang='lat' dir='ltr'><strong>instauraverat,</strong></span> <span class='ocrx_word' id='word_1_357' title='bbox 741 2612 846 2653; x_wconf 83' lang='lat' dir='ltr'><strong>atque</strong></span> <span class='ocrx_word' id='word_1_358' title='bbox 864 2621 907 2643; x_wconf 87' lang='lat' dir='ltr'><strong>ex</strong></span> <span class='ocrx_word' id='word_1_359' title='bbox 925 2621 965 2643; x_wconf 88' lang='lat' dir='ltr'><strong>eo</strong></span> <span class='ocrx_word' id='word_1_360' title='bbox 983 2614 1147 2655; x_wconf 87' lang='lat' dir='ltr'><strong>tanquam</strong></span> <span class='ocrx_word' id='word_1_361' title='bbox 1168 2619 1263 2643; x_wconf 86' lang='lat' dir='ltr'><strong>suum</strong></span> <span class='ocrx_word' id='word_1_362' title='bbox 1283 2607 1455 2642; x_wconf 84' lang='lat' dir='ltr'><strong>aerarium</strong></span> <span class='ocrx_word' id='word_1_363' title='bbox 1475 2605 1617 2651; x_wconf 85' lang='lat' dir='ltr'><strong>egregio</strong></span> <span class='ocrx_word' id='word_1_364' title='bbox 1635 2615 1737 2650; x_wconf 89' lang='lat' dir='ltr'><strong>prae-</strong></span> 
     </span>
     <span class='ocr_line' id='line_1_40' title="bbox 245 2653 1738 2701; baseline -0.002 -14"><span class='ocrx_word' id='word_1_365' title='bbox 245 2653 335 2688; x_wconf 86' lang='lat' dir='ltr'><strong>sidio</strong></span> <span class='ocrx_word' id='word_1_366' title='bbox 353 2654 562 2688; x_wconf 85' lang='lat' dir='ltr'><strong>firmaverat.</strong></span> <span class='ocrx_word' id='word_1_367' title='bbox 586 2653 675 2688; x_wconf 84' lang='lat' dir='ltr'><strong>Illud</strong></span> <span class='ocrx_word' id='word_1_368' title='bbox 691 2653 800 2698; x_wconf 83' lang='lat' dir='ltr'><strong>igitur</strong></span> <span class='ocrx_word' id='word_1_369' title='bbox 815 2654 1071 2690; x_wconf 85' lang='lat' dir='ltr'><strong>circumsessum</strong></span> <span class='ocrx_word' id='word_1_370' title='bbox 1085 2658 1287 2701; x_wconf 87' lang='lat' dir='ltr'><strong>Apocaucus</strong></span> <span class='ocrx_word' id='word_1_371' title='bbox 1303 2653 1387 2688; x_wconf 87' lang='lat' dir='ltr'><strong>totis</strong></span> <span class='ocrx_word' id='word_1_372' title='bbox 1402 2653 1536 2687; x_wconf 84' lang='lat' dir='ltr'><strong>viribus</strong></span> <span class='ocrx_word' id='word_1_373' title='bbox 1553 2661 1738 2698; x_wconf 84' lang='lat' dir='ltr'><strong>oppugna-</strong></span> 
     </span>
     <span class='ocr_line' id='line_1_41' title="bbox 245 2699 1739 2746; baseline -0.002 -12"><span class='ocrx_word' id='word_1_374' title='bbox 245 2699 317 2736; x_wconf 82' lang='lat' dir='ltr'><strong>bat.</strong></span> <span class='ocrx_word' id='word_1_375' title='bbox 365 2700 467 2745; x_wconf 85' lang='grc' dir='ltr'>(ΙΙΙ.)</span> <span class='ocrx_word' id='word_1_376' title='bbox 490 2702 538 2735; x_wconf 88' lang='lat' dir='ltr'><em>At</em></span> <span class='ocrx_word' id='word_1_377' title='bbox 555 2699 691 2734; x_wconf 85' lang='lat' dir='ltr'><strong>interim</strong></span> <span class='ocrx_word' id='word_1_378' title='bbox 711 2699 1023 2746; x_wconf 80' lang='lat' dir='ltr'><strong>Didymotichensis</strong></span> <span class='ocrx_word' id='word_1_379' title='bbox 1042 2702 1217 2737; x_wconf 87' lang='lat' dir='ltr'><strong>exercitus</strong></span> <span class='ocrx_word' id='word_1_380' title='bbox 1237 2700 1381 2735; x_wconf 87' lang='lat' dir='ltr'><strong>maxima</strong></span> <span class='ocrx_word' id='word_1_381' title='bbox 1399 2711 1500 2746; x_wconf 69' lang='lat' dir='ltr'><strong>pare,</strong></span> <span class='ocrx_word' id='word_1_382' title='bbox 1524 2710 1599 2734; x_wconf 89' lang='lat' dir='ltr'><em>cum</em></span> <span class='ocrx_word' id='word_1_383' title='bbox 1617 2703 1654 2732; x_wconf 91' lang='lat' dir='ltr'><em>et</em></span> <span class='ocrx_word' id='word_1_384' title='bbox 1674 2699 1739 2732; x_wconf 91' lang='lat' dir='ltr'><em>ho-</em></span> 
     </span>
     <span class='ocr_line' id='line_1_42' title="bbox 245 2744 1738 2791; baseline -0.003 -10"><span class='ocrx_word' id='word_1_385' title='bbox 245 2747 350 2781; x_wconf 73' lang='lat' dir='ltr'><strong>stium</strong></span> <span class='ocrx_word' id='word_1_386' title='bbox 370 2747 463 2781; x_wconf 84' lang='lat' dir='ltr'><strong>vires</strong></span> <span class='ocrx_word' id='word_1_387' title='bbox 487 2746 718 2782; x_wconf 83' lang='lat' dir='ltr'><strong>validissimas</strong></span> <span class='ocrx_word' id='word_1_388' title='bbox 747 2747 909 2782; x_wconf 85' lang='lat' dir='ltr'><strong>viderent</strong></span> <span class='ocrx_word' id='word_1_389' title='bbox 934 2749 1148 2790; x_wconf 85' lang='lat' dir='ltr'><strong>adventare,</strong></span> <span class='ocrx_word' id='word_1_390' title='bbox 1180 2753 1217 2783; x_wconf 87' lang='lat' dir='ltr'><em>et</em></span> <span class='ocrx_word' id='word_1_391' title='bbox 1237 2747 1336 2782; x_wconf 86' lang='lat' dir='ltr'><strong>simul</strong></span> <span class='ocrx_word' id='word_1_392' title='bbox 1363 2747 1498 2789; x_wconf 83' lang='lat' dir='ltr'><strong>famem,</strong></span> <span class='ocrx_word' id='word_1_393' title='bbox 1529 2757 1619 2791; x_wconf 88' lang='lat' dir='ltr'><strong>quae</strong></span> <span class='ocrx_word' id='word_1_394' title='bbox 1644 2744 1738 2778; x_wconf 82' lang='lat' dir='ltr'><strong>intus</strong></span> 
     </span>
     <span class='ocr_line' id='line_1_43' title="bbox 245 2793 1739 2840; baseline -0.003 -12"><span class='ocrx_word' id='word_1_395' title='bbox 245 2799 345 2836; x_wconf 85' lang='lat' dir='ltr'><strong>erat,</strong></span> <span class='ocrx_word' id='word_1_396' title='bbox 370 2793 526 2839; x_wconf 89' lang='lat' dir='ltr'><strong>quolibet</strong></span> <span class='ocrx_word' id='word_1_397' title='bbox 552 2793 706 2839; x_wconf 84' lang='lat' dir='ltr'><strong>peiorem</strong></span> <span class='ocrx_word' id='word_1_398' title='bbox 734 2793 836 2828; x_wconf 83' lang='lat' dir='ltr'><strong>hoste</strong></span> <span class='ocrx_word' id='word_1_399' title='bbox 862 2794 1048 2836; x_wconf 85' lang='lat' dir='ltr'><strong>ducerent,</strong></span> <span class='ocrx_word' id='word_1_400' title='bbox 1079 2796 1308 2840; x_wconf 82' lang='lat' dir='ltr'><strong>audirentque</strong></span> <span class='ocrx_word' id='word_1_401' title='bbox 1333 2793 1437 2828; x_wconf 84' lang='lat' dir='ltr'><strong>etiam</strong></span> <span class='ocrx_word' id='word_1_402' title='bbox 1463 2803 1633 2838; x_wconf 79' lang='lat' dir='ltr'><strong>agasones</strong></span> <span class='ocrx_word' id='word_1_403' title='bbox 1658 2801 1739 2824; x_wconf 79' lang='lat' dir='ltr'><strong>suos</strong></span> 
     </span>
     <span class='ocr_line' id='line_1_44' title="bbox 245 2840 1740 2890; baseline -0.003 -14"><span class='ocrx_word' id='word_1_404' title='bbox 245 2852 322 2877; x_wconf 88' lang='lat' dir='ltr'><em>cum</em></span> <span class='ocrx_word' id='word_1_405' title='bbox 343 2841 444 2889; x_wconf 78' lang='lat' dir='ltr'><strong>equis</strong></span> <span class='ocrx_word' id='word_1_406' title='bbox 464 2842 510 2878; x_wconf 85' lang='lat' dir='ltr'><em>ad</em></span> <span class='ocrx_word' id='word_1_407' title='bbox 528 2842 748 2889; x_wconf 76' lang='lat' dir='ltr'><strong>Apocaucum</strong></span> <span class='ocrx_word' id='word_1_408' title='bbox 766 2847 912 2888; x_wconf 76' lang='lat' dir='ltr'><strong>repente</strong></span> <span class='ocrx_word' id='word_1_409' title='bbox 934 2842 1187 2890; x_wconf 82' lang='lat' dir='ltr'><strong>transfugisse,</strong></span> <span class='ocrx_word' id='word_1_410' title='bbox 1224 2841 1344 2889; x_wconf 80' lang='lat' dir='ltr'><strong>fugam</strong></span> <span class='ocrx_word' id='word_1_411' title='bbox 1365 2845 1403 2877; x_wconf 84' lang='lat' dir='ltr'><em>et</em></span> <span class='ocrx_word' id='word_1_412' title='bbox 1425 2840 1495 2889; x_wconf 80' lang='lat' dir='ltr'><strong>ipsi</strong></span> <span class='ocrx_word' id='word_1_413' title='bbox 1517 2843 1740 2888; x_wconf 80' lang='lat' dir='ltr'><strong>capessentes</strong></span> 
     </span>
    </p>
   </div>
  </div>
 </body>
</html>
