1794 3172
261 132 363 182 964
674 139 994 187 NICEPHORI
1021 140 1345 189 GREGORAE

44 258 81 292 A.
98 257 142 290 Μ.
160 255 252 295 6859
264 246 341 303 πός
363 268 426 303 τις
455 249 637 310 ὑπῆρχεν
667 249 806 310 αὐτῷ,
836 250 898 296 ‘lv'
924 250 1025 309 ὅλην
1054 252 1099 296 ἐκ
1126 253 1365 312 περιουσίας
1396 250 1532 314 ἑαυτῷ
1563 254 1639 312 τὴν
1665 261 1741 300 τοῦ

103 301 499 386 Ιῃά’4οσυνειδότος
528 317 730 364 πιστεύων
756 318 973 378 ἡγεμονίαν
1005 321 1066 379 μὴ
1098 322 1235 384 ῥᾷστα
1260 330 1356 374 ταῖς
1377 328 1462 367 τῶν
1490 323 1646 376 ἔξωθεν
1675 328 1743 369 αἲ-

263 392 436 450 φνιδίως
454 388 743 448 ἐπεισρεόντων
766 389 1090 449 ἀπροσδοκήτων
1107 392 1265 451 παρέχῃ
1289 397 1443 437 παθῶν
1471 394 1666 450 ἐμβολαῖς
1693 396 1742 440 τὸ

262 465 348 505 τῶν
378 464 585 517 λογισμῶν
618 459 935 517 περιτρέπεσθαι
955 460 1268 520 βουλευτήριον)
1304 463 1368 505 ε’πὶ
1390 461 1500 506 πόδα
1527 481 1570 507 τε
1590 463 1745 520 ἀνεχώ-

266 548 326 588 ρει
345 531 413 573 καὶ
430 528 716 573 συνεστέλλετο
746 535 1015 589 παραχρῆμα.
1051 536 1217 576 πολλῶν
1236 527 1310 576 οὖν
1328 532 1516 584 ἀνελίξας
1536 534 1578 576 ἐν
1596 538 1773 591 βραχεῒ5

265 603 472 656 λογισμῶν
499 600 809 656 λαβυρίνθους,
840 603 908 643 καὶ
937 605 1103 645 πολλῶν
1128 601 1250 658 ἠθῶν
1268 602 1602 659 ἔπιπλανηθῆναι
1630 601 1746 661 χρώ-

265 686 382 726 ματα
425 668 523 719 δοὺς
555 674 614 728 τῷ
645 667 856 730 προσώπῳ
894 670 1002 714 κατὰ
1032 670 1080 715 τὸ
1112 671 1397 728 συμβεβηκὸς,
1441 674 1509 715 καὶ
1538 671 1747 731 μικράττα

229 736 580 798 Βφθεγξάμενος,
609 736 690 782 ὅσα
707 746 795 790 τοῖς
818 744 894 783 τοῦ
919 738 1044 798 λόγου
1074 742 1305 798 προοιμίοις
1328 741 1511 800 ἀρκέσειν
1539 744 1596 793 εἷς
1617 760 1747 800 κεφα-

265 808 343 866 λὴν
363 806 492 852 ἐδόκει
501 841 516 862 ,
549 812 608 869 τῷ
629 812 820 871 Παλαμᾷ
840 810 983 854 λοιπὸν
1001 810 1078 867 τὴν
1098 815 1182 854 τῶν
1202 812 1292 867 ἐμοὶ
1308 811 1595 869 προτεθέντων
1613 810 1748 856 ἀπάν-

266 895 386 936 τησιν
407 875 647 936 παρεχώρει.
717 878 812 938 (Β.)
851 884 924 939 Τῷ
950 881 996 923 δὲ
1015 882 1084 923 καὶ
1108 880 1221 940 αὐτῷ
1241 881 1356 939 παρὰ
1373 883 1626 939 προσδοκίαν
1660 889 1747 932 τοῖς
1761 887 1794 924 1(

266 946 470 999 τοιούτοις
498 947 779 1004 ε’μπεπτωκότι
816 949 884 1008 (οὗ
912 949 991 1008 γὰρ
1011 945 1064 1007 ἦν
1082 951 1124 994 ἓν
1143 950 1332 1006 μελέταις
1362 948 1587 1007 δεήσεσθαι
1619 949 1750 1008 λόγων

270 1018 369 1062 οὐδὲ
404 1022 561 1075 μικρῶν
587 1019 644 1068 εἷς
676 1016 933 1075 ἀπάντησιν·
979 1017 1265 1078 κατορθώσειν
1296 1020 1374 1077 γὰρ
1403 1019 1504 1079 ᾤετο
1545 1019 1672 1064 πάντ’
1706 1022 1749 1065 ἐν

268 1092 420 1145 βραχεῖ
440 1091 658 1143 βασιλικῆς
677 1085 846 1144 δυνάμει
861 1089 1000 1146 χειρὸς
1021 1091 1088 1132 καὶ
1106 1091 1279 1145 χείλεσιν
1301 1088 1530 1147 ἄφθόγγοις
1539 1123 1553 1143 ‚
1593 1089 1649 1141 ὡς
1666 1109 1749 1147 μη-

230 1158 345 1201 Εδέν
375 1159 432 1208 εἷς
461 1156 536 1213 τὴν
563 1154 787 1214 ὑστεραίαν
812 1156 1115 1216 ὑπολειφθῆναι
1137 1161 1359 1216 φροντίδος
1384 1161 1581 1214 λείψανον
1598 1158 1752 1215 ’ἡμετέ-

275 1225 370 1285 ρας)
392 1223 623 1284 διηπορεῖτο
649 1227 758 1270 καθ’
785 1225 948 1280 ἑαυτὸν,
975 1226 1268 1284 αἰσχυνόμενος
1285 1226 1452 1286 γλώσσῃ
1470 1233 1590 1286 κωφῇ
1611 1247 1750 1288 παρα-
1763 1237 1794 1273 1έ

121 1305 167 1341 V.
187 1303 257 1341 490
275 1297 436 1340 θέσθαι
460 1296 508 1339 τὸ
531 1300 715 1353 πρᾶγμα,
738 1298 805 1340 καὶ
824 1301 1079 1354 φωραθῆναι
1098 1297 1252 1354 γυμνὸς
1274 1302 1358 1341 τῶν
1379 1302 1438 1357 ,τῷ
1462 1302 1593 1357 καιρῷ
1617 1315 1752 1357 προσα

272 1370 392 1425 φυῶν
421 1363 655 1421 νοημάτων.
729 1365 818 1424 (Γ.)
850 1366 1133 1423 Ὀλιγομαθὴς
1157 1367 1237 1425 γὰρ
1270 1361 1392 1419 οὗτος
1415 1366 1497 1421 ὢν,
1535 1367 1636 1411 ὅταν
1665 1371 1752 1431 ἰδίᾳ

121 1444 164 1480 P.
184 1444 254 1481 606
277 1442 364 1486 τοῖς
383 1438 685 1493 προστυχοῦσιν
707 1433 851 1494 ὁμιλῇ,
879 1435 905 1492 ἢ
932 1435 989 1479 δι’
1016 1436 1207 1491 ἀμαθίαν
1235 1436 1310 1480 οὐκ
1337 1436 1498 1494 ἔχουσιν
1527 1437 1752 1497 ἀντιφθέγ-

274 1509 451 1563 γεσθαι,
495 1502 521 1560 ἢ
553 1503 620 1546 διὰ
654 1506 794 1562 φιλίαν
818 1505 989 1562 ἐλέγχειν
1018 1507 1376 1561 συστελλομένοις,
1413 1506 1439 1563 ἢ
1466 1505 1515 1550 τό
1542 1525 1585 1564 γε
1615 1510 1753 1563 μεῖζον

277 1571 431 1618 δεδιόσι
450 1573 509 1629 μὴ
539 1577 613 1629 τῆς
633 1573 761 1617 αὐτοῦ
785 1573 890 1631 πρὸς
909 1575 1086 1631 βασιλέα
1111 1577 1310 1633 διαβολῆς
1333 1574 1546 1634 ἀγώνισμα
1572 1577 1794 1634 γένοιντοΞ(

277 1643 451 1703 (ταύτὸν
473 1639 551 1700 γάρ
573 1644 659 1686 ἐστι
677 1646 868 1705 Παλαμᾷ
893 1662 936 1688 τε
959 1645 1158 1689 ἀντειπεῖν
1192 1645 1270 1688 κάκ
1291 1650 1367 1690 τοῦ
1396 1651 1640 1704 προφανοῦς
1659 1649 1752 1691 δια-

279 1715 562 1770 λοιδορεῒσθαι
575 1714 643 1757 καὶ
659 1712 852 1771 βασιλεῖ),
866 1715 1122 1759 ἐπαινεῖσθαι
1141 1714 1278 1767 ἔδοξεν
1295 1715 1416 1767 ἐνίοις
1434 1717 1611 1772 ἐνιαχοῦ.
1651 1718 1692 1768 ἔς
1703 1719 1729 1760 δ
1735 1716 1750 1734 ’

278 1780 515 1841 ὕπαίθρους
528 1782 759 1841 ἀντιλογίας
777 1785 845 1828 καὶ
865 1784 1107 1840 ἀντιθέσεις,
1120 1785 1216 1830 κατ’
1233 1784 1422 1830 ἔνστασιν
1441 1784 1752 1846 ἀντιπαράστα-

281 1959 372 1996 omni
394 1960 497 1995 animi
527 1959 672 2006 imperio
695 1961 797 2007 plene
819 1972 883 2007 per
905 1972 944 1996 se
965 1960 1077 2007 ipsum
1102 1962 1252 2008 potitus,
1282 1961 1475 2009 repentinis
1499 1966 1604 2010 atque
1625 1962 1755 2010 impro-

282 2007 368 2042 visis
391 2008 705 2052 supervenientium
729 2008 944 2043 extrinsecus
966 2008 1154 2043 affectuum
1176 2009 1454 2055 impressionibus
1474 2010 1635 2045 iudicium
1661 2022 1756 2046 suum

235 2078 238 2081 ψ
283 2053 440 2088 subverti
462 2053 553 2087 haud
576 2054 678 2089 facile
701 2055 896 2100 pateretur)
921 2055 1035 2100 coepit
1057 2055 1173 2090 statim
1196 2057 1318 2102 pedem
1338 2057 1471 2092 referre
1495 2061 1532 2092 et
1554 2059 1758 2093 contrahere

282 2111 348 2147 se..
393 2099 514 2134 Multis
546 2100 665 2146 itaque
697 2100 795 2136 brevi
827 2101 990 2147 temporis
1020 2102 1135 2147 spatio
1165 2104 1262 2138 velut
1284 2103 1488 2150 labyrinthis
1511 2104 1757 2148 cogitationum

284 2145 453 2188 evolutis,
488 2146 670 2182 multorum
700 2148 885 2182 affectuum
920 2148 1090 2183 coloribus
1122 2149 1263 2184 incertis
1295 2154 1331 2184 et
1353 2155 1482 2185 temere
1504 2150 1636 2185 obortis
1659 2151 1757 2185 vultu

283 2192 435 2235 suffuso,
457 2203 568 2237 pauca
591 2193 722 2228 demum
745 2194 931 2239 loquutus,
965 2200 1129 2241 quantum
1159 2196 1244 2231 satis
1266 2208 1345 2231 esse
1368 2196 1551 2232 videbatur
1573 2197 1618 2231 ad
1641 2197 1758 2243 prolu-

283 2238 455 2280 dandum,
480 2243 516 2273 et
539 2239 584 2273 ad
611 2240 780 2285 quoddam
805 2240 912 2276 veluti
934 2246 1041 2287 caput
1063 2243 1211 2277 orationi
1231 2243 1493 2289 imponendum,
1514 2243 1557 2277 ad
1583 2255 1644 2286 ea,
1669 2255 1758 2289 quae

284 2296 554 2331 proposueram,
579 2286 810 2331 respondendi
831 2299 950 2323 munus
972 2288 1133 2324 Palamae
1162 2289 1343 2324 concessit.
1406 2289 1491 2334 (11.)
1523 2290 1591 2324 Hic
1614 2301 1698 2324 vero
1722 2290 1759 2325 in

286 2343 363 2368 eam
386 2331 628 2366 necessitatem
660 2338 801 2378 praeter
830 2333 1023 2379 opinionem
1046 2335 1123 2381 ipse
1147 2348 1284 2382 quoque
1307 2334 1498 2375 adductus,
1528 2335 1589 2381 qui
1621 2336 1688 2371 sibi
1714 2336 1759 2370 ad

286 2378 562 2424 respondendum
585 2390 629 2412 ne
651 2379 786 2413 minima
810 2381 949 2425 quidem
972 2382 1128 2417 oratione
1151 2394 1236 2429 opus
1260 2383 1335 2416 fore
1359 2381 1591 2427 praevidisset
1621 2382 1760 2428 (omnia

286 2424 419 2471 quippe
440 2437 500 2467 se,
531 2425 749 2470 imperatoris
778 2437 878 2460 manu
903 2433 939 2461 et
970 2433 1169 2474 potestate,
1201 2428 1337 2463 silentio
1368 2428 1446 2475 ipso
1470 2428 1620 2463 feliciter
1643 2428 1760 2463 statim

287 2471 523 2507 confecturum
549 2476 702 2517 putarat,
726 2472 777 2506 sic
801 2477 840 2507 ut
863 2474 990 2509 nullam
1015 2475 1184 2521 postridie
1205 2475 1371 2520 reliquam
1398 2475 1507 2509 nostri
1527 2487 1642 2509 curam
1661 2475 1761 2509 habi-

288 2522 403 2553 turum
427 2530 465 2552 se
487 2518 671 2563 speraret)
704 2530 819 2553 secum
849 2521 951 2555 anxie
973 2521 1199 2557 deliberabat.
1245 2521 1405 2556 Pudebat
1426 2533 1548 2567 nempe
1571 2533 1647 2556 eum
1671 2521 1760 2556 taci-

288 2563 450 2600 turnitati
471 2576 545 2599 rem
575 2575 704 2599 omnem
728 2565 947 2610 permittere,
980 2580 1020 2602 ac
1051 2568 1220 2603 rationum
1251 2579 1314 2612 pro
1337 2573 1492 2614 tempore
1515 2567 1762 2613 excogitanda-—

289 2623 364 2646 rum
387 2612 521 2656 inopem
544 2623 621 2646 sese
643 2611 867 2657 deprehendi.
923 2613 1029 2659 (111.)
1054 2614 1191 2649 Etenim
1220 2625 1340 2660 parum
1361 2615 1421 2649 ille
1444 2614 1620 2655 eruditus,
1644 2614 1703 2648 ubi
1723 2614 1762 2655 ii,

289 2669 366 2692 cum
390 2658 516 2703 quibus
540 2657 700 2703 privatim
723 2658 815 2692 forte
839 2659 1055 2704 colloquutus
1078 2666 1144 2702 est,
1165 2661 1222 2696 vel
1246 2673 1330 2706 prae
1351 2660 1549 2707 ignorantia
1571 2661 1655 2695 nihil
1679 2672 1762 2695 con-

292 2703 489 2746 tradixere,
519 2704 576 2739 vel
606 2704 652 2739 ob
674 2703 855 2739 amicitiam
877 2706 1036 2741 refellere
1058 2707 1164 2742 veriti
1185 2711 1286 2750 sunt,
1311 2707 1386 2749 vel,
1411 2707 1507 2752 quod
1528 2707 1671 2752 gravius
1695 2711 1762 2748 est,

291 2750 480 2785 timuerunt
501 2762 545 2785 ne
568 2750 643 2785 eius
665 2751 838 2786 calumniis
863 2753 955 2796 apud
971 2753 1208 2798 imperatorem
1228 2757 1511 2799 oppugnarentur
1526 2753 1680 2798 (scilicet
1692 2753 1762 2787 Pa-

292 2795 404 2831 lamae
426 2796 675 2838 contradicere,
698 2801 736 2832 et
755 2797 955 2842 imperatori
980 2800 1091 2845 palam
1109 2800 1306 2841 convitiari,
1330 2811 1398 2835 una
1413 2803 1450 2835 et
1464 2799 1583 2834 eadem
1601 2811 1657 2834 res
1678 2800 1763 2842 est),

292 2841 420 2879 alicubi
444 2848 480 2879 et
503 2854 526 2880 a
548 2843 750 2890 quibusdam
775 2845 871 2880 visus
893 2850 947 2881 est
970 2846 1114 2883 laudari.
1161 2849 1210 2894 At
1231 2846 1267 2883 in
1289 2845 1423 2893 apertis
1445 2845 1582 2883 dicendi
1605 2845 1765 2881 certami-
