1794 3172
260 135 392 187 1024
584 159 586 162 ·
712 142 752 187 N
754 139 1031 186 ICEPHORI
1060 138 1390 187 GREGORAE

45 266 78 301 A.
95 265 138 298 M.
156 264 247 301 6859
260 266 351 299 ται·
380 249 594 311 -ἀνοῖρχους
624 249 783 308 δηλαδὴ
805 249 905 301 τοὺς
927 246 1182 308 ἀνθρώπους
1203 250 1495 294 καθίστασθαι
1524 251 1593 295 καὶ
1619 249 1737 295 ἀκτί-

108 313 176 347 Iud.
192 311 411 394 4Forovg·
454 322 607 366 ταύτὸν
643 321 688 365 δ’
733 322 854 365 εἷπεΐν
899 318 1205 371 ἔνυποστάτους
1244 321 1313 363 καὶ
1343 320 1555 371 ἐνουσίους
1594 321 1736 375 θεοὺς,

262 389 471 451 ἀπειράκις
493 390 708 448 ἀπείρους,
747 393 831 433 τῶν
852 386 1063 446 ἀπειράκις
1083 389 1261 446 ἀπείρων
1298 388 1395 449 (χρὴ
1412 389 1492 449 γὰρ
1515 388 1612 434 κατ’
1638 391 1740 446 ἐκεῖ·

259 480 331 507 νον
370 463 556 504 ἐνταῦθα
595 457 756 515 καλεῖν)
802 459 1008 516 ἐνεργειῶν
1041 460 1109 502 καὶ
1141 456 1380 515 θεοτήτων,
1426 458 1631 503 ἀκτίστων
1672 460 1742 502 καὶ

260 530 464 575 ἀνουσίων
484 533 625 583 θεῶν,
663 527 816 572 ταῦτόν
839 527 883 571 δ’
905 530 1028 572 εἰπεῖν
1046 528 1248 585 μηδένων.
1292 532 1352 588 τῷ
1373 528 1453 586 γὰρ
1472 524 1651 589 οἰκτίστῳ
1671 529 1771 572 καὶὸ

260 596 535 658 ἀνυποστάτῳ
564 598 612 642 τὸ
645 599 775 655 μηδὲν
803 595 907 653 μήτ’
943 595 1044 641 εἶναι
1074 595 1179 654 μήτε
1209 595 1480 642 πιστεύεσθαι
1509 602 1635 642 πᾶσιν
1666 597 1744 641 ἀν-

259 667 450 727 θρώποις
468 670 584 712 δοκεῖ
601 669 668 711 καὶ
690 665 936 721 πιστεύεται,
967 669 1036 710 καὶ
1058 667 1200 717 αὐτοῖς
1218 684 1260 724 γε
1282 673 1370 718 τοῖς
1387 667 1606 725 βρέφεσιν,
1641 664 1744 713 εἶναι,

110 745 153 781 Ρ.
176 741 246 782 644
269 735 435 782 ταύτόν.
493 737 664 793 οὗδεμία
687 737 766 795 γὰρ
803 735 942 797 (φησὶ)
978 733 1123 795 φύσις,
1162 735 1225 780 ὅτι
1251 736 1311 793 μὴ
1341 733 1438 780 τόδε
1469 738 1603 789 ἐστὶν,
1642 735 1749 794 ἀλλ’Ι

263 807 326 852 ὅτι
362 805 472 851 τόδε.
518 804 546 864 ἦ
579 811 653 850 τοῦ
681 806 800 857 ὄντος
838 806 958 856 θέσις
993 805 1071 862 οὐχ
1100 804 1127 862 ἡ
1163 809 1239 849 τοῦ
1270 806 1330 862 μὴ
1367 804 1486 856 ὄντος
1522 806 1742 864 ἀναίρεσις.

264 875 352 937 (Ε.)
395 874 518 920 Οὕτω
539 878 822 934 μειρακιωδῶς
845 873 1149 919 ἔνεανιεύσαντο
1172 875 1278 918 κατὰ
1307 878 1384 931 τῆς
1413 874 1620 930 εὐσεβείας
1628 908 1643 929 ,
1675 876 1744 917 καὶ
1756 881 1794 916 lc

264 946 396 997 οὕτως
415 943 594 989 ἀσύνετα
622 946 727 989 καθ’
751 943 870 1001 ἡμῶν
892 942 1134 1001 εἷργάσαντό
1156 962 1198 988 τε
1223 946 1290 987 καὶ
1319 942 1748 1000 ἒβουλεύσαντο,,ταῖ’ς

263 1014 481 1072 ἡμετέραις
502 1022 740 1073 συμφοραῖς
758 1014 833 1070 τὴν
853 1012 1013 1057 ἑαυτῶν
1038 1012 1251 1064 ἑστιῶντες
1277 1014 1511 1072 θηριωδίαν
1523 1047 1537 1068 ,
1571 1015 1639 1057 καὶ
1662 1017 1746 1056 πᾶν

263 1084 446 1142 πονηρὸν
467 1084 581 1142 ῥῆμα
602 1084 705 1127 καθ’
729 1082 846 1140 ἡμῶν
874 1081 1123 1138 ψευδόμενοι
1153 1083 1398 1137 συνέθεντο,
1433 1083 1540 1127 καθ’
1572 1082 1652 1127 ὅσα
1678 1084 1748 1126 καὶ

108 1197 111 1202 ,
227 1151 336 1198 Βοῖά
371 1164 522 1211 σφισιν
546 1150 772 1210 ὑπηγόρευε
802 1152 849 1196 τὸ
878 1151 1146 1208 θυμούμενον
1176 1157 1251 1208 τῆς
1278 1157 1442 1208 ’ψυχῆς
1488 1154 1556 1196 καὶ
1593 1151 1749 1209 ἀγορὰς

114 1226 158 1263 V.
176 1226 247 1265 520
270 1224 338 1267 καὶ
356 1223 521 1280 θέατρα
541 1220 668 1265 πάντ’
695 1219 972 1278 ἐμπεπλήκασι
994 1222 1051 1264 δι’
1077 1223 1295 1276 ἐμμίσθων
1313 1220 1525 1279 κηρύκων,
1555 1221 1747 1279 λαμπρὸν
1761 1227 1794 1263 ῙΞ

269 1295 327 1343 εἷς
348 1290 704 1348 ἀνανταγώνιστον
732 1292 930 1334 πίστωσιν
949 1295 1032 1334 τῶν
1054 1289 1290 1335 ἀκουόντων
1310 1289 1647 1347 ἐπιτηδεύσαντες
1675 1290 1749 1334 τὸν

268 1360 467 1418 ἡμέτερον
493 1359 788 1417 συγκλεισμόν·
820 1362 890 1403 ἵνα
912 1360 1015 1404 καθ’
1049 1358 1167 1416 ἡμῶν
1193 1377 1236 1404 τε
1267 1358 1516 1422 πλάττοντες
1545 1361 1750 1417 ἐπιψηφί-

273 1433 393 1484 ζωσιν
425 1429 547 1474 ὁποῖα
575 1432 642 1473 καὶ
671 1429 751 1474 ὅσα
781 1428 1000 1484 βούλοιντο
1029 1432 1095 1473 καὶ
1130 1428 1218 1485 ἅμα
1241 1431 1405 1480 πλείους
1431 1434 1514 1473 τῶν
1542 1429 1750 1480 ἀσυνέτως

270 1499 448 1556 ἐχόντων
474 1497 702 1556 μαθήσεως
732 1499 836 1556 πρὸς
866 1499 942 1555 τὴν
970 1500 1171 1556 σφετέραν
1202 1498 1341 1542 αὐτῶν
1372 1499 1564 1554 ἀσέβειαν
1596 1516 1750 1557 προσε-

270 1571 552 1627 ταιρίζωνται,
589 1573 665 1612 τοῦ
697 1569 813 1626 παρὰ
838 1567 971 1619 πόδας
995 1569 1158 1625 ἐλέγχου
1194 1569 1302 1611 κατὰ
1327 1567 1548 1624 διάμετρον
1578 1568 1794 1623 ἷσταμέ-Ξ(

237 1641 349 1682 (ἳνου
364 1671 378 1691 ,
410 1636 515 1694 μήτε
535 1638 636 1681 θεὸν
662 1636 938 1696 φοβούμενοι,
967 1635 1072 1694 μήτ’
1095 1635 1348 1694 ἀνθρώπους
1367 1636 1600 1693 αἰδούμενοι
1609 1671 1624 1692 ,
1653 1636 1748 1694 μήτ’

274 1710 331 1758 εἷς
350 1707 396 1751 τὸ
420 1708 570 1763 με’λλον
593 1706 692 1751 εἶναι
717 1705 974 1758 πιστεύοντές
996 1724 1086 1750 τινα
1114 1711 1198 1750 τῶν
1219 1707 1405 1751 ἐνταῦθα
1427 1708 1645 1765 δρωμένων
1661 1708 1753 1763 κρί-

276 1794 366 1832 σιν,
403 1774 508 1834 μήτε
527 1774 780 1822 κατάστασιν
806 1777 983 1834 ἀμοιβῆς
1002 1776 1176 1834 ἀγαθῶν
1208 1778 1276 1820 καὶ
1306 1780 1467 1832 κακῶν,
1505 1774 1563 1828 ὡς
1583 1776 1638 1821 τὰ
1661 1777 1751 1836 ἱεροὶ

277 1912 333 1945 tes
361 1913 398 1945 et
425 1908 624 1954 increatos;
654 1923 734 1954 seu,
759 1909 852 1958 quod
871 1910 962 1947 idem
983 1914 1059 1953 est,
1082 1910 1177 1947 Deos
1197 1922 1259 1957 per
1286 1921 1325 1945 se
1344 1909 1590 1953 subsistentes,
1615 1912 1650 1945 et
1670 1910 1754 1945 sub-

279 1956 406 1991 stantia
423 1956 598 2002 praeditos
621 1958 788 1993 infinities·
805 1959 968 2000 infinitos,
991 1958 1155 1992 infinities
1176 1957 1383 1992 infinitarum
1404 1958 1562 2003 (oportet
1581 1957 1668 1991 enim
1687 1958 1754 1991 hoc

278 2003 353 2036 loco
367 2002 417 2038 sic
438 2014 564 2037 vocare
580 2008 620 2038 ut
640 2006 684 2039 ab
706 2016 746 2039 eo
763 2005 948 2049 vocantur)
966 2005 1181 2050 energiarum
1200 2009 1235 2038 et
1252 2003 1482 2045 divinitatum,
1507 2015 1595 2050 quae
1613 2003 1682 2038 sint
1699 2003 1754 2037 in-

279 2049 391 2083 creati
411 2052 447 2083 et
473 2050 664 2085 substantia
688 2055 845 2085 carentes
868 2050 945 2093 Dii3
971 2062 1053 2093 seu,
1076 2051 1167 2096 quod
1194 2050 1284 2084 idem
1310 2054 1386 2092 est,
1409 2049 1504 2085 nulli.
1550 2050 1640 2084 Nam
1660 2049 1755 2095 quod

281 2098 335 2130 est
351 2095 540 2129 increatum
558 2096 656 2131 simul
677 2101 713 2131 et
738 2096 951 2131 substantiae
969 2109 1113 2143 expers,
1137 2097 1174 2132 id
1197 2097 1351 2131 omnibus
1373 2096 1581 2138 hominibus,
1606 2101 1641 2131 et
1666 2096 1754 2141 ipsis

281 2152 417 2186 quoque
440 2140 647 2186 infantibus,
671 2142 810 2177 videtur
834 2143 1055 2190 crediturque
1072 2143 1162 2177 idem
1192 2155 1268 2178 esse
1289 2147 1395 2189 atque
1421 2143 1528 2185 illud,
1553 2143 1644 2188 quod
1668 2142 1755 2176 nihil

282 2190 336 2222 est
355 2186 509 2232 nihilque
526 2200 602 2223 esse
626 2188 787 2224 creditur.
819 2188 926 2223 Nulla
945 2191 1044 2233 enim,
1068 2189 1192 2235 inquit,
1217 2195 1338 2224 natura
1358 2189 1396 2224 in
1413 2201 1454 2224 eo
1473 2189 1641 2231 consistit,
1662 2188 1755 2234 quod

282 2245 351 2268 non
370 2233 416 2267 sit
437 2233 521 2276 hoc,
545 2236 607 2269 sed
626 2235 662 2269 in
680 2246 741 2278 eo,
766 2234 856 2280 quod
873 2236 939 2271 hoc
967 2236 1024 2270 sit.
1072 2236 1154 2271 Non
1176 2235 1315 2281 ponitur
1331 2235 1368 2269 id
1385 2235 1476 2281 quod
1495 2242 1570 2277 est,
1592 2236 1657 2269 hoc
1676 2236 1754 2280 ipso

285 2279 375 2325 quod
401 2280 532 2314 tollitur
556 2280 595 2314 id
618 2282 711 2326 quod
739 2292 808 2315 non
835 2285 898 2315 est.
946 2282 1031 2327 (V.)
1059 2282 1115 2317 Ita
1136 2282 1262 2318 saniori
1282 2282 1456 2316 doctrinae
1476 2281 1675 2316 iuveniliter
1701 2281 1755 2315 illi

284 2325 508 2367 insultarunt,
531 2325 583 2360 ita
608 2338 668 2361 nos
689 2326 792 2361 factis
808 2327 1031 2374 consiliisque
1056 2328 1268 2364 dementibus
1292 2331 1554 2373 oppugnarunt,
1578 2326 1756 2362 calamita-

286 2372 380 2406 tibus
399 2372 527 2406 nostris
553 2371 794 2407 immanitatem
818 2385 913 2408 suam
941 2375 1117 2418 cibantes3
1148 2374 1322 2419 iidemque
1343 2385 1440 2408 omne
1470 2373 1592 2408 malum
1611 2374 1754 2408 verbum

287 2419 469 2453 adversum
485 2430 546 2452 nos
562 2419 763 2453 mentientes
785 2429 827 2453 ex
851 2421 1038 2466 composito
1069 2420 1200 2466 loquuti
1225 2425 1327 2461 sunt,
1352 2420 1520 2466 quidquid
1545 2420 1598 2454 ira
1624 2431 1755 2466 sugge-

289 2467 405 2507 reret,
429 2464 677 2510 qualiacunque
705 2464 834 2499 animus
861 2466 1029 2502 dictaret:
1052 2467 1096 2501 iis
1115 2468 1194 2501 fora
1212 2467 1418 2511 theatraque
1441 2466 1553 2501 omnia
1580 2478 1644 2513 per
1671 2478 1756 2500 con-

290 2510 454 2544 ductitios
482 2522 670 2557 praecones
697 2511 933 2557 impleverunt.
988 2515 1103 2559 Atque
1127 2517 1166 2548 ut
1193 2524 1257 2555 ea,
1280 2524 1370 2558 quae
1397 2512 1577 2555 dicebant,
1602 2511 1756 2547 audienti

290 2556 434 2591 cuilibet
451 2555 578 2592 invicto
605 2561 804 2603 argumento
830 2559 1087 2604 confirmarent,
1113 2571 1232 2605 magno
1252 2563 1420 2604 apparatu
1445 2571 1507 2594 nos
1525 2559 1757 2601 incluserunt3

289 2614 358 2648 quo
375 2602 510 2637 scilicet
526 2603 563 2637 in
587 2614 670 2646 nos,
695 2606 780 2649 quot
798 2608 833 2639 et
850 2605 964 2650 qualia
989 2606 1168 2648 libuisset,
1194 2605 1431 2650 confingerent
1450 2617 1491 2640 ac
1512 2605 1756 2647 decernerent;

291 2648 456 2694 simulque
473 2652 511 2684 ut
528 2660 570 2683 ex
586 2648 628 2684 iis
639 2674 650 2692 ,
674 2650 733 2695 qui
755 2650 855 2684 tardo
873 2656 987 2686 essent
1004 2652 1048 2686 ad
1068 2651 1263 2686 discendum
1276 2650 1414 2696 ingenio
1427 2676 1439 2693 ‚
1464 2652 1576 2686 socios
1593 2651 1659 2686 sibi
1677 2651 1758 2696 plu-

288 2706 346 2730 res
362 2695 606 2741 adiungerent,
630 2695 770 2731 remotis
789 2707 889 2741 quam
913 2697 1109 2743 longissime
1133 2697 1200 2732 illis
1213 2723 1224 2742 ,
1249 2697 1373 2743 quibus
1394 2697 1629 2744 praesentibus
1654 2697 1758 2732 facile

291 2744 454 2787 poterant
469 2741 651 2787 redargui3
673 2753 740 2777 non
763 2742 832 2776 Dei
857 2747 970 2786 metu,
994 2756 1061 2779 non
1083 2744 1252 2779 hominum
1270 2744 1466 2779 reverentia
1483 2743 1665 2786 deterriti3
1689 2755 1757 2778 non

292 2787 338 2822 de
360 2787 459 2821 huius
479 2787 575 2823 vitae
589 2787 800 2823 facinoribus
817 2788 979 2824 iudicium
996 2791 1075 2826 olim
1093 2791 1245 2826 futurum
1263 2802 1339 2825 esse
1356 2790 1535 2826 credentes
1546 2815 1558 2832 ‚
1581 2801 1646 2825 nec
1667 2801 1757 2824 mer-

292 2831 411 2870 cedem
437 2833 536 2870 bonis
561 2837 598 2871 et
623 2834 742 2879 malis,
765 2835 1046 2883 quemadmodum
1075 2836 1203 2874 docent
1228 2848 1328 2873 sacra
1350 2836 1513 2882 oracula,
1537 2835 1755 2874 constitutam
