1794 3172
344 173 662 221 HISTORIAE
689 171 1065 219 BYZANTlNAE
1088 171 1248 218 XVIII.
1268 174 1309 219 5.
1404 240 1407 242 ‚
1440 166 1546 217 ,893

64 290 221 343 λοιμῶν
241 285 463 338 ξυναυλίας
471 318 485 338 ,
526 285 570 328 ἐκ
589 287 743 329 πολλοῦ
768 281 955 341 γεγονὼς,
982 280 1096 342 πάσῃ
1112 286 1196 327 τῶν
1214 281 1444 340 ἀναγκαίων
1462 282 1540 327 αὖ·
1563 291 1600 328 Δ.
1618 293 1655 326 c.
1677 280 1766 328 1351

64 356 249 416 θαιρέτῳ
269 355 518 414 στενοχωρίᾳ
532 356 730 398 δαπανῶν
746 353 909 396 διετέλει
929 352 1006 409 τὴν
1018 351 1169 397 ἑαυτοῦ
1189 349 1306 409 ζωήν.
1333 352 1428 412 (Δ.)
1443 339 1769 419 Τῶνῐωὲἐξὲοέω

63 442 108 484 γε
135 424 219 481 μὴν
245 423 395 482 ἑτέρων
424 421 654 467 ἐπισκόπων
670 421 760 466 ὅσοι
784 421 856 466 τὸν
882 422 973 466 ἴσον
994 421 1120 481 ᾔεσαν
1150 423 1271 477 ζῆλον
1302 424 1371 466 καὶ
1390 419 1546 480 τρόπον
1565 431 1608 470 Ρ.
1627 409 1697 468 56ἑ

65 494 206 539 οὖδενί
218 511 262 551 γε
280 494 322 545 ἐς
335 491 429 537 τόδε
443 492 731 548 ξυμπίπτωκεν
747 492 1019 549 ἐλλελεῖφθαι.
1056 497 1149 542 ταῖς
1166 490 1245 548 γὰρ
1261 495 1381 550 σφῶν
1399 487 1547 548 ἔκκλη-

35 565 178 614 5σίαις
197 562 610 621 παρεισφθαρέντων,
634 559 780 605 ὀπόσοι
802 559 975 619 ἀγύρται
998 561 1064 604 καὶ
1081 558 1365 615 βαναυσῶδεις
1380 563 1448 605 καὶ
1470 560 1545 606 δίν-

65 635 161 690 δρες
182 631 376 689 ἄντικρυς
397 629 607 686 αἱμάτων,
639 630 717 682 ἔξω
736 635 883 686 στῆναι
902 630 1132 688 πέπρακται
1154 634 1266 688 σφᾶς
1287 631 1550 688 προμηθείας

65 700 231 758 ἁπάσης
251 699 308 752 ὥς
327 698 595 760 πορρωτάτω.
634 694 692 744 ὧν
713 698 766 756 δή
788 717 867 743 που
888 699 942 743 τὰ
960 696 1151 754 σώματα,
1173 699 1233 754 μὴ
1254 699 1589 758 ε’γκαρτερῆσαιΒ

63 776 117 830 τῇ
138 768 280 814 σπάνει
299 774 383 814 τῶν
401 769 633 827 ἀναγκαίων
653 769 919 825 δεδυνημένα,
941 770 1008 811 καὶ
1031 767 1125 812 ὅσαι
1139 766 1271 826 ταύτῃ
1291 770 1543 827 δυσπραγίαι
1573 774 1612 811 V.
1628 771 1699 813 455

64 838 256 897 καθάπερ
276 838 474 898 ὁμοφυεῖς
487 856 591 890 τινες
608 836 729 895 τύχαι
748 840 815 881 καὶ
836 842 956 895 κῆρες
970 838 1150 891 ἕπονται,
1162 835 1297 893 πάσης
1311 836 1546 896 σκληρότη-
1575 878 1578 881 .

11 919 55 955 10
65 927 138 961 τος
157 907 307 968 ἐφόδια
326 913 528 967 λαμπρῶς
546 906 827 966 ἐφελκόμεναι,
852 909 920 951 καὶ
939 906 1036 950 ἄλλ’
1062 906 1131 950 ἐπ’
1155 905 1295 957 ἄλλοις
1321 907 1547 951 ἀντλοῦσαι

65 981 211 1030 κακίας
232 980 427 1034 πολυειδῆ
450 980 518 1021 καὶ
539 975 783 1035 πολύτροπα
812 974 961 1034 ῥόθια,
1000 976 1105 1034 πρὸς
1125 975 1201 1026 τὰς
1224 977 1417 1028 αἰωνίους
1445 977 1547 1020 ε’κεί-

63 1066 142 1100 νας
161 1050 230 1092 καὶ
250 1049 458 1105 μακαρίας
477 1047 631 1103 σκηνὰς
648 1048 984 1107 μετῳκίσθησαν.
1021 1050 1160 1103 παρῆν
1179 1045 1222 1089 δ’
1240 1040 1312 1089 οὖν
1334 1045 1424 1090 ἀντὶ
1443 1050 1547 1089 πολ-

65 1123 148 1162 λῶν
179 1117 258 1161 κάκ
288 1121 364 1173 τῆς
394 1117 641 1172 Ἀντιοχείας
684 1116 883 1173 ἐπαρχίας
917 1113 938 1158 ὃ
982 1112 1124 1172 Τύρου
1162 1115 1403 1166 ἐπίσκοπος·
1442 1115 1586 1174 ἄνὴρο

65 1187 234 1238 συνετὸς
271 1188 339 1230 καὶ
369 1186 501 1229 πολὺν
532 1187 577 1229 ἐκ
603 1182 767 1243 φύσεως
797 1186 959 1243 τρέφων
989 1184 1062 1228 τὸν
1095 1185 1136 1235 ἒς
1161 1184 1213 1227 τὰ
1235 1185 1374 1228 δίκαια
1408 1186 1544 1241 ζῆλον,

9 1267 53 1303 15
67 1257 166 1301 κάπὶ
186 1260 268 1300 τῶν
287 1259 361 1312 τῆς
381 1255 589 1310 εὐσεβείας
609 1255 820 1312 κρηπίδων
842 1251 958 1310 μάλα
977 1253 1142 1309 ἀκλινὴς
1167 1251 1294 1304 αὐτός
1312 1271 1356 1298 τε
1377 1252 1545 1309 ἱστάμε-

62 1344 134 1378 νος
168 1327 237 1369 καὶ
267 1324 420 1376 ἄλλους
447 1322 733 1383 ἐπιρῥωννύειν
762 1322 819 1367 ὢν
852 1321 1004 1374 ἱκανός.
1054 1317 1176 1373 οὗτος
1204 1324 1246 1366 ἓν
1272 1330 1411 1381 χεροῖν
1442 1323 1545 1379 ἔχων

63 1395 120 1440 τὰ
153 1393 282 1438 πάλαι
323 1398 383 1454 τῷ
417 1393 493 1451 τὴν
515 1391 766 1449 Ἀντιόχειαν
799 1397 1105 1450 πατριαρχικῶς
1135 1393 1314 1436 διέποντι
1352 1390 1548 1449 γεγονότα

65 1466 323 1523 ψηφίσματα
349 1465 418 1507 καὶ
451 1461 679 1521 γράμματα
707 1461 815 1506 κατὰ
847 1466 922 1518 τῆς
953 1466 1028 1505 τοῦ
1061 1465 1252 1516 Παλαμᾶ
1289 1461 1544 1517 δυσσεβείας,

65 1536 135 1578 καὶ
176 1532 267 1590 ἅμα
294 1533 376 1576 ἀπὸ
408 1531 618 1588 στόματος
644 1531 725 1588 ’ἤδη
752 1531 829 1587 τὴν
859 1531 1012 1574 ἐκείνου
1044 1528 1258 1588 κηρύττων
1283 1528 1448 1587 γνώμην
1477 1531 1548 1573 καὶ

8 1617 55 1652 20
67 1604 240 1658 θέλησιν
247 1636 261 1656 ,
299 1601 538 1661 αὐθαιρέτῳ
568 1602 636 1644 καὶ
663 1601 788 1650 αὐτὸς
816 1597 1040 1656 ἠκολούθει
1066 1599 1263 1658 προθέσει
1284 1604 1424 1656 ψυχῆς
1451 1605 1579 1649 τοΐςΙ)

65 1673 199 1722 θείοις
235 1668 435 1728 ἀνδράσιν
448 1703 461 1724 ,
501 1668 574 1720 οὓς
612 1671 655 1720 ἐξ
695 1668 874 1725 ἑωθινῆς
905 1668 1009 1725 πρὸς
1050 1667 1127 1723 τὴν
1170 1666 1371 1725 ἡμετέραν
1412 1668 1544 1712 οῗκίαν

67 1742 258 1799 ἴφθημεν
277 1737 484 1797 εἰρηκότες
503 1739 791 1796 ἀθροίζεσθαι.
864 1736 954 1796 (Ε.)
981 1734 1194 1794 Συνῄεσαν
1217 1737 1262 1780 δὲ
1283 1738 1350 1781 καὶ
1370 1741 1454 1781 τῶν
1476 1737 1546 1780 ἐλ-

67 1811 244 1867 λογίμων
265 1809 429 1866 ἀνδρῶν
451 1810 519 1852 καὶ
541 1812 684 1865 σοφῶν
705 1806 781 1850 οὖκ
808 1805 958 1863 ὀλίγοι,
991 1806 1269 1863 πεφραγμένοι
1297 1810 1434 1857 καλῶς
1457 1811 1546 1857 τοῖς

67 1881 111 1924 ἐκ
138 1883 223 1923 τῶν
249 1880 376 1922 θείων
404 1876 545 1928 ὅπλοις
574 1879 762 1937 γραφῶν,
781 1875 859 1919 κάκ
884 1879 968 1919 τῶν
996 1874 1256 1933 φαινομένων
1277 1874 1397 1932 ἠθῶν
1417 1874 1547 1926 εὗθῦς

66 2001 226 2031 causam,
260 1988 344 2034 quia
370 1987 534 2022 malorum
548 1984 713 2021 ‘eoncilia
742 1988 779 2020 et
808 1984 1043 2032 pestilentium
1070 1984 1252 2020 cathedras
1278 1984 1431 2027 odisset,
1455 1983 1546 2020 omni

66 2047 181 2071 rerum
214 2034 485 2069 necessariarum
523 2032 670 2079 penuria
711 2033 862 2067 afflictus
891 2033 999 2067 vitam
1032 2043 1127 2066 suam
1155 2032 1280 2067 sensim
1313 2032 1546 2067 consumebat.

67 2083 170 2128 (IV.)
196 2081 301 2122 Quod
317 2081 363 2115 ad
381 2085 540 2114 caeteros
559 2079 738 2125 episcopos
758 2079 904 2121 attinet,
929 2079 988 2124 qui
1003 2078 1148 2113 eundem
1168 2078 1281 2113 zelum
1292 2083 1329 2114 et
1342 2089 1468 2113 morem
1487 2088 1545 2111 se-

69 2128 129 2175 qui
149 2128 374 2162 instituerant
385 2151 395 2168 ,
419 2137 535 2160 eorum
550 2125 661 2160 nullus
684 2125 860 2171 superstes
876 2126 921 2160 ad
936 2125 1001 2159 hoc
1016 2136 1125 2171 usque
1140 2129 1275 2170 tempus
1293 2124 1428 2160 mansit.
1453 2123 1546 2159 Nam

69 2187 146 2210 cum
164 2174 201 2229 iq
218 2184 334 2228 eorum
353 2172 518 2227 ecclesias
536 2171 840 2226 cireumforaneum
866 2176 902 2207 et
919 2171 1087 2206 illiberale
1113 2172 1282 2206 hominum
1305 2182 1415 2216 genus
1441 2182 1484 2205 ac
1505 2181 1545 2224 re

68 2222 149 2267 ipsa
166 2232 237 2255 vm
254 2230 456 2264 sanguinum
474 2224 709 2263 lrrepsxssent,
734 2219 812 2252 lunc
829 2219 956 2253 factum
974 2222 1040 2260 est,
1059 2223 1096 2253 ut
1110 2217 1162 2252 illi
1178 2217 1373 2263 longissime
1392 2217 1436 2252 ab
1453 2227 1545 2251 omni

70 2268 238 2303 humanae
262 2265 503 2312 providentiae
528 2276 596 2310 ope
613 2265 868 2319 ablegarentur.
884 2310 893 2319 .
923 2265 1078 2306 Quorum
1103 2275 1367 2319 corpora‚·cum
1394 2263 1545 2298 tolerare

69 2325 138 2349 non
170 2318 314 2359 possent
347 2323 460 2347 rerum
492 2322 766 2345 necessariarum
802 2321 950 2356 mopiam
982 2322 1024 2346 ae
1057 2314 1214 2347 caetera-s
1240 2321 1417 2354 miserum,
1452 2319 1545 2353 quae

70 2372 146 2395 eam
162 2359 261 2394 velut
276 2363 423 2404 cognata
443 2357 610 2403 quaedam
626 2357 699 2392 fata
719 2362 763 2392 eb
777 2356 964 2391 infortunia
992 2357 1212 2399 comitantes,
1235 2369 1334 2392 omne
1356 2355 1545 2391 austerita-

70 2406 119 2440 tis
135 2405 394 2440 instrumentum
417 2415 532 2439 secum
546 2404 708 2446 trahunt,
731 2406 767 2438 et
784 2403 870 2437 alios
887 2415 932 2438 ex
956 2403 1033 2438 aliis
1062 2404 1221 2438 malorum
1243 2403 1456 2448 omnigenum
1475 2399 1543 2434 flu-

71 2457 150 2487 ctus
161 2453 444 2497 superingerunt,
468 2450 512 2484 ad
532 2450 757 2496 sempiternas
776 2449 853 2484 illas
871 2454 909 2484 et
925 2450 1045 2485 beatas
1062 2450 1164 2485 sedes
1181 2449 1387 2494 migravere.
1413 2446 1543 2482 Aderat

69 2503 185 2552 tamen
199 2509 287 2552 unus
307 2509 369 2551 pro
391 2497 505 2532 multis
521 2508 565 2531 ex
582 2496 795 2531 Antiochena
810 2495 1005 2550 proYincia,
1029 2497 1214 2542 episcopus
1231 2495 1342 2541 Tyri3
1365 2493 1422 2528 vir
1438 2491 1542 2533 intel-

71 2544 205 2590 ligens,
230 2555 290 2589 qm
307 2544 446 2578 insitum
463 2555 486 2577 a
503 2548 627 2577 natura
645 2554 792 2579 amorem
809 2548 892 2576 lusti
909 2542 1184 2578 ardentissimum
1211 2541 1321 2576 animo
1347 2540 1475 2580 aleret,
1497 2549 1541 2573 ao

71 2590 108 2624 in
135 2601 240 2624 verae
265 2589 365 2624 Fidei
386 2589 615 2624 fundamentis
637 2601 711 2623 cum
735 2589 812 2634 ipse
834 2587 989 2624 immotus
1008 2593 1201 2635 perstaret,
1224 2592 1294 2622 tum
1318 2586 1402 2621 alios
1420 2586 1542 2631 posset

72 2636 284 2670 confirmare.
331 2636 400 2670 Hic
429 2647 513 2681 prae
541 2636 698 2670 manibus
725 2635 854 2669 habens
875 2639 993 2671 vetera
1016 2634 1237 2680 patriarchae
1258 2631 1461 2668 Antiocheui
1478 2630 1542 2665 de-

71 2686 190 2724 creta,
214 2687 250 2716 et
276 2681 410 2716 litteras
433 2682 478 2716 ab
501 2693 542 2716 eo
569 2681 735 2716 adversus
760 2681 920 2716 Palamae
948 2681 1159 2727 impietatem
1186 2679 1332 2725 scriptas
1346 2703 1357 2720 ‚
1389 2689 1452 2712 uec
1471 2687 1542 2711 non

72 2728 225 2763 eiusdem
245 2728 445 2763 sententiam
465 2739 507 2762 ac
527 2727 736 2762 voluntatem
756 2727 838 2761 viva
853 2738 941 2762 voce
959 2727 1179 2768 annuncians,
1198 2726 1272 2771 ipse
1291 2735 1428 2770 quoque
1449 2723 1541 2758 ultro

12 2777 16 2781 ’
72 2775 285 2819 sequebatur
306 2773 401 2809 viros
421 2773 499 2808 illos
526 2774 776 2814 sanctissimos,
800 2784 886 2819 quos
913 2785 1012 2809 mane
1031 2774 1076 2808 ad
1093 2777 1243 2807 nostram
1258 2771 1392 2805 domum
1407 2768 1541 2804 conflu-

72 2821 168 2855 xisse
186 2819 341 2854 diximus.
389 2820 472 2865 (V.)
496 2820 699 2855 Convenere
714 2819 817 2854 etiam
841 2819 994 2854 homines
1013 2819 1169 2854 doctrina
1187 2824 1224 2854 et
1241 2816 1434 2851 eruditione
1456 2815 1543 2850 insi-

73 2878 160 2912 gues
175 2878 243 2902 nou
263 2866 368 2914 pauci
379 2891 392 2913 ,
413 2866 524 2902 saeris
541 2866 726 2914 seripturis
740 2865 836 2902 velut
850 2872 1025 2903 armatura
1047 2865 1193 2912 quadam
1207 2863 1351 2911 egregia
1367 2860 1539 2906 instructi,
