1794 3172
213 139 314 190 656
620 143 938 191 NICEPHORI
971 140 1299 187 GREGORAE

0 268 30 299 A.
52 266 94 298 Μ.
108 265 197 300 6851
217 255 399 316 ἐγεγόνει,
426 256 451 301 ἃ
462 259 548 314 μηδ
556 256 568 272 '
584 254 689 306 ὅλως
699 254 863 309 οὐδαμῆ
882 254 1162 310 προσεδοκᾶτο
1176 258 1264 303 τοῖς
1287 248 1585 308 κινδυνεύουσι,
1605 255 1693 310 μηδ
1700 251 1712 270 ²

39 313 107 346 1⁰¹¹·
126 315 281 393 11Εὲπὶ
309 330 484 385 καρδίαν
518 327 644 382 ἀνέβη
674 321 850 380 θνητήν.
889 327 948 381 τῷ
979 323 1054 377 μὲν
1086 321 1166 379 γὰρ
1196 325 1366 377 βασιλεῖ
1387 321 1559 379 ἣδιστόν
1587 341 1626 367 τι
1648 325 1717 366 καὶ

218 398 452 455 ἐλευθέριον
485 394 829 439 ἇναπεπνευκέναι
864 393 1044 448 ἐπῆλθεν
1080 392 1183 447 ὀψὲ,
1242 393 1311 435 καὶ
1340 396 1424 436 τῶν
1454 393 1552 436 κατ’
1587 393 1717 437 αὐτὸν

217 465 471 525 πραγμάτιον
494 465 623 522 ἀρχὴν
643 465 811 520 νομίσαι
832 464 947 506 τουτὶ
979 463 1046 504 καὶ
1069 459 1326 505 κατάστασιν
1350 460 1522 520 πρώτην
1539 477 1550 487 ·
1586 468 1646 523 τῷ
1671 464 1718 506 δὲ

216 542 300 580 τῶν
334 539 582 593 Τριβαλλῶν
628 534 794 591 ἀρχηγῷ
831 532 888 575 δι’
930 532 1055 589 ὀργῆς
1096 536 1308 575 ποιεῖσθαι
1341 532 1389 575 τὸ
1414 533 1610 589 συμβὰν,
1647 535 1752 577 καὶὸ

215 596 430 663 μεταμέλῴ
451 608 599 663 μακρῷ
628 603 704 659 τὴν
725 602 867 658 ’ψυχὴν
885 599 1152 656 κατατήκειν,
1194 599 1262 645 ὅτ’
1295 603 1338 646 ἐν
1356 609 1497 659 χεροῖν
1518 602 1623 659 ἔχων
1642 621 1718 659 με-

215 681 345 731 θῆκεν
369 672 447 718 ὑπ’
480 675 682 728 ἀβουλίας
710 672 783 716 τὸν
810 675 981 729 μακρῶν
1009 676 1244 728 θησαυρῶν
1270 671 1544 729 γενησόμενον
1566 673 1716 728 αἴτιον,

87 753 126 787 Ρ.
137 751 205 789 409
216 743 321 788 κατά
349 762 392 788 τε
413 748 593 787 πλοῦτον
613 743 744 800 ἀρχῆς
766 740 870 796 ὁμοῦ
891 743 958 784 καὶ
975 740 1205 799 χρημάτων
1226 743 1293 786 καὶ
1315 742 1500 801 ἀφοβίας
1519 748 1604 788 τῶν
1623 744 1718 802 ἔφε-

216 819 289 870 ξῆς
325 815 557 870 δαψίλειαν.
633 811 724 872 (Ζ.)
757 809 973 868 Ἐβούλετο
1005 812 1081 866 μέν
1106 807 1180 855 οὖν
1199 810 1380 868 πόλεμον
1401 812 1594 870 ἄρασθαι
1617 812 1716 856 κατ’

217 885 372 937 αὐτοῦ,
412 885 479 927 καὶ
507 881 645 940 μάχης
677 882 799 940 ἄρξαι
831 886 1097 938 περιφανοῦς.
1143 882 1289 933 δεδιὼς
1323 883 1369 926 δ’
1405 878 1482 938 αὖ,
1531 883 1591 940 μὴ
1613 883 1718 941 πρὸς
1731 888 1777 925 10

217 955 419 1010 ἀθέτησιν
441 958 604 1011 πρῶτος
628 950 827 1009 χωρήσας
859 951 986 1002 αὐτὸς
1021 956 1105 996 τῶν
1138 951 1451 1009 ὀμωμοσμένων
1488 951 1720 1012 ἀντιπράτ-

215 1042 330 1068 τοντι
364 1028 590 1081 προφανῶς
617 1020 766 1079 ἐντύχῃ
799 1026 859 1080 τῷ
897 1022 1030 1081 θείῳ,
1082 1021 1309 1066 κάντεῦθεν
1349 1022 1480 1080 ἥττης
1503 1022 1720 1082 ἆγῶνισμα

216 1095 378 1150 γένηται
403 1094 507 1150 μέγα
538 1094 605 1136 καὶ
628 1092 809 1149 ἅμαἎτῆς
829 1093 871 1143 ἐξ
892 1089 1131 1150 ἀνθρώπων
1146 1091 1299 1149 χλεύης
1317 1097 1550 1152 κληροῦχος
1571 1094 1715 1147 εὐθὺς,

174 1165 380 1219 Βὲπέσχεν
408 1163 449 1214 ἴς
475 1181 518 1220 γε
541 1163 588 1207 τὸ
618 1162 776 1221 παρὸν,
825 1166 968 1218 σιγῶσι
1000 1166 1213 1220 λογισμοῖς
1242 1165 1442 1208 δαπανῶν
1461 1164 1538 1221 τὴν
1559 1162 1718 1220 ψυχήν.

217 1232 343 1291 ἔφθη
360 1233 439 1291 γὰρ
470 1232 674 1290 ἑκατέρων
707 1231 862 1288 μεταξὺ
900 1232 960 1275 δι’
996 1231 1130 1289 ὅρκων
1162 1238 1449 1290 βεβαιωθεῖσα
1476 1236 1715 1292 συμφωνία,
1734 1244 1779 1280 15

216 1304 441 1360 μηδέτερον
470 1303 682 1362 μηδετέρῳ
711 1303 810 1346 ποτὲ
847 1303 1036 1359 γίνεσθαι
1066 1301 1238 1359 κώλυμα
1259 1304 1366 1363 πρὸς
1386 1304 1579 1361 εὐτυχίαν
1601 1303 1722 1362 ἥντι-

217 1378 346 1417 ναοῦν
380 1373 669 1430 ἀπαλλαγεῖσιν
706 1370 917 1429 ἀλλήλων,
963 1372 1062 1416 ἀλλ’
1097 1375 1283 1430 ἐμμένειν
1303 1381 1391 1425 τοῖς
1415 1373 1585 1426 ἀσύλοις
1607 1374 1722 1432 ὅροις

219 1442 281 1486 ἀεὶ
307 1447 381 1499 τῆς
400 1445 561 1500 φιλίας,
598 1445 666 1486 καὶ
690 1449 910 1501 συγχωρεῖν
934 1450 1027 1494 ταῖς
1055 1448 1140 1487 τῶν
1158 1446 1401 1498 Βυζαντίων
1422 1443 1621 1502 ὗπηκόοις
1643 1443 1725 1488 πό·-

199 1550 202 1553 ,
221 1517 332 1556 λεσιν
342 1546 356 1566 ,
395 1512 478 1572 ὅτῳ
497 1511 716 1568 βούλοιντο
740 1520 998 1572 προσχωρεῖν
1017 1511 1251 1569 ὃπώσποτε,
1291 1519 1369 1559 νῦν
1387 1516 1466 1571 μὲν
1485 1515 1594 1559 καθ’
1620 1513 1725 1570 ὅμο-

191 1583 382 1638 ιλογίαν,
434 1587 509 1627 νῦν
540 1584 584 1627 δ’
617 1585 661 1627 ἔκ
693 1585 933 1642 πολιορκίας
964 1582 1170 1643 ἑκατέρων
1199 1585 1305 1642 ἄλλη
1341 1584 1481 1646 ἄλλῳ,
1529 1585 1783 1642 &moschum

179 1651 390 1703 Οοῦδενός
410 1653 545 1697 οὐδενὶ
567 1658 816 1699 καθεστῶτι.
855 1652 988 1714 ταύτῃ
1017 1672 1084 1699 τοι
1105 1657 1174 1699 καὶ
1197 1656 1267 1700 διὰ
1285 1660 1431 1713 μυχῶν
1446 1656 1602 1716 ἔκρυψε
1622 1670 1725 1700 σιω-

226 1726 307 1778 πῆς
330 1722 378 1766 τὸ
397 1723 565 1778 συμβὰν
583 1724 631 1768 οὗ
649 1722 765 1780 μάλα
789 1724 961 1769 ἐθέλων.

97 1773 134 1808 V'
148 1773 218 1856 331}
331 1790 381 1843 ς’.
415 1792 483 1836 Ἐν
518 1794 570 1851 δὴ
599 1792 763 1846 τούτοις
794 1788 890 1852 ἧκεν
927 1796 971 1838 ἐκ
1005 1797 1239 1847 Θετταλίας
1266 1796 1334 1839 καὶ
1368 1793 1390 1840 ὃ
1421 1799 1498 1840 τοῦ
1520 1795 1727 1852 βασιλέως

317 1891 374 1927 15.
405 1891 462 1926 Ita
485 1904 572 1927 corr.
596 1892 696 1928 Boiv.
721 1905 786 1940 pro
811 1894 1084 1941 βεβαιωθεῖσαι
1107 1895 1336 1940 συμφωνίαι.

222 1971 314 2012 lum,
339 1971 532 2007 nullatenus
551 1974 717 2019 praevisa
742 1975 902 2019 fuerant,
927 1988 992 2010 nec
1011 1975 1194 2011 humanam
1219 1976 1257 2010 in
1278 1979 1425 2011 mentem
1445 1986 1598 2021 unquam
1617 1987 1728 2010 vene-

222 2021 313 2052 rant.
359 2017 394 2052 Is
416 2019 545 2064 quippe
572 2026 714 2055 eventus
747 2023 838 2064 fuit,
869 2029 909 2058 ut
933 2024 1124 2069 imperator
1151 2023 1290 2069 quidem
1319 2022 1521 2058 suavissime
1550 2034 1590 2057 ac
1617 2023 1728 2058 libere

224 2063 363 2108 tandem
383 2066 593 2110 respiraret,
615 2067 769 2114 illudque
794 2070 863 2105 sibi
890 2082 1005 2105 rerum
1027 2070 1256 2105 secundarum
1281 2069 1416 2105 initium
1439 2081 1481 2104 ac
1500 2069 1644 2115 primum
1666 2083 1727 2105 ve-

225 2109 293 2145 luti
311 2110 562 2147 fundamentum
583 2125 659 2148 esse
679 2115 840 2151 duceret:
865 2117 1099 2152 Triballorum
1118 2121 1234 2152 autem
1252 2128 1314 2151 rex
1338 2117 1424 2152 illud
1449 2116 1579 2152 factum
1597 2117 1730 2152 irasce-

227 2162 345 2198 retur,
368 2169 408 2191 ac
431 2159 643 2203 poenitentia
664 2162 881 2206 tabesceret,
905 2165 998 2210 quod
1019 2176 1118 2211 quem
1139 2164 1176 2198 in
1203 2164 1358 2199 manibus
1383 2165 1554 2199 habuerat
1580 2176 1644 2211 per
1663 2165 1729 2199 im-

227 2203 444 2257 prudentiam
467 2204 674 2249 dimisisset,
700 2220 895 2254 magnorum
920 2205 1220 2246 em‘olumentorum
1240 2212 1455 2246 occasionem
1473 2211 1627 2246 futurum
1646 2210 1728 2253 sibi,

227 2250 304 2285 sive
323 2251 502 2295 imperium
521 2257 557 2287 et
574 2255 794 2298 pecuniarios
815 2258 948 2292 reditus
960 2271 1109 2304 augere,
1130 2259 1206 2292 sive
1224 2259 1447 2293 securitatem
1464 2258 1533 2292 sibi
1552 2258 1588 2292 in
1608 2263 1728 2305 poste-

227 2308 304 2332 rum
323 2297 458 2342 plenam
480 2310 605 2344 parare
630 2301 806 2337 voluisset.
854 2304 972 2350 (VII.)
1004 2305 1139 2341 Bellum
1165 2305 1277 2350 igitur
1301 2306 1444 2340 volebat
1473 2316 1549 2340 cum
1575 2317 1617 2339 eo
1649 2317 1730 2339 sus-

229 2342 366 2389 cipere,
401 2349 509 2398 atque
536 2352 656 2392 aperto
682 2348 799 2384 Marte
827 2363 900 2385 eum
927 2352 1105 2387 invadere.
1154 2352 1240 2395 Mox
1261 2352 1417 2395 veritus,
1442 2359 1498 2394 ne,
1525 2352 1557 2387 si
1579 2352 1730 2386 iuratum

228 2389 352 2443 foedus
371 2402 466 2436 prior
482 2391 559 2437 ipse
577 2393 736 2437 violaret,
760 2396 797 2430 in
813 2409 938 2432 numen
960 2399 1123 2434 infestum
1140 2405 1262 2444 aperte
1283 2399 1500 2440 incurreret,
1526 2411 1639 2444 eoque
1658 2399 1730 2433 cla-

228 2436 446 2490 dis-magnae
465 2439 654 2485 exemplum
671 2441 783 2484 fieret,
807 2443 950 2489 risuque
964 2446 1140 2480 >hominum
1160 2446 1277 2480 statim
1296 2445 1531 2492 exciperetur,
1557 2446 1730 2480 continuit

229 2494 324 2536 seun
344 2495 531 2530 praesens,
555 2490 591 2521 et
614 2486 732 2521 tacitis
763 2490 1029 2534 cogitationibus
1057 2494 1204 2527 animum
1234 2493 1456 2538 consumpsit.
1508 2492 1731 2528 Convenerat

229 2541 318 2583 enun
343 2531 435 2564 inter
454 2535 634 2577 utrumque
657 2534 814 2579 pactione
840 2536 1059 2573 iureiurando
1080 2540 1305 2580 confirmata,
1330 2551 1374 2573 ne
1399 2550 1549 2586 unquam
1570 2539 1658 2574 alter
1678 2539 1733 2574 al-

229 2579 298 2630 teri
318 2577 492 2619 obstaret,
517 2579 668 2616 melioris
687 2581 921 2628 cuiuscunque
937 2586 1099 2621 fortunae
1118 2598 1221 2622 causa
1243 2585 1436 2621 discedenti
1459 2587 1502 2620 ab
1522 2586 1645 2629 altero,
1667 2586 1731 2621 sed

229 2627 269 2656 ut
289 2626 382 2678 intra
404 2623 587 2659 inviolatos
608 2626 782 2662 amicitiae
806 2628 892 2664 fines
915 2637 1110 2667 maneretur
1135 2645 1292 2678 semper,
1315 2632 1430 2678 iisque
1449 2632 1615 2675 urbibus,
1641 2644 1732 2679 quae

228 2669 448 2721 Byzantinae
467 2671 605 2706 ditionis
627 2679 754 2716 essent,
780 2674 903 2712 liceret
923 2678 967 2711 ad
986 2683 1101 2714 utrum
1120 2679 1252 2714 vellent
1270 2692 1307 2714 se
1330 2680 1521 2725 adiungere
1541 2680 1730 2726 quomodo-

230 2723 380 2770 cunque,
401 2716 476 2751 sive
495 2718 691 2772 voluntaria
707 2720 896 2766 deditione,
917 2724 992 2759 sive
1010 2730 1191 2772 postquam
1208 2727 1252 2761 ab
1271 2726 1441 2761 alterutro
1464 2726 1626 2761 obsessae
1642 2726 1732 2761 fuis·

229 2766 329 2804 sent,
352 2767 403 2797 ita
425 2767 466 2797 ut
491 2764 561 2800 alia
580 2765 639 2800 alii
659 2767 822 2810 cederet,
846 2775 968 2806 neutro
990 2772 1090 2807 alteri
1110 2774 1282 2810 obstante.
1330 2772 1467 2808 Idcirco
1493 2773 1553 2809 ille
1581 2772 1620 2809 id
1639 2772 1732 2821 quod

230 2809 410 2844 acciderat
432 2810 571 2846 silentio
594 2813 725 2858 pressit
747 2825 816 2848 non
841 2816 963 2852 libens.

323 2857 358 2893 6.
383 2855 531 2909 'Interea
557 2870 602 2894 ex
630 2860 819 2897 Thessalia
844 2863 987 2900 advenit
1018 2867 1054 2900 ct
1079 2865 1300 2914 imperatoris
1330 2865 1557 2923 consobrinus
1585 2866 1732 2904 Ioannes
