1794 3172
239 138 373 188 1006
647 141 964 190 NICEPHORI
992 141 1316 188 GREGORAE

21 266 58 300 Δ.
75 265 120 299 Μ.
139 254 357 313 68592122‘2'}
375 254 521 313 νέηλυν
539 255 607 299 καὶ
628 251 852 297 ἐπεισόδιον
869 252 970 304 τέως
987 251 1228 311 ἀνειληφώς,
1243 250 1341 295 ἀλλ’
1367 248 1560 310 ἓγχῶριόν
1579 269 1622 296 τε
1640 254 1711 297 καὶ

77 314 148 348 1¹¹⁶·
163 312 464 394 4Ειέγκείμενον
475 358 490 380 ,
522 325 591 369 καὶ
609 322 705 368 ὅλον
722 320 901 367 πάθεσιν
921 320 1118 380 ε’μφύτοις
1141 322 1507 379 συμπεφυρμένον,
1540 321 1617 365 κᾶκ
1635 323 1712 378 με’-

84 405 130 443 V.
144 407 214 445 511
238 412 316 452 σης
334 392 680 452 ἐκπυρσευόμενον
697 396 771 437 νῦν
790 397 866 450 τῆς
886 393 1082 450 καρδίας,
1119 389 1312 448 καθάπερ
1332 391 1431 442 τοὺς
1456 395 1530 435 τοῦ
1552 395 1713 436 Σικελι-

236 469 313 509 κοῦ
339 463 469 522 πυρὸς
499 462 849 522 ἀναφυσωμένους
875 466 1087 520 κρατῆρας
1104 461 1148 504 ἔκ
1167 464 1250 504 τῶν
1277 458 1543 516 ὑποχθονίων
1567 458 1712 519 τυφώ-

235 552 319 578 νων
336 531 562 589 ἆκούομεν,
595 534 662 576 καὶ
684 536 742 592 τῷ
766 533 873 592 φίλῳ
892 534 1082 591 Παλαμζὶ
1093 563 1107 584 ,
1146 527 1339 588 καθάπερ
1361 534 1450 590 θεῷ
1467 547 1569 584 τινι,
1604 533 1743 588 προ-5

235 600 503 659 θυμούμενον
524 602 732 656 σπένδειν,
769 601 817 645 οὗ
834 599 967 657 ’μόνον
987 599 1067 645 ὅσα
1087 603 1138 657 γῆ
1161 601 1228 643 καὶ
1249 596 1451 643 θάλασσα
1473 600 1713 654 βαλαντίοις

238 674 306 719 καὶ
332 672 551 730 τραπέζαις
571 669 829 728 ἀναθήματα
848 676 1033 728 γεωργεῖ·
1072 668 1167 713 οὐδ’
1201 668 1280 712 ὅσα
1309 667 1600 727 παραπλήσιον
1633 668 1714 724 ἔχει

199 741 344 800 Ε’πρὸς
367 739 546 798 ἡδονὴν,
575 740 673 785 ἀλλ’
697 742 887 797 ἐναγίζειν
910 739 991 796 ἤδη
1015 740 1083 782 καὶ
1109 738 1184 790 τὰς
1204 736 1404 796 ἡμετέρας
1423 737 1563 797 ὕβρεις
1582 756 1624 782 τε
1645 739 1714 781 καὶ

237 811 315 862 τὰς
331 812 556 862 καταδίκας
578 812 645 854 καὶ
666 810 765 862 τοὺς
787 807 1074 867 πολυτρόπους
1092 806 1307 858 θανάτους
1328 807 1454 868 αὐτῷ.
1503 806 1714 862 ὠσάμενος

238 876 312 924 οὗν
339 880 439 931 τούς
457 879 681 938 ἡμετέρους
705 878 875 937 λόγους,
914 877 970 930 ὥς
992 876 1166 937 φόρτιον
1191 875 1426 934 ἀβούλητον
1450 880 1517 922 καὶ
1547 876 1713 936 σφόδρα
1725 883 1770 918 10

236 947 507 1006 μισούμενον,
538 951 606 993 καὶ
634 949 682 993 τὸ
709 947 932 1008 πρόσωπον
960 947 1229 1005 ἀποστρέψας
1252 946 1355 1004 πρὸς
1376 947 1474 998 τοὺς
1502 947 1609 1005 ἀμφὶ
1639 946 1714 991 τὸν

238 1022 454 1076 ῙΙαλαμᾶν
486 1017 508 1062 ὃ
546 1018 726 1078 ἆῤῥεπὴς
767 1019 968 1074 διαμένειν
999 1016 1227 1073 ὀμωμοκὼς
1265 1016 1486 1073 δικαστὴς,
1530 1016 1631 1074 ὅλην
1668 1034 1713 1060 τε

238 1088 526 1147 ἓδίδουοφίσι
556 1088 631 1145 τὴν
664 1088 790 1144 ἀκοὴν
827 1087 933 1143 μετὰ
965 1091 1039 1143 τῆς
1073 1087 1248 1144 καρδίας
1288 1088 1356 1129 καὶ
1398 1085 1477 1130 ὅλα
1515 1086 1569 1130 τοὶ
1606 1086 1714 1130 κατὰ

238 1155 439 1213 βούλησιν
472 1157 660 1216 ἐπέτρεπε
697 1157 822 1214 λέγειν
859 1174 903 1200 τε
934 1158 1002 1200 καὶ
1036 1153 1324 1213 ἀναγινώσκειν
1366 1156 1538 1216 πλατείᾳ
1568 1173 1612 1199 τε
1646 1157 1715 1199 καὶ

239 1225 577 1285 ἅπηγκωνισμένῃ
617 1231 669 1285 τῇ
701 1224 887 1285 γλώττῃ,
930 1226 1135 1282 μηδεμίαν
1166 1223 1460 1282 ὑφορωμένους
1499 1226 1541 1268 ἐν
1581 1225 1714 1268 οὐδενὶ
1727 1230 1770 1268 15

239 1296 346 1355 πρὸς
364 1295 539 1340 οῧδένων
558 1295 826 1354 ἀντιφατικὴν
845 1297 913 1339 καὶ
931 1295 1155 1338 ἀντίπαλον
1179 1293 1331 1352 ἔφοδον
1356 1291 1502 1351 λόγων.
1535 1293 1617 1351 ἤδη
1634 1294 1713 1352 γὰρ

90 1367 131 1404 Ρ.
151 1368 220 1406 633
242 1367 312 1408 καὶ
343 1372 431 1416 τοῖς
456 1370 540 1410 τῶν
575 1363 806 1409 ἐπισκόπων
838 1364 1157 1423 ταραττομένοις
1188 1362 1242 1407 τὰ
1271 1362 1426 1419 ἔσχατα
1456 1368 1541 1407 τῶν
1578 1368 1715 1408 κακῶν

243 1433 469 1491 ἀπειλήσας
503 1436 684 1494 φρίττειν
721 1433 935 1493 ἐπεπράχει
970 1435 1038 1477 καὶ
1067 1433 1226 1490 τρέμειν
1253 1437 1359 1490 σιγῇ.
1432 1432 1522 1492 (Ζ.)
1554 1433 1716 1490 Ἀναγι-

242 1504 511 1560 νωσκομένων
544 1505 682 1548 τοίνυν
716 1507 983 1561 παρεκβολῶν
1010 1506 1246 1560 γραφικῶν,
1293 1502 1337 1545 αἱ
1374 1503 1450 1557 μὲν
1483 1503 1550 1545 ἐπ’
1589 1502 1714 1546 ἄλλον

240 1572 459 1630 ἠλέγχοντο
488 1580 575 1625 τοῖς
601 1574 889 1631 συνετωτέροις
910 1570 1131 1631 φερόμεναι
1161 1575 1283 1625 νοῦν,
1315 1573 1383 1614 καὶ
1410 1571 1574 1628 οὐδαμῆ
1607 1573 1713 1616 κατὰ
1724 1579 1772 1614 20

241 1642 319 1698 τὴν
339 1647 458 1700 σφῶν
480 1643 825 1702 παραφερομένην
844 1640 1054 1700 ἐξήγησιν·
1090 1641 1134 1684 αἱ
1156 1639 1197 1684 δ’
1220 1637 1427 1697 εῗσήγοντο
1451 1659 1716 1698 παρακεκομ-

243 1711 362 1767 μέναι
380 1729 422 1755 τε
444 1713 512 1755 καὶ
534 1712 862 1771 ἀνεστραμμέναι
882 1713 1169 1761 παντοδαπῶς.
1207 1709 1235 1752 ἃ
1267 1710 1345 1768 γὰρ
1376 1717 1463 1760 τοῖς
1490 1708 1715 1767 ὑγιαίνουσι
1760 1729 1765 1733 ”

243 1778 447 1839 δόγμασιν
466 1781 693 1839 ἀναγκαῖα,
730 1786 864 1827 ταῦτα
885 1768 1132 1842 τῷ’ἒκείνων
1154 1778 1299 1838 ἀχρεῖα
1329 1777 1457 1824 ἐδόκει
1485 1785 1651 1843 σκοπῷ·
1686 1781 1715 1824 ἃ

336 1903 371 1939 6.
395 1903 443 1951 γῆ
458 1902 522 1939 καὶ
539 1901 712 1941 θάλασσα
732 1902 832 1939 Boiv.
851 1914 915 1950 pro
933 1903 982 1951 γῇ
1001 1900 1064 1938 καὶ
1081 1898 1266 1948 θαλάσσῃ.

245 2003 410 2052 petitam,
432 2017 499 2041 non
517 2006 738 2043 adventitiam
757 2018 798 2042 ac
812 2018 945 2048 novam,
969 2018 1036 2041 non
1054 2003 1270 2040 extrinsecus
1284 2001 1448 2046 ascitam3
1473 2001 1535 2038 sed
1551 2002 1717 2039 domesti-

246 2063 322 2086 cam
338 2056 374 2087 et
389 2051 543 2096 insitam,
569 2058 605 2088 et
623 2053 786 2098 ingenitis
804 2053 989 2088 affectibus
1011 2052 1149 2098 penitus
1169 2050 1401 2092 commixtam,
1425 2053 1461 2084 et
1486 2062 1576 2085 nunc
1599 2051 1643 2085 de
1662 2051 1718 2086 in-

246 2097 329 2133 timo
354 2099 459 2133 corde
485 2111 681 2142 accensam,
705 2100 986 2145 quemadmodum
1011 2099 1072 2133 illa
1094 2098 1203 2132 Siculi
1233 2096 1325 2142 ignis
1348 2096 1520 2143 spiracula
1537 2098 1719 2132 subterra·-

246 2156 390 2179 neorum
417 2145 622 2191 Typhonum
648 2146 735 2181 flatu
758 2146 898 2181 accendi
928 2145 1125 2181 audivimus.
1179 2144 1315 2189 Nempe
1338 2143 1370 2177 is
1393 2142 1519 2177 dilecto
1542 2144 1716 2186 Palamae,

248 2191 346 2226 velut
361 2190 436 2224 Deo
457 2191 577 2235 alicui,
602 2204 669 2227 non
691 2193 799 2227 solum
825 2192 991 2239 quidquid
1021 2190 1204 2237 marsupiis
1222 2194 1258 2224 et
1278 2189 1401 2224 mensis
1421 2190 1616 2224 consecrari
1634 2190 1718 2224 soli-

248 2242 321 2272 tum
339 2240 434 2272 terra
452 2241 488 2272 et
504 2250 597 2273 mare
616 2238 829 2285 producunt,
855 2244 915 2274 aut
936 2238 1104 2285 quidquid
1121 2237 1262 2272 similem
1277 2237 1382 2271 affert
1397 2236 1607 2282 voluptatem
1618 2262 1628 2277 ‚
1653 2248 1715 2270 cu-

248 2283 368 2330 piebat
395 2284 544 2326 offerre3
567 2285 627 2320 sed
654 2289 771 2320 nostra
800 2297 934 2331 quoque
959 2284 1144 2331 ignominia
1164 2288 1199 2318 et
1220 2283 1458 2323 damnatione,
1483 2285 1519 2316 et
1539 2282 1717 2328 multiplici

249 2334 380 2372 morte,
402 2330 504 2364 litare
531 2331 714 2376 gestiebat.
777 2332 919 2366 Nostris
945 2331 1053 2377 igitur
1079 2329 1310 2370 sermonibus,
1335 2329 1430 2363 velut
1447 2328 1582 2373 ingrato
1601 2334 1636 2363 et
1653 2329 1718 2363 im-

249 2375 493 2422 portunissimo
522 2388 625 2412 onere
648 2377 819 2420 excussis,
843 2379 1007 2424 vultuque
1033 2390 1053 2413 a
1072 2378 1169 2412 nobis
1193 2376 1237 2411 ad
1255 2375 1442 2410 Palamitas
1461 2375 1619 2417 detorto,
1646 2375 1715 2417 hic,

251 2422 311 2468 qui
333 2434 371 2457 se
388 2434 532 2469 aequum
549 2423 697 2459 iudicem
714 2425 789 2459 fore
813 2425 1007 2467 iuraverat,
1033 2436 1134 2459 aures
1155 2423 1200 2458 iis
1219 2426 1330 2463 totas,
1355 2425 1466 2456 totum
1488 2421 1633 2456 animum
1653 2434 1718 2468 ap-

250 2468 427 2515 plicabat,
452 2470 563 2504 omnia
580 2470 683 2516 ipsis,
708 2474 811 2516 prout
827 2472 955 2507 vellent
966 2497 976 2514 ‚
1001 2471 1156 2517 planiora
1173 2473 1209 2504 et
1227 2467 1453 2513 explicatiora
1467 2467 1583 2502 dicere
1605 2480 1645 2502 ac
1663 2469 1718 2503 le-

251 2526 335 2560 gere
354 2515 595 2561 permittebat;
619 2520 659 2550 ut
687 2516 778 2551 haud
805 2521 1017 2560 metuerent,
1041 2529 1083 2552 ne
1106 2516 1182 2563 quis
1208 2514 1273 2549 sibi
1299 2514 1370 2549 ulla
1395 2514 1431 2548 in
1451 2526 1490 2549 re
1512 2514 1718 2550 contrariam

253 2567 290 2596 et
306 2562 487 2597 adversam
507 2563 675 2598 rationum
688 2562 756 2597 vim
775 2568 974 2610 opponeret.
1021 2563 1092 2598 Iam
1111 2562 1242 2608 quippe
1268 2564 1304 2595 et
1331 2561 1511 2607 episcopos
1536 2561 1633 2603 illos,
1659 2561 1719 2606 qui

253 2609 500 2652 turbaverant,
523 2612 676 2644 extrema
692 2621 849 2656 quaeque
870 2612 1039 2652 minatus,
1063 2622 1103 2645 eo
1121 2609 1327 2653 redegerat,
1352 2611 1391 2642 ut
1411 2611 1503 2642 metu
1526 2607 1718 2649 horrerent,

254 2666 295 2689 ac
326 2659 512 2690 trementes
543 2656 827 2694 obmutescerent.
888 2657 1005 2702 (Vn.)
1030 2657 1114 2690 Cum
1133 2655 1252 2699 itaque
1277 2658 1445 2699 excerpta
1466 2666 1509 2688 ex
1526 2653 1718 2699 Scripturis

254 2700 449 2736 testimonia
468 2701 677 2748 legerentur,
700 2714 816 2737 eorum
835 2704 1003 2749 quaedam
1020 2702 1045 2736 ii
1062 2702 1122 2748 qui
1139 2700 1421 2744 intelligentiores
1435 2703 1534 2735 erant
1551 2700 1618 2734 alio
1637 2711 1717 2745 spe-

256 2751 376 2790 ctare,
399 2760 463 2783 nec
482 2748 533 2783 ita
549 2752 589 2783 ut
608 2747 670 2783 isti
689 2759 850 2794 perverse
865 2750 1174 2796 interpretarentur
1191 2746 1392 2792 accipienda
1412 2758 1489 2781 esse
1506 2746 1718 2781 demonstra-

255 2792 356 2827 bant:
380 2794 547 2840 quaedam
567 2794 761 2830 adulterata
788 2798 824 2830 et
847 2796 1002 2830 omnibus
1028 2794 1135 2830 modis
1159 2795 1297 2828 inversa
1327 2793 1570 2828 afferebantur.
1627 2794 1718 2828 Nam

257 2849 347 2886 quae
370 2841 497 2877 saniori
521 2840 703 2878 doctrinae
722 2841 917 2880 necessaria
940 2845 1061 2887 erant,
1085 2851 1128 2878 ea
1148 2839 1279 2876 illorum
1306 2838 1482 2888 proposito
1504 2850 1718 2887 nequaquam
