1794 3172
264 155 365 204 986
679 153 997 203 NICEPHORI
1028 151 1354 198 GREGORAE

43 287 81 322 A.
95 284 143 320 Μ.
160 281 253 320 6859
264 270 561 330 μετριωτέρων,
584 266 611 312 ἃ
631 273 718 318 τοῖς
733 266 985 324 ἐξωτερικοῖς
1005 266 1072 309 καὶ
1092 263 1141 308 τὸ
1162 267 1353 308 πλεῖστον
1371 263 1608 319 δημοτικοῖς
1626 279 1746 307 κατε-

99 333 168 366 ¹¹³⁶·
182 329 207 366 4
263 340 488 399 ψήφισται,
509 338 562 382 τὰ
579 338 655 394 μὲν
677 336 759 393 ἤδη
780 336 1025 394 πέπρακται,
1045 335 1100 378 τοὶ
1120 334 1164 377 δ’
1191 333 1249 378 ἔτι
1271 331 1510 391 πράττεται,
1535 333 1588 376 τοὶ
1613 334 1656 376 δὲ
1679 334 1748 375 καὶ

88 406 91 411 ⁴
262 408 567 470 πραχθήσεται,
617 408 687 450 καὶ
717 403 878 449 τούτων
913 404 1034 449 οὐδὲν
1062 403 1211 447 οὐδένα
1242 401 1409 447 πάντων
1438 401 1556 458 ὖμῶν
1592 402 1747 459 ἀγνοεῖν

114 492 157 527 Ρ.
175 482 431 536 62οοἴομαι,
469 473 662 535 θορύβου
698 473 902 519 τοσούτου
935 474 1011 530 τὴν
1043 471 1163 518 πόλιν
1202 470 1527 530 περιηχήσαντος
1563 470 1744 515 ἅπασαν.

261 550 394 608 χρεὼν
420 543 515 601 οῦν,
553 546 611 602 μὴ
641 549 1003 604 φιλοψυχοῦντας,
1042 543 1140 587 ἀλλ’
1172 542 1451 601 ἐρρωμένους,
1490 538 1615 597 ὁμόσε
1643 541 1777 599 πρὸς5

265 620 363 670 τοὺς
381 615 594 667 τοιούτους
612 623 761 672 χωρεῖν
784 615 958 671 ἀγῶνας.
996 617 1159 670 θνητῆς
1188 612 1267 670 γὰρ
1298 616 1471 667 λαχοῦσι
1502 609 1665 670 φύσεως
1696 610 1748 667 ἢν

260 688 324 746 μὴ
344 692 418 731 νῦν
440 692 587 731 θανεῖν
609 687 700 744 ἐξῇ,
741 685 810 728 διὰ
837 688 937 741 γοῦν
967 683 1015 727 τὸ
1049 687 1124 739 τῆς
1155 681 1317 741 φύσεως
1348 681 1520 740 ὄφλημα
1554 678 1751 737 τεθνήξε-

267 763 374 803 σθαι
407 756 573 807 πάντως
602 756 746 811 ἕψεται
771 758 994 812 προϊοῦσι»
1021 755 1089 796 καὶ
1121 755 1188 796 δεῖ
1209 752 1268 808 μὴ
1301 752 1374 795 τὸν
1403 751 1530 795 ἀκλεᾶ
1564 750 1647 808 πρὸ
1674 753 1749 793 τοῦ

262 828 358 884 μετ’
384 827 565 877 εὐκλείας
592 831 818 883 περιμεῖναι
852 821 1055 868 θάνατον.
1133 821 1222 882 (Γ.)
1259 825 1358 882 Mu}
1390 820 1435 864 δ’
1469 817 1749 878 ἀπειρηκότων

260 901 395 957 φωνῇ,
418 897 476 953 μὴ
500 896 656 940 ἐθέλειν
670 901 820 952 χωρεῖν
839 895 881 945 ἐς
898 894 1135 948 βασιλείους
1153 890 1395 950 προκλήσεις
1414 892 1481 935 καὶ
1509 889 1619 934 οὕτω
1639 895 1748 946 βαρ-
1763 896 1794 931 1(

225 967 420 1025 Ββαρικιὶ
442 966 636 1022 συνέδρια
658 964 766 1020 πλὴν
785 966 910 1019 ἐμοῦ,
950 965 1089 1013 δείσας
1107 962 1187 1019 ἐγώ
1208 962 1268 1017 μὴ
1297 959 1508 1019 πρόφασιν
1534 959 1658 1003 τοῦτ’
1692 961 1751 1001 εἷ-

263 1034 441 1094 ληφόσιν
473 1035 663 1088 ἐκείνοις,
701 1032 763 1084 οἷς
787 1032 925 1077 πάντα
949 1034 1073 1076 λίθον
1104 1039 1225 1076 κινεῖν
1255 1031 1364 1075 καθ’
1397 1028 1516 1087 ἡμῶν
1531 1030 1748 1087 περίεστιν,

264 1105 422 1164 ἐρήμην
447 1104 556 1148 καθ’
587 1102 706 1160 ἡμῶν
727 1103 904 1161 εὐχερῶς
932 1104 1204 1161 καταδιαιτᾷν
1233 1101 1484 1157 ἐπιγένηται,
1524 1097 1640 1155 μάλα
1670 1096 1751 1154 μό-

266 1181 329 1226 λις
361 1179 438 1231 τῆς
476 1174 689 1231 καθέδρας
723 1172 951 1224 ἐξαναστὰς
987 1171 1075 1227 ἅμα
1104 1176 1229 1215 πᾶσιν
1263 1172 1427 1221 ἐκείνοις
1458 1167 1601 1227 ἀπῄειν
1627 1169 1752 1211 ἐκεῖσε

260 1242 633 1300 ἀποθανούμενος,
673 1245 741 1286 καὶ
762 1247 814 1300 τῇ
835 1244 920 1285 ἐκεῖ
935 1245 1100 1298 τελευτῇ
1123 1241 1504 1298 συμπαραπέμψων
1529 1238 1582 1281 τὰ
1602 1241 1750 1281 πολυε-
1763 1245 1794 1282 Ῑὲ

261 1320 317 1372 «τῆ
341 1333 424 1370 μου
450 1319 525 1369 τῆς
548 1316 729 1370 κεφαλῆς
747 1310 978 1367 νοσήματα.
1051 1309 1147 1369 (Δ.)
1175 1310 1291 1368 ’Άρτι
1311 1311 1356 1352 δὲ
1378 1310 1473 1367 περί
1490 1326 1570 1352 που
1593 1308 1645 1351 τὰ
1674 1306 1751 1363 με’-

228 1393 323 1430 coa
344 1384 573 1442 γενομένοις
597 1386 673 1438 τῆς
701 1383 912 1436 βασιλείου
946 1379 1077 1436 αὐλῆς
1111 1377 1326 1436 ἀπήντησέ
1343 1397 1404 1430 τις
1425 1377 1525 1435 ἡμῖν
1553 1382 1638 1421 τῶν
1668 1373 1751 1420 πά-

262 1473 313 1499 νυ
337 1459 394 1513 τῷ
421 1458 587 1506 βασιλεῖ
604 1451 998 1511 προσῳκειωμένων,
1037 1451 1103 1492 καὶ
1124 1447 1253 1504 μόνον
1278 1447 1473 1493 ἁπάντων
1498 1447 1609 1504 ἐζιιεγε
1635 1446 1751 1490 ἀπει-
1777 1503 1779 1506 ⁴

263 1524 408 1582 ληφώς
442 1526 623 1582 προσῆγε
652 1525 710 1580 τῷ
740 1525 915 1576 βασιλεῖ.
963 1517 1340 1575 κοινολογήσασθαι
1363 1519 1442 1576 γὰρ
1474 1516 1580 1574 ἔλεγε
1601 1515 1752 1572 βούλε-

266 1595 376 1638 σθαί
398 1611 473 1648 μοι
505 1596 588 1636 τῶν
618 1590 733 1650 αὐτῷ
763 1607 806 1646 γε
838 1587 1086 1648 ἀπορρήτων
1117 1588 1227 1632 ἔστιν
1249 1588 1289 1632 ἅ.
1328 1585 1661 1646 προσεληλυθότι
1678 1592 1794 1641 ,noem

261 1668 362 1721 γοῦν
394 1668 529 1719 τυχεῖν
569 1660 884 1719 προσγεγένηται
925 1660 1027 1714 μὲν,
1064 1658 1179 1716 παρὰ
1218 1657 1344 1710 δόξαν
1376 1658 1451 1714 μὲν
1481 1657 1595 1712 ἐμοὶ,
1633 1657 1752 1714 σφίσι

265 1733 311 1776 δ’
348 1733 577 1788 ἐξεπίτηδες
607 1729 797 1789 σφόδρα,
835 1730 947 1780 τινὸς
967 1732 1050 1772 τῶν
1078 1726 1186 1771 πάνυ
1212 1747 1284 1784 μοι
1316 1730 1448 1786 φίλων
1477 1728 1521 1770 ἐκ
1552 1729 1747 1778 παλαιοῦ,

226 1803 339 1849 Βδιὰ
361 1805 580 1858 βασιλικῆς
611 1800 797 1844 κάκείνου
826 1796 1102 1858 προκλήσεως·
1126 1799 1250 1843 ἐκεῖσε
1282 1802 1510 1856 τηνικαῦτα
1543 1794 1751 1854 παρόντος

264 1989 419 2025 poenae,
445 1989 535 2024 quae
560 1977 596 2013 in
619 1978 748 2022 laicos,
773 1990 903 2024 eosque
928 1976 1108 2013 maximam
1130 1978 1266 2023 partem
1288 1974 1464 2022 plebeios,
1489 1972 1652 2009 decretae
1672 1973 1749 2008 fue-

265 2029 366 2066 runt,
390 2036 453 2059 eae
474 2025 601 2070 partim
621 2027 678 2061 vel
702 2025 769 2060 iam
799 2030 954 2070 sumptae
978 2029 1078 2066 sunt,
1114 2024 1170 2059 vel
1193 2035 1283 2058 nunc
1305 2034 1441 2068 quoque
1466 2025 1669 2062 sumuntur,
1692 2020 1749 2054 vel

266 2078 390 2117 postea
410 2071 606 2116 exigentur.
653 2073 833 2107 Neminem
856 2076 970 2106 autem
989 2083 1031 2106 ex
1050 2071 1150 2106 vobis
1167 2075 1249 2116 puto
1270 2069 1453 2116 quicquam
1471 2069 1588 2103 horum
1606 2067 1750 2113 ignora-

266 2128 326 2159 re,
350 2121 470 2152 tantus
485 2119 651 2153 tumultus
670 2123 779 2153 totam
795 2119 912 2153 urbem
929 2118 1119 2164 personuit.
1168 2118 1320 2163 Oportet
1334 2116 1454 2162 itaque
1472 2126 1547 2156 νος,
1572 2126 1639 2149 non
1664 2124 1749 2147 con-

267 2164 458 2199 servandae
488 2164 582 2199 vitae
611 2165 774 2210 cupidos,
809 2166 870 2199 sed
904 2165 1015 2199 animo
1043 2165 1127 2200 forti
1158 2164 1367 2205 instructos,
1399 2162 1476 2197 istis
1508 2160 1752 2196 certaminibus

264 2214 402 2245 'vosmet
417 2209 579 2246 obiicere.
627 2211 811 2246 Mortalem
834 2214 991 2246 naturam
1013 2211 1128 2246 sortiti
1144 2211 1239 2246 estis.
1287 2208 1442 2244 Proinde
1462 2209 1529 2243 etsi
1550 2208 1632 2242 licet
1661 2217 1752 2242 nunc

267 2257 368 2292 vobis
395 2261 536 2291 mortem
563 2258 741 2303 effugere,
772 2263 886 2292 tamen
913 2263 1058 2293 naturae
1085 2258 1240 2293 debitum
1268 2255 1434 2292 eiusmodi
1463 2259 1539 2299 est,
1572 2259 1611 2289 ut
1632 2257 1751 2288 aetate

266 2303 403 2348 longius
420 2304 596 2349 provectis
614 2304 749 2339 omnino
766 2304 850 2339 mori
867 2316 1009 2340 necesse
1029 2306 1181 2340 futurum
1199 2303 1256 2338 sit.
1305 2303 1382 2338 Nec
1398 2313 1460 2337 vos
1477 2301 1591 2344 decet,
1617 2300 1752 2346 glorio-

268 2362 309 2385 sa
330 2354 440 2385 morte
455 2350 674 2396 posthabita,
699 2362 774 2386 eam
798 2356 1020 2396 exspectare,
1041 2363 1130 2397 quae
1153 2351 1256 2386 laude
1274 2349 1428 2383 caritura
1453 2353 1519 2383 est.
1550 2348 1670 2393 (ΙΙΙ.)
1694 2345 1751 2381 lui

267 2408 350 2432 vero
370 2407 439 2431 uua
456 2407 542 2432 voce
557 2396 773 2440 renunciant,
798 2397 888 2432 nolle
908 2410 947 2433 se
963 2398 1182 2444 imperatoris
1203 2401 1328 2431 vocatu
1344 2400 1413 2430 tam
1434 2395 1585 2430 barbara
1603 2393 1752 2429 concilia

267 2443 344 2479 sine
359 2454 412 2478 me
430 2442 538 2478 adire.
587 2443 817 2484 Quamobrem
831 2444 965 2479 veritus
979 2470 989 2489 ‚
1015 2457 1058 2479 ne
1075 2445 1127 2479 illi
1144 2443 1205 2490 qui
1225 2454 1356 2478 omnem
1372 2442 1409 2476 in
1429 2454 1492 2477 nos
1511 2441 1662 2488 lapidem
1678 2452 1751 2475 mo-

263 2493 370 2533 vent,
393 2489 461 2524 hac
487 2490 668 2526 occasione
691 2495 851 2537 arrepta,
875 2491 1080 2526 sententiam
1107 2492 1144 2526 in
1167 2501 1250 2531 nos,
1285 2488 1381 2523 velut
1407 2488 1539 2524 deserti
1563 2485 1752 2523 vadimonii

264 2548 344 2572 reos
357 2561 369 2579 ‚
391 2536 496 2571 facile
514 2536 801 2583 pronunciarent,
827 2549 932 2583 aegre
949 2537 1087 2573 tandem
1106 2549 1126 2572 e
1150 2536 1233 2572 sede
1249 2535 1441 2578 excitatus,
1466 2547 1541 2570 cum
1567 2535 1612 2569 iis
1642 2532 1753 2569 omni-

234 2603 236 2605 ·
265 2584 331 2618 bus
363 2583 569 2625 moriturus,
594 2587 631 2618 et
654 2583 865 2619 inveteratos
892 2584 1019 2631 capitis
1047 2584 1184 2619 morbos
1212 2582 1311 2617 simul
1337 2593 1412 2616 cum
1440 2582 1513 2616 vita
1532 2580 1751 2621 dimissurus,

267 2628 350 2664 illuc
368 2640 423 2665 me
450 2630 588 2666 contuli.
636 2630 736 2675 (IV.)
760 2631 831 2665 Iam
854 2642 916 2665 nos
935 2632 1012 2666 fere
1039 2631 1075 2665 in
1111 2629 1225 2665 media
1254 2628 1373 2675 palatii
1404 2629 1484 2663 aula
1513 2628 1750 2668 versabamur,

268 2686 344 2710 oum
359 2687 404 2711 ex
419 2676 548 2712 intimis
572 2676 789 2723 imperatoris
815 2677 952 2723 quidam
978 2676 1140 2713 accurrit.
1187 2676 1223 2710 Is
1242 2687 1345 2710 unum
1375 2686 1428 2710 me
1447 2686 1490 2709 ex
1515 2674 1671 2710 omnibus
1693 2684 1751 2707 as-

267 2726 440 2768 sumptum
470 2723 515 2758 ad
544 2723 786 2770 imperatorem
814 2724 967 2758 deducit·
1024 2724 1114 2759 Eum
1141 2722 1277 2758 scilicet
1304 2721 1465 2756 nonnulla
1501 2731 1632 2757 mecum
1659 2719 1751 2754 velle

267 2769 518 2804 communicare
535 2771 674 2813 aiebat,
697 2781 787 2816 quae
803 2781 932 2804 arcana
951 2770 1019 2805 sibi
1038 2773 1166 2805 essent.
1214 2768 1285 2802 Ubi
1302 2768 1446 2814 propius
1464 2767 1619 2810 accessi,
1639 2777 1752 2812 quen-

267 2813 347 2848 dam
365 2816 478 2850 veteri
502 2816 654 2852 amicitia
667 2816 750 2852 mihi
766 2816 1080 2852 coniunctissimum
1099 2814 1259 2857 offendo,
1283 2815 1343 2860 qui
1370 2819 1407 2849 et
1433 2815 1512 2861 ipse
1531 2812 1752 2859 imperatoris

268 2864 396 2897 vocatu
415 2861 488 2898 illic
504 2867 577 2899 tum
592 2864 715 2900 aderat
731 2863 799 2899 mei
813 2863 940 2910 gratia.
987 2863 1029 2899 Id
1046 2866 1088 2899 ut
1106 2861 1191 2899 mihi
1209 2873 1273 2897 nec
1289 2861 1459 2909 opinanti,
1481 2860 1534 2897 ita
1551 2860 1622 2896 iuis
1643 2857 1752 2895 omni·
