1754 3164
215 149 235 195 1
248 149 349 197 260
772 151 1251 198 ANNOTATIONES.

213 261 403 314 gesimum
431 267 641 309 octavum,
674 266 837 313 recepta
867 253 946 299 iam
985 259 1193 309 libertate,
1238 258 1359 298 variis
1390 258 1640 311 temporibus
1683 257 1753 297 vi-

214 320 332 359 detur
351 318 590 358 condidisse.
648 331 806 357 BOIVIN.

325 375 422 428 Pag.
454 377 551 425 591,
585 378 649 418 11.
670 410 672 412 ,
693 373 893 429 Περσῶν]
926 373 1119 426 Xenoph.
1142 373 1212 414 lib.
1235 373 1265 411 I.
1290 373 1339 412 de
1363 371 1458 424 Cyri
1477 373 1567 413 inst.
1598 387 1751 413 nowm.

328 436 424 486 Pog·
457 435 556 483 591,
586 434 655 477 25.
721 435 810 473 Τῶν
841 431 915 481 ἔξω
949 435 1112 484 σοφῶν]
1147 431 1361 471 CantacuZ.
1391 430 1462 469 lib.
1493 430 1562 470 III.
1597 443 1682 482 cap.
1711 432 1752 473 5.

213 504 388 529 nucANG.

328 550 423 600 Pag.
454 547 556 597 596,
582 546 621 590 4.
658 546 742 588 Καὶ
761 544 1331 599 ΠελοποννησίωνΛατίνων]
1355 545 1510 594 Quibus
1526 551 1612 583 tum
1635 558 1754 597 prae-

213 611 311 645 erat.
349 618 524 643 DUGANG.
1115 639 1117 641 ,

326 665 421 714 Pag.
451 663 548 710 596,
581 663 646 704 13.
708 659 828 703 Meto?
867 661 1004 715 μέντοι
1040 656 1112 707 τοὶς
1148 661 1223 699 τοῦ
1262 655 1303 699 ’A
1330 656 1505 713 κτούρου
1547 656 1752 710 ἐπιτολὰς]

210 721 328 759 Anno
352 719 500 758 Christi
530 719 770 759 MCCCXLI.
808 733 888 772 quo
921 733 1025 758 anno
1058 717 1265 755 oriebatur
1287 675 1483 756 Krcturus
1509 717 1574 755 die
1607 717 1754 756 XXVI.

210 778 277 816 vel
296 777 465 816 XXVII.
488 776 634 816 mensis
653 777 837 829 Augusti.
898 777 998 817 Vide
1025 774 1233 832 Michaelis
1253 774 1393 826 Angeli
1419 774 1567 813 Blondi
1595 774 1754 813 tabulas

212 849 377 874 annuas.
436 848 588 873 nelvm.
1153 844 1157 847 ’
1186 846 1189 848 ·

327 896 421 944 Pag.
454 892 551 940 596,
586 894 651 934 16.
688 886 953 944 Ἀλεξάνδρου
974 894 1049 932 τοῦ
1068 894 1149 932 τῶν
1171 884 1335 931 Μυσαῗν
1360 887 1580 942 βασιλέως]
1611 888 1649 927 Is
1671 888 1754 927 Sis-

208 963 371 991 manum
388 948 594 988 Michaelis
617 949 838 988 decessoris
859 949 998 998 filium,
1030 950 1099 1001 qui
1118 955 1210 1002 post
1231 948 1356 1000 patris
1372 947 1534 985 caedem
1555 948 1753 985 Constan-

211 1008 409 1059 tinopolin
433 1020 474 1045 se
507 1013 741 1060 receperat,
784 1007 858 1045 sibi
892 1009 932 1046 in
961 1021 1101 1046 manus
1125 1007 1232 1045 tradi
1263 1013 1348 1044 tum
1381 1004 1673 1051 contendebat,
1705 1017 1754 1041 ac

209 1065 394 1104 renuenti
413 1064 614 1116 Augustae
642 1064 795 1104 bellum
816 1064 1057 1104 minabatur.
1117 1064 1381 1104 Cantacuzen.
1403 1062 1472 1119 lib.
1499 1062 1569 1101 ΙΙΙ.
1597 1075 1685 1114 cap.
1711 1065 1752 1104 7.

210 1136 387 1161 numne.

327 1183 424 1232 Pag.
456 1178 553 1228 597,
584 1177 625 1219 4.
684 1174 855 1232 Ἀμοῦρ]
887 1181 1154 1219 Cantaeuzen.
1187 1178 1226 1218 d.
1250 1192 1339 1231 cap.
1360 1173 1508 1230 Ἀμοῦρ
1533 1174 1556 1217 ὅ
1585 1177 1658 1216 τοῦ
1680 1175 1752 1215 Αἶ-

208 1238 299 1290 τίνη
314 1270 324 1287 ,
354 1239 438 1276 τοῖν
455 1233 555 1276 κοινοὶ
574 1233 649 1287 τήν
672 1233 804 1276 Ἀσίαν
826 1234 1113 1284 δυνατώτατος.
1172 1235 1264 1288 Agit
1298 1235 1346 1274 de
1365 1234 1445 1274 h'oo
1465 1236 1630 1286 Satrapa
1651 1234 1752 1271 Tur-

210 1295 297 1333 cico
319 1293 415 1333 alibi
440 1307 522 1332 non
548 1294 669 1331 semel
687 1294 883 1333 Laonicus
904 1295 975 1334 lib.
1005 1294 1034 1334 I.
1059 1307 1149 1346 pag.
1174 1297 1211 1336 7.
1235 1298 1298 1337 12.
1344 1292 1448 1331 Edit.
1482 1293 1577 1342 Reg.
1601 1288 1751 1343 Ὀμοῦρ

211 1352 399 1405 appellat.
457 1350 560 1389 Vide
576 1351 792 1391 Leunclav.
809 1353 852 1390 in
871 1352 1069 1391 Pandecte
1090 1351 1261 1389 Turcico
1284 1365 1321 1389 n.
1346 1354 1411 1393 13.
1452 1349 1627 1388 Alterius
1647 1349 1751 1386 Tur-

210 1410 287 1448 cici
317 1409 468 1462 pariter
498 1409 691 1460 Satrapae
719 1409 896 1447 eiusdem
920 1408 1092 1448 nominis
1114 1408 1294 1448 meminit
1314 1407 1579 1460 Pachymeres
1600 1405 1670 1444 lib.
1697 1406 1750 1448 X.

210 1480 301 1519 cap.
323 1467 389 1510 25.
412 1465 484 1504 sub
509 1465 744 1504 Andronico
764 1466 932 1505 seniore.
990 1480 1166 1506 DUGANG.

323 1525 433 1576 Pag.
464 1524 562 1571 597,
594 1522 635 1565 5.
694 1519 922 1578 Ἀνωτέρω]
955 1524 1041 1564 Lib.
1061 1523 1144 1562 VII.
1166 1537 1255 1576 cap.
1280 1522 1309 1561 I.
1344 1527 1443 1560 sect.
1467 1524 1503 1562 1.
1561 1534 1719 1559 notvm.

323 1580 427 1633 Pag.
463 1581 560 1630 597,
594 1584 658 1623 12.
719 1582 880 1629 Λυδίας
910 1579 987 1635 γάρ
1016 1580 1085 1622 καὶ
1125 1577 1276 1630 Ἰωνίας
1303 1573 1423 1627 οὗτος
1463 1574 1521 1618 a'ae'v
1559 1576 1747 1631 ἡγεμών]

207 1639 294 1678 Illis
316 1637 562 1689 temporibus
591 1637 833 1677 Sarelianem
867 1639 1013 1691 Lydiae
1042 1639 1264 1691 praefuisse
1296 1637 1421 1676 tradit
1450 1637 1749 1674 Cantacuzenus

206 1696 312 1735 Hist.
334 1696 404 1735 lib.
425 1695 494 1736 ΙΙΙ.
512 1709 600 1747 cap.
619 1695 690 1734 IX.
752 1696 930 1735 Eundem
962 1697 1033 1737 lib.
1056 1697 1105 1735 ΙΙ.
1128 1711 1214 1747 cap.
1234 1695 1343 1734 XIII.
1374 1695 1508 1732 Ioniae
1540 1695 1750 1745 Sati-apam

207 1754 317 1794 facit.
377 1753 517 1804 Itaque
540 1753 725 1792 Amurius
747 1754 921 1793 divisum
948 1768 1039 1793 cum
1068 1753 1268 1792 Sarchane
1286 1766 1422 1792 earum
1443 1751 1749 1805 provinciarum

204 1811 420 1863 imperium
440 1809 594 1850 habuit.
652 1825 810 1850 nourry.

317 1866 416 1921 Pag-
447 1868 545 1916 599,
579 1871 644 1911 13.
673 1864 841 1923 Ἀπέδρα
870 1885 907 1910 κ.
935 1883 971 1913 τ.
1002 1867 1061 1921 t]
1101 1869 1156 1907 De
1188 1882 1233 1907 ea
1252 1882 1296 1907 re
1317 1866 1445 1906 fusius
1467 1866 1571 1904 infra
1591 1879 1678 1918 cap.
1706 1868 1746 1908 9.

205 1938 358 1964 nomm.
957 1938 961 1941 ¹

318 1983 422 2036 Pssg·
452 1985 551 2029 600.
582 1987 622 2026 6.
679 1977 910 2035 Ὀμῶμοκεν
939 1978 1084 2037 ὅρκον]
1119 1981 1352 2021 Cuiusmodi
1387 1980 1510 2019 suerit
1538 1980 1646 2019 istud
1673 1994 1748 2032 pa-

206 2037 405 2078 triarchae
427 2046 739 2089 sacramentum,
778 2040 964 2091 pluribus
998 2040 1118 2078 docet
1139 2040 1248 2079 idem
1269 2040 1530 2080 Cantacuzen.
1562 2052 1653 2090 cap.
1676 2037 1746 2077 VI.

203 2102 410 2143 extremo,
442 2097 514 2135 ubi
546 2098 596 2136 de
617 2098 825 2148 utriusque
848 2098 1187 2138 reconciliatione.
1247 2109 1415 2136 nonme.

321 2152 423 2205 Pdg·
456 2158 555 2205 600,
587 2159 651 2197 10.
715 2153 800 2207 Τήν
827 2156 1014 2208 ταχίστην
1043 2150 1167 2205 αὖθις
1196 2150 1329 2210 ἐξῄει]
1362 2152 1563 2206 Septemb·
1583 2151 1646 2190 (lie
1675 2154 1745 2194 28.

209 2210 260 2250 cs.
281 2211 441 2249 caniac.
461 2212 529 2250 lib.
553 2212 625 2251 III.
650 2226 738 2264 cap.
765 2215 829 2255 16.
875 2227 1026 2255 Bulvm.

319 2269 422 2321 Pag-
455 2272 552 2318 601,
582 2273 620 2312 7.
682 2266 794 2310 Μεθ’
813 2265 929 2322 ἥλιον
954 2268 1201 2325 περιμένον]
1228 2268 1461 2322 Ἐθςεηᾱιιιη
1484 2261 1593 2319 μήθ’
1623 2262 1742 2318 ἥλιον

205 2331 283 2366 etc.
343 2325 583 2377 Quanquam
607 2341 656 2366 ne
681 2327 738 2365 sic
756 2327 915 2379 quidem
939 2329 1033 2366 satis
1056 2328 1206 2380 liquet,
1237 2340 1430 2379 quaenam
1458 2324 1511 2363 sit
1533 2338 1644 2362 mens
1674 2336 1746 2362 au-

208 2382 343 2422 ctoris.
401 2383 503 2421 Puto
524 2380 640 2435 ἥλιον
659 2383 739 2423 hoc
761 2385 852 2423 loco
874 2398 959 2424 esse
978 2386 1103 2438 ipsum
1123 2395 1294 2438 tempus,
1324 2383 1438 2423 cuius
1460 2381 1653 2422 beneficio
1681 2380 1745 2419 di-

207 2441 356 2479 scimus
378 2454 572 2492 quaenam
591 2442 764 2480 consilia,
777 2442 927 2495 optima
945 2442 1038 2484 sint.
1095 2456 1243 2482 BOIVIN.

319 2500 422 2550 Pag-
453 2501 550 2546 602,
583 2502 622 2541 6.
677 2495 921 2548 Ἀπὸκαυκος
951 2497 1027 2554 γὰρ
1061 2498 1231 2548 ἐκεῖνος]
1262 2499 1315 2537 Ut
1342 2497 1603 2551 ApocaucuS,
1646 2494 1743 2534 dum

209 2568 354 2607 capere
379 2556 664 2607 imperatorem
692 2557 982 2596 adolescentem
1004 2563 1043 2596 et
1062 2570 1229 2607 regnare
1252 2556 1492 2605 meditatur,
1524 2552 1743 2606 deprehen-

208 2626 277 2651 sus
305 2613 346 2651 in
374 2626 507 2651 arcem
535 2627 647 2652 suam
676 2614 958 2667 Epibutensem
987 2613 1153 2666 fugerit,
1185 2621 1321 2653 narrat
1343 2614 1449 2654 idem
1478 2613 1741 2651 Cantacuzen.

207 2682 296 2721 cap.
320 2673 385 2712 10.
443 2684 619 2710 nonme.

319 2724 416 2780 Pssg·
445 2730 542 2776 603,
577 2727 642 2771 15.
697 2723 786 2770 Ἐπὶ
820 2728 938 2771 δυσὶν
975 2725 1185 2783 ἐμακάριζε
1215 2725 1400 2780 τούτοις]
1449 2727 1510 2766 An
1552 2723 1742 2775 intelligit

207 2782 307 2822 duas
335 2791 471 2836 partes
505 2785 662 2824 consilii
691 2786 740 2824 ab
771 2787 1015 2839 imperatore
1054 2786 1159 2836 dati,
1200 2794 1246 2828 ut
1277 2800 1410 2827 arcem
1441 2788 1661 2832 everteret,
1700 2786 1740 2820 et

205 2841 463 2893 Apocaucum
482 2842 523 2881 in
549 2843 770 2883 custodiam
795 2844 940 2885 daret?
998 2858 1152 2885 Boivm.
