1794 3172
260 154 363 204 990
614 199 617 202 .
667 158 984 206 NICEPHORI
1013 158 1339 206 GREGORAE

42 283 70 320 Α
100 284 143 319 Μ,
160 282 252 320 6859
264 269 580 330 παρέφθεγκταί
594 286 658 323 τι,
689 267 816 321 δόξαν
837 268 938 321 ἴσως
961 269 1261 328 ἓναντιολογίας
1287 270 1489 329 παρέχον,
1527 271 1586 328 μὴ
1616 268 1744 328 νόμον
1774 318 1778 320 ,

100 332 365 415 1’ἐξιέῗπὶρεῗναι
392 339 441 384 τὸ
459 336 632 383 σπάνιόν
654 355 698 382 τε
719 341 788 383 καὶ
809 337 1157 397 δυσδιάγνωστον.
1230 339 1332 401 (Η.)
1368 343 1476 400 Περὶ
1508 340 1553 385 δ’
1586 335 1643 384 ὧν
1667 337 1746 385 αὗ·-

145 404 154 412 ’
263 415 337 462 θις
364 409 437 453 τὸν
462 409 590 465 μέγαν
621 410 783 466 εῗσῆγον
815 411 956 453 ἐκεῖνοι
984 411 1227 464 Βασίλειον,
1264 411 1435 468 λέγοντα
1463 408 1670 468 γινώσκειν
1700 412 1745 454 ἐκ

227 484 350 525 Οτῶν
368 480 576 537 ἐνεργειῶν
593 475 706 535 ἡμᾶς
722 478 796 523 τὸν
810 477 913 524 θεόν
927 493 937 505 ·
963 478 1071 523 ἀλλὰ
1088 480 1173 537 μὴν
1193 479 1412 532 ἀκτίστους
1430 481 1578 531 ἐκεῖνος
1596 478 1747 536 ἣκιστα

263 548 412 609 φάσκει
440 545 650 604 θεότητας
677 546 778 592 εἶναι
805 549 882 601 τὰς
911 547 1111 600 τοιαύτας
1141 551 1339 608 ἐνεργείας
1348 584 1362 603 ,
1397 549 1518 608 ἔγωγε
1547 548 1776 608 ἔφασκον.5

261 618 288 675 ἢ
317 621 418 674 γοῦν
445 617 505 674 μὴ
536 617 595 660 δι’
627 616 788 662 ἑαυτῶν
817 616 1104 677 ἀναγινώσκειν
1130 618 1237 670 ὅλως
1263 617 1549 679 ἆπεφαινόμην
1577 618 1744 673 αὐτοὺς,

261 687 288 745 ’ἢ
321 684 678 745 ἀναγινώσκοντας
711 688 771 746 μὴ
800 688 1012 746 γινώσκειν
1041 687 1148 740 ὅλως
1176 689 1203 733 ἃ
1224 688 1586 747 ἀναγινώσκουσιν.
1625 688 1749 732 εῗπών

262 757 342 816 γὰρ
369 755 390 800 ὃ
419 761 536 808 θεῖος
566 757 729 816 πατὴρ,
766 759 811 802 ἔκ
839 763 924 803 τῶν
954 760 1161 816 ἐνεργειῶν
1177 749 1385 817 γινώσκειν
1402 757 1513 816 ἡμᾶς
1535 758 1609 802 τὸν
1628 757 1746 811 θεὸν,

263 828 306 871 ἓν
320 830 372 886 τῇ
394 826 501 885 αὗτῇ
520 827 788 884 παρακατιὼν
804 828 1000 888 ἐπιστολῇ
1018 826 1166 873 ἑαυτὸν
1185 828 1310 880 αὐτὸς
1328 830 1540 886 ἐξηγεῖται,
1560 825 1748 886 φάσκων·

223 897 343 952 1),,οἷ
353 898 548 953 μαθηταὶ
567 894 667 941 πότε
688 897 815 942 αὐτὸν
828 897 1165 958 προσεκύνησαν,·
1201 898 1278 955 οὐχ
1300 897 1367 943 ὅτε
1388 898 1464 955 τὴν
1486 900 1616 942 κτίσιν
1634 897 1748 957 αὐτῷ
1761 906 1794 943 1(

262 965 373 1010 εἶδον
402 964 757 1024 ὑποτεταγμένης
794 968 876 1013 ἀπὸ
904 969 983 1027 γὰρ
1011 966 1234 1026 θαλάσσης
1268 970 1337 1012 καὶ
1371 967 1534 1023 ἀνέμων
1562 965 1750 1010 ὑπακου-

263 1034 427 1080 σάντων
458 1035 571 1096 αὐτῷ
605 1035 829 1095 ἐγνώρισαν
860 1038 990 1082 αὐτοῦ
1020 1037 1096 1095 τὴν
1123 1037 1322 1095 θεότητα.
1369 1037 1518 1082 οὐκοῦν
1555 1036 1637 1081 ἀπὸ
1674 1037 1750 1092 μὲν

262 1110 348 1150 τῶν
361 1103 781 1163 ἐνεργειῶνῆγνῶσις·
808 1106 889 1151 ἀπὸ
911 1109 956 1151 δὲ
975 1105 1614 1165 τῆςγνώσεωςὴπροσκύνησις”.
1646 1108 1751 1160 „nai

264 1174 354 1231 ἅμα
373 1173 542 1231 ὃρᾶτε,”
568 1174 750 1233 ἔφασκον
759 1209 772 1230 ,
795 1178 1033 1234 ,,ἒνεργείας
1052 1178 1105 1220 τὰ
1123 1176 1329 1233 θαύματα
1347 1178 1518 1233 λέγοντα
1538 1176 1613 1220 τὸν
1633 1179 1751 1219 θεῖον

265 1241 528 1288 διδάσκαλον.
567 1249 656 1295 πῶς
673 1240 747 1288 οὖν
763 1244 989 1290 θάλασσαν
1011 1248 1077 1290 καὶ
1099 1246 1276 1302 ἀνέμους
1297 1248 1363 1289 καὶ
1380 1247 1432 1290 τὰ
1452 1250 1628 1289 τοιαῦτα
1645 1243 1748 1289 θεό-
1764 1254 1794 1290 Ῑέ

223 1319 395 1371 Ετητας
414 1313 632 1365 ἇκτίστους
651 1315 779 1373 φατὲ,
818 1318 887 1359 καὶ
908 1316 1007 1367 τοὺς
1026 1318 1169 1367 θείους
1191 1321 1435 1375 πρηστῆρας
1456 1315 1504 1360 οὗ
1535 1316 1749 1374 φρίττετε;

265 1383 404 1427 ἔπειτα
426 1383 528 1427 οὐδέ
543 1401 608 1427 τοι
625 1383 699 1428 τὸν
721 1389 804 1429 τῶν
829 1384 960 1430 ὄντων
979 1384 1230 1443 γινώσκομεν
1248 1386 1381 1429 αἴτιον
1395 1399 1405 1410 ·
1442 1385 1521 1429 κάκ
1552 1389 1630 1441 τῆς
1657 1386 1752 1428 δια-

265 1457 402 1511 φορᾶς
421 1457 504 1496 τῶν
529 1452 660 1497 ὄντων
680 1453 757 1511 τὴν
777 1459 852 1499 τοῦ
873 1455 992 1506 ὄντος
1010 1454 1299 1511 διδασκόμεθα
1322 1456 1474 1513 σοφίαν
1485 1488 1498 1508 ,
1537 1454 1611 1498 τὸν
1631 1452 1748 1498 υἱόν·

267 1524 338 1566 καὶ
365 1524 410 1566 ἐκ
438 1526 514 1579 τῆς
543 1527 627 1566 τῶν
658 1522 787 1567 ὄντων
816 1530 994 1583 φυσικῆς
1020 1523 1217 1580 κινήσεως
1249 1525 1327 1582 τὴν
1365 1522 1645 1568 ἔνυπόστατον
1674 1528 1751 1567 τοῦ

270 1591 389 1643 ὄντος
414 1590 685 1648 μανθάνομεν
716 1593 844 1651 ζωὴν,
882 1595 958 1651 τὴν
985 1599 1069 1638 τῶν
1103 1594 1234 1639 ὄντων
1257 1594 1453 1647 ζωοποιὸν
1474 1592 1647 1649 δύναμιν
1656 1627 1670 1647 ,
1701 1594 1794 1640 τὸ21

270 1665 430 1717 πνεῦμα
451 1661 501 1705 τὸ
520 1660 676 1719 ἅγιον.”
722 1663 827 1723 (Θ.)
857 1661 906 1708 Ὁ
925 1663 1120 1717 βασιλεὺς
1139 1664 1186 1707 ‹5’
1209 1663 1338 1715 εὐθὺς
1357 1663 1589 1717 ἀνίσταται,
1618 1663 1752 1720 γέμων

229 1730 397 1788 Εόργῆς
417 1733 484 1774 καὶ
510 1736 678 1788 θυμοῦ·
714 1734 782 1776 καὶ
813 1734 949 1792 βραχὺ
971 1733 1136 1790 προβὰς
1158 1738 1233 1777 τοῦ
1251 1731 1452 1789 θαλάμου
1485 1732 1532 1777 τὸ
1563 1733 1753 1789 ποιητέον

270 1801 559 1857 ἐκοινολογεῖτο
589 1799 729 1860 κρύφα
765 1808 825 1864 τῷ
855 1807 1117 1866 τεΠαλαμᾷ
1146 1805 1216 1848 καὶ
1247 1809 1336 1855 τοῖς
1358 1800 1617 1854 ἐπισκόποις·
1650 1801 1752 1847 εἶναι

363 1899 420 1936 17.
443 1895 515 1935 κᾶν
530 1898 570 1936 ἐκ
588 1900 676 1936 coni.
697 1900 799 1937 Boiv.

268 1978 364 2025 quod
383 1980 555 2015 contrarie
573 1979 701 2016 dictum
717 1981 829 2016 videri
851 1983 991 2027 posset,
1016 1980 1053 2016 id
1082 1980 1238 2028 quidem,
1269 1984 1394 2028 utpote
1421 1992 1535 2017 rarum
1563 1985 1600 2017 et
1628 1981 1753 2017 obscu-

268 2037 365 2068 rum,
396 2026 507 2070 legem
534 2038 601 2061 non
628 2040 714 2062 esse.
769 2028 907 2073 (VIII.)
932 2029 1115 2070 Quatenus
1142 2034 1256 2064 autem
1276 2029 1440 2063 Basilium
1463 2029 1626 2075 Magnum
1650 2029 1753 2064 indu-

269 2073 416 2115 cebant,
441 2073 608 2108 dicentem
626 2075 789 2119 cognosci
809 2086 830 2108 a
849 2074 947 2109 nobis
964 2075 1075 2110 Deum
1096 2087 1138 2110 ex
1157 2075 1437 2121 operationibus3
1464 2082 1526 2118 „at
1546 2087 1605 2110 eas
1626 2087 1752 2121 opera-

269 2117 417 2160 tiones'’,
428 2118 578 2164 inquam,
597 2121 759 2162 „minime
778 2120 836 2156 ille
851 2120 1023 2156 increatas
1042 2122 1242 2157 divinitates
1259 2134 1336 2156 esse
1355 2121 1439 2157 ait.”
1486 2122 1633 2156 Omnino
1651 2134 1750 2168 ergo,

270 2172 332 2199 aut
349 2165 444 2210 ipsos
461 2176 526 2210 per
542 2178 580 2200 se
601 2179 670 2201 non
690 2167 826 2212 legere,
851 2172 911 2202 aut
930 2168 1076 2214 legendo
1099 2181 1167 2203 non
1185 2169 1381 2214 intelligere
1407 2180 1448 2203 ea
1474 2180 1562 2214 quae
1583 2169 1750 2214 legerent,

270 2211 494 2248 affirmabam.
542 2213 632 2247 Nam
651 2219 791 2248 sanctus
811 2213 868 2249 hic
893 2214 1020 2257 Pater,
1043 2219 1224 2262 postquam
1241 2215 1353 2259 dixit,
1375 2215 1484 2249 Deum
1509 2227 1553 2250 ex
1577 2215 1752 2260 operatio-

270 2258 374 2292 nibus
391 2259 552 2303 cognosci
573 2270 594 2293 a
620 2259 740 2301 nobis,
764 2271 860 2295 suam
882 2261 958 2306 ipse
986 2267 1130 2297 mentem
1156 2262 1248 2297 infra
1276 2261 1312 2296 in
1339 2261 1459 2297 eadem
1478 2261 1625 2307 epistola
1642 2262 1751 2295 inter-

271 2310 432 2350 pretatur
454 2305 507 2339 his
526 2305 664 2340 verbis:
688 2305 884 2352 „Discipuli
905 2308 1042 2353 quando
1059 2321 1136 2343 eum
1160 2309 1376 2344 adorarunt?
1410 2309 1491 2343 Non
1516 2318 1591 2341 cum
1614 2314 1753 2342 creatu-

271 2362 344 2386 ram
363 2351 396 2385 ei
411 2351 614 2387 submissam
636 2352 823 2387 viderunt?
847 2355 982 2400 Nempe
1003 2356 1029 2389 ii
1049 2356 1264 2391 divinitatem
1283 2354 1359 2389 eius
1376 2365 1419 2389 ex
1437 2365 1478 2388 eo
1502 2357 1751 2399 cognoverunt,

272 2397 367 2443 quod
389 2401 425 2432 et
439 2409 531 2433 mare
551 2404 588 2433 et
596 2399 697 2439 (venti
715 2399 894 2435 obedirent
912 2402 957 2436 ei.
1004 2402 1127 2448 Itaque
1143 2413 1186 2437 ex
1205 2400 1463 2448 operationibus
1484 2405 1566 2435 nata
1585 2401 1751 2447 cognitio,

272 2456 316 2479 ex
327 2444 525 2490 cognitione
542 2445 734 2480 adoratio.⁷’
759 2447 836 2488 „Ac
847 2447 996 2491 videte'’‚
1007 2448 1156 2495 inquam,
1174 2447 1301 2491 „simul
1310 2452 1465 2483 sanctum
1476 2448 1566 2482 hunc
1577 2447 1751 2482 doctorem

273 2490 492 2536 operationes
512 2495 691 2527 vocantem
711 2503 765 2536 ea,
792 2504 882 2539 quae
901 2499 979 2529 sunt
997 2495 1174 2531 miracula.
1221 2493 1399 2536 Quomodo
1421 2494 1542 2540 itaque
1566 2505 1628 2528 vos
1658 2505 1751 2528 mare

273 2541 311 2572 et
328 2542 451 2573 ventos
469 2542 505 2573 et
520 2538 642 2573 similia
660 2538 836 2574 increatas
855 2541 990 2576 vocatis
1009 2541 1232 2584 divinitates3
1251 2545 1322 2576 tum
1340 2540 1444 2575 iidem
1463 2541 1583 2586 igneos
1594 2540 1660 2574 Dei
1675 2545 1752 2574 tur-

271 2583 371 2618 bines
390 2584 481 2619 haud
501 2585 776 2620 exhorrescitis?
807 2586 879 2621 Iam
898 2599 980 2622 vero
1008 2600 1073 2623 nec
1094 2588 1205 2635 ipsum
1222 2587 1349 2622 entium
1370 2591 1545 2622 auctorem
1565 2586 1750 2632 cognosci-

271 2641 366 2672 mus,
392 2631 455 2666 sed
473 2642 517 2666 ex
539 2631 714 2667 varietate
731 2632 859 2668 entium
881 2634 1082 2680 sapientiam
1102 2635 1176 2670 eius
1203 2633 1262 2680 qui
1286 2638 1358 2676 est,
1381 2645 1502 2679 nempe
1520 2633 1667 2676 Filium,
1690 2644 1753 2668 co·-

272 2677 485 2722 gnoscimus3
520 2681 557 2713 et
579 2689 624 2713 ex
643 2681 736 2713 motu
759 2678 887 2714 entium
911 2681 1061 2716 naturali
1091 2681 1199 2716 vitam
1218 2680 1314 2723 eius,
1344 2680 1403 2726 qui
1424 2685 1499 2722 est,
1523 2691 1587 2725 per
1608 2691 1646 2714 se
1668 2679 1752 2714 sub-

273 2722 451 2759 sistentem
481 2724 725 2770 intelligimus,
756 2736 879 2771 nempe
905 2727 1034 2763 entium
1062 2728 1231 2762 vivificam
1264 2726 1450 2769 virtutem,
1474 2726 1641 2772 Spiritum
1670 2737 1751 2760 san-

273 2769 403 2804 ctum.''
449 2771 552 2817 (lx.)
573 2771 628 2806 Ibi
646 2771 833 2818 imperator
852 2771 927 2808 irae
948 2777 985 2808 et
1002 2773 1250 2820 indignationis
1268 2773 1388 2819 plenus
1410 2773 1581 2814 surrexit,
1606 2776 1644 2806 et
1662 2783 1750 2818 pau-

273 2813 307 2849 lo
326 2821 425 2850 extra
443 2817 634 2853 cubiculum
662 2830 868 2864 progressus
900 2819 1016 2865 coepit
1043 2821 1130 2857 clam
1152 2831 1225 2855 cum
1250 2819 1391 2854 Palama
1413 2824 1451 2854 et
1470 2819 1642 2865 episcopis
1667 2818 1751 2864 quid

275 2862 445 2907 agendum
465 2869 558 2900 esset
569 2865 790 2908 „consultaret
813 2865 922 2902 verba
942 2866 1073 2914 quippe
1091 2867 1126 2903 in
1150 2865 1327 2915 praesenti
1347 2865 1488 2913 negotio
1512 2865 1581 2901 vim
1605 2875 1750 2913 persua—f
