1754 3164
190 103 329 155 1214
718 107 1206 157 ΑΝΝοΤΑΤΙοΝΕε
1206 96 1213 103 ’

193 226 313 268 τατος
337 215 602 259 ῦποτίθεται·
638 234 665 259 α
690 213 713 260 ὅ
738 213 839 266 θεος
861 214 884 260 ὃ
910 232 1027 273 αγιος
1054 211 1339 273 βεβούλευται,
1365 214 1428 269 τίς
1457 210 1737 269 διασκεδάσεις

195 276 353 319 ἐκείνου
384 291 461 345 γαρ
488 275 702 329 κρίναντος
729 270 925 326 ἀναξίους
951 274 1062 330 ’ἡμᾶς
1090 274 1160 317 καὶ
1189 275 1294 326 θέας
1320 276 1391 318 καὶ
1422 275 1579 331 ὁμιλίας
1609 272 1739 329 αὐτῆς

195 337 277 376 τῶν
308 329 539 401 φιλτάτων,
565 337 803 402 πειθαρχεῖν
830 331 902 375 καὶ
928 332 1040 387 ῦμοῖς
1068 328 1333 388 ὀφειλόμενον
1362 334 1427 383 (an
1444 333 1563 406 ημεῖς
1582 329 1739 404 ὀφείλο-

197 407 270 446 μεν
282 388 350 442 Ρ)
387 385 688 444 ῦπερεύχεσθαι
726 387 855 444 μόνον
882 389 991 444 ῦμᾶς
1020 390 1294 443 ἐξαιτοῦντες,
1326 407 1381 446 μη
1410 388 1606 434 κάκεῖθεν
1637 406 1740 432 απο-

196 448 409 502 ζευχθείην
438 446 540 501 (non
562 445 862 502 αποζευχθεῖεν,
892 448 986 490 fort.
1015 444 1382 523 αποζευχθείημεν)
1409 450 1492 491 ταῖν
1513 445 1617 517 πρός
1633 449 1740 489 θεοῦ

197 505 455 560 φιλουμένων
482 506 554 547 καὶ
583 503 787 559 φιλτατων
809 505 950 560 ῦμων·
981 503 1081 577 μεθ’
1106 503 1165 548 ων
1193 506 1270 559 υιὲ,
1300 509 1406 549 θεοῦ
1436 502 1624 557 ζωοδότα,
1653 509 1741 554 ταῖς

198 568 400 619 στρατιαῖς
416 562 486 604 καὶ
505 562 614 618 ήμᾶς
631 567 894 637 συγχορεῦσαι
909 568 997 633 ταῖς
1015 560 1229 620 οὐρανίαις
1248 561 1488 618 ευδόκησον,
1509 564 1742 632 πρεσβείαις

196 624 273 676 τῆς
292 619 335 663 σὲ
356 617 551 674 τεκούσης
570 620 727 676 μητρὸς,
746 622 816 662 καὶ
835 617 1088 674 αποστόλων,
1109 622 1178 664 καὶ
1194 626 1277 664 τῶν
1296 619 1526 677 μαρτύρων,
1546 621 1616 662 καὶ
1635 636 1742 661 παν-

196 695 280 722 των
299 677 425 734 αγίων
448 689 534 721 σου.
562 679 818 733 Nicephorus
837 679 1067 731 Chumnus,
1090 680 1132 719 in
1152 681 1345 730 oratione,
1366 694 1468 732 quae
1489 678 1740 730 inscribitur,

185 735 376 790 ’Ἑλεγχος
413 752 514 778 κατα
552 740 628 779 τοῦ
662 753 798 786 κακως
836 753 887 779 τα
925 753 1060 779 παντα
1095 735 1484 807 πατριαρχεύσαντος
1528 738 1742 808 Νίφωνος,

201 792 435 863 ἀνενεχθεις
470 792 581 850 παρὰ
616 797 693 836 τοῦ
733 796 1012 849 Νικομηδείας
1047 794 1115 837 καὶ
1151 799 1225 837 τοῦ
1256 792 1502 849 Μιτυλήνης
1529 791 1629 848 πρὸς
1666 809 1744 846 την

202 849 318 907 ἱεραν
349 848 544 904 σύνοδον,
582 851 843 892 Athanasium
874 853 930 893 ait
961 867 1033 892 sua
1064 852 1158 893 sede
1189 854 1404 906 expulsum
1436 859 1476 892 et
1510 852 1745 891 damnatum

203 909 390 961 cessisse,
422 922 469 949 eo
494 910 604 964 quod
623 911 803 950 minister
827 912 912 950 eius
933 910 1199 964 Theophanes
1224 911 1332 950 dona
1357 910 1578 963 accepisset
1606 909 1655 948 ab
1681 909 1743 958 iis,

204 968 352 1020 quibus
387 967 550 1007 ordines
583 969 689 1008 sacri
721 968 1023 1021 conferrentur3
1062 968 1107 1008 id
1142 968 1252 1022 quod
1282 967 1517 1039 patriarcha
1548 967 1746 1006 insciente

203 1026 292 1065 fimi
323 1022 432 1064 haud
459 1025 672 1079 potuisset.
731 1027 791 1065 En
819 1026 944 1065 verba
971 1027 1072 1080 ipsa
1113 1027 1152 1068 τί
1183 1024 1226 1067 δὲ
1254 1025 1324 1067 καὶ
1352 1023 1414 1069 ’ὅτι
1440 1027 1517 1067 τοῦ
1547 1040 1748 1078 πατριαρ-

203 1079 422 1151 χευσαντος
448 1080 717 1133 Ἀθανασίου,
758 1081 896 1136 ἐπειδὴ
928 1100 949 1126 ο
981 1084 1158 1138 γνησίως
1199 1083 1339 1141 ἐκείνῳ
1380 1079 1747 1150 ἐξυπηρετούμενος

207 1135 426 1193 Θεοφανης
465 1141 681 1194 φωραθείη
724 1141 836 1209 δῶρα
874 1139 1095 1212 λαμβάνων
1137 1140 1204 1183 ἐπὶ
1241 1145 1495 1212 προτροπαῖς
1526 1136 1746 1188 τοιαύταις,

206 1194 453 1251 ἀπέστημεν,
493 1198 563 1239 καὶ
591 1196 742 1246 πασαις
770 1194 935 1252 ψήφοις
972 1195 1259 1270 απεβαλομεθα
1294 1195 1413 1240 τόνδε
1449 1213 1521 1240 τον
1555 1212 1749 1265 πατριαρ-

206 1270 305 1310 χην,
339 1254 408 1296 καὶ
439 1250 533 1297 οὐδ’
564 1251 614 1297 οῦ
643 1251 797 1310 μήποτε
810 1253 1037 1324 δεξαίμεθ’
1063 1253 1116 1297 ὂῖν
1138 1252 1264 1298 αῦτον
1295 1254 1388 1298 οὕτε
1419 1256 1476 1304 εἰς
1506 1250 1750 1324 οἷρχιερωσύ-

205 1328 320 1383 νην,
348 1309 440 1354 οῦτε
469 1328 552 1366 μην
583 1312 640 1362 εἰς
673 1308 924 1367 ἷερωσυνην;
968 1313 1054 1356 ἐπεὶ
1083 1313 1150 1355 καὶ
1182 1313 1411 1355 συνειδέναι
1439 1308 1562 1354 αὐτόν
1593 1312 1663 1353 καὶ
1693 1308 1750 1365 μή

206 1364 424 1425 ἆγνῶστως
453 1369 554 1424 ἔχειν
582 1385 666 1411 των
693 1373 750 1426 τῷ
781 1367 985 1423 Θεοφανει
1012 1370 1325 1438 πεπραγμένων,
1369 1366 1467 1412 αὐτὸ
1499 1368 1544 1412 τὸ
1584 1373 1752 1424 πρᾶγμα

207 1426 280 1470 καὶ
309 1427 490 1468 δείκνυσι
527 1427 595 1469 και
627 1412 833 1481 διελέγχει,
876 1427 946 1468 καὶ
985 1428 1090 1470 ἐστιν
1124 1425 1375 1494 ἰσχυρότερον
1410 1443 1561 1477 παντος
1591 1427 1750 1482 ἐλέγχου

134 1489 136 1491 ’
207 1484 280 1527 καὶ
306 1481 546 1539 κατηγόρου.
605 1486 730 1525 Porro
753 1483 816 1524 his
839 1485 1011 1525 Chumni
1039 1486 1171 1525 verbis
1195 1500 1277 1525 non
1307 1486 1479 1540 primam
1500 1485 1574 1524 sed
1601 1499 1752 1524 secun-

210 1542 304 1582 dam
324 1541 532 1581 Athanasii
554 1542 882 1582 abdicationem
870 1544 983 1582 mnui
1009 1544 1264 1583 manifestum
1285 1550 1355 1584 est.
1401 1544 1543 1595 Itaque
1565 1542 1753 1596 δευτέρας

209 1596 489 1654 παραιτήσεως
518 1614 598 1639 non
621 1614 665 1640 ea
688 1601 773 1640 sola
792 1614 910 1639 causa
931 1602 1097 1652 exstitit,
1130 1616 1248 1654 quam
1277 1601 1394 1640 affert
1411 1602 1624 1652 Gregoras.
1663 1602 1752 1639 Ex-

211 1663 292 1698 stat
316 1656 359 1696 in
385 1657 483 1698 cod.
512 1658 608 1710 Reg.
636 1659 783 1698 Teller.
812 1658 883 1696 fol.
916 1662 1010 1702 108.
1038 1659 1234 1712 scriptum
1264 1658 1470 1698 Athanasii
1499 1657 1752 1711 patriarchae

156 1754 162 1768 ,
211 1713 306 1788 περὶ
335 1717 411 1756 τοῦ
440 1717 527 1764 πῶς
562 1714 632 1756 καὶ
669 1716 778 1757 διατί
812 1731 861 1756 τα
890 1731 974 1757 των
1005 1713 1310 1771 παραιτήσεων,
1351 1719 1425 1769 τῆς
1452 1712 1615 1768 πρώτης
1644 1715 1754 1781 φημὶ

212 1789 284 1815 και
303 1771 509 1827 δευτέρας,
541 1772 776 1828 ἐγένοντο,
763 1787 806 1812 m
833 1787 913 1825 quo
933 1772 1176 1813 Athanasius
1202 1775 1252 1814 de
1283 1774 1447 1813 obiectis
1474 1773 1550 1811 sibi
1574 1773 1754 1812 crimini-

213 1830 292 1870 bus
318 1831 444 1869 multa
469 1840 734 1884 conquestus,
765 1830 823 1869 sic
843 1831 1002 1870 demum
1033 1838 1218 1900 perzorat
1250 1828 1351 1883 αῦτη
1379 1830 1444 1872 ἐπι
1467 1834 1557 1887 θεω
1583 1846 1754 1903 μαρτυρι

215 1890 289 1941 τῆς
316 1886 605 1960 παραιτήσεως
621 1891 694 1941 τῆς
715 1884 879 1943 πρώτης
905 1889 973 1929 και
1001 1893 1076 1942 τῆς
1106 1888 1291 1942 δευτέρας
1319 1888 1349 1959 ή
1372 1874 1546 1942 συσκευή
1564 1905 1631 1929 και
1652 1884 1754 1929 ’ὑπό-

216 1950 355 1994 θεσις’
396 1946 434 1987 εἰ
458 1945 528 1987 καὶ
555 1962 605 1986 τα
632 1948 715 1986 τῶν
743 1961 996 2016 κατηγοριων
1024 1947 1192 1987 ποικίλα
1218 1945 1288 1987 καὶ
1318 1943 1454 1986 α’νισα
1515 1945 1600 1987 ἐπεὶ
1633 1942 1753 2000 (sm-‚t

218 1998 386 2055 ἐπειδη)
417 2001 462 2044 δὲ
491 1999 542 2044 ου’
570 2003 746 2074 δημοσία
774 2002 844 2044 καὶ
878 1998 1023 2056 μόνον,
1074 1999 1174 2045 ἄλλα
1208 2003 1278 2045 καὶ
1309 2004 1439 2054 οἴκοι,
1478 2006 1553 2045 τοῦ
1582 2004 1754 2057 ἐρᾶσθαι

218 2057 444 2130 (ἱερᾶσθαι)
473 2059 544 2102 καὶ
573 2057 755 2128 εῦλογεῖν
777 2059 845 2101 καὶ
863 2057 1070 2102 διδασκειν
1098 2066 1182 2110 τοῖς
1206 2063 1396 2114 τυχοῦσιν
1414 2057 1637 2130 απείργειν
1643 2060 1754 2114 ’ἡμᾶς

219 2116 265 2159 οἰ
292 2112 486 2172 αρχιερεῖς
514 2115 805 2173 ἐγκελεύονται,
837 2114 938 2171 ἅπερ
974 2114 1072 2160 οῦδὲ
1097 2122 1155 2190 τῷ
1184 2120 1374 2187 δυσσεβεῖ
1402 2120 1587 2173 Γεωργίςο
1616 2135 1642 2171 η
1671 2123 1754 2166 τοῖς

221 2174 542 2228 φυλασσομένοις
571 2174 680 2230 (fort.
702 2174 1042 2230 φρυασσομένοις)
1065 2173 1116 2217 τὰ
1143 2172 1292 2230 μάταια
1311 2176 1379 2217 καὶ
1407 2177 1544 2228 ψευδῆ
1564 2178 1754 2225 ξυλωταῖς

223 2229 345 2286 (fort.
370 2230 580 2301 ζηλωταῖς)
603 2235 739 2283 ποσῶς
768 2232 1028 2287 ἐπετίμησαν,
1069 2230 1125 2287 μὴ
1156 2231 1325 2282 ἓαυτοῦς
1354 2229 1600 2274 ακανόνιστα
1609 2248 1754 2303 πρατ-

221 2303 307 2331 τειν
334 2288 404 2330 καὶ
434 2286 595 2357 ἄθεσμα
613 2306 688 2359 την
721 2290 853 2361 κρίσιν
889 2291 1121 2344 φρίττοντες
1158 2294 1233 2332 τοῦ
1270 2293 1396 2342 θεοῦ,
1426 2307 1452 2343 η
1483 2287 1562 2331 κὸἶν
1591 2286 1754 2358 ἀνθρώ-

223 2361 330 2394 πους
367 2341 614 2399 αἰδουμενοι.
656 2342 748 2388 αλλ’
784 2346 885 2400 ημῖν
914 2347 1133 2403 ἐπιτρίβειν
1169 2348 1376 2412 θαῤῥοῦσι
1405 2344 1449 2388 τὸ
1477 2343 1754 2398 ακανὸνιστον,

224 2398 345 2445 αυτοὶ
374 2402 444 2445 καὶ
461 2402 483 2427 *
502 2407 588 2452 τοῖς
614 2401 713 2458 πρὸς
743 2408 823 2446 τῶν
845 2406 973 2446 θείων
1000 2408 1166 2459 θεσμῶν
1196 2401 1411 2459 ἐπαρατοις
1437 2404 1507 2446 καὶ
1536 2402 1754 2473 ἀλλοτρίοις

224 2463 298 2529 τῆς
325 2459 536 2515 ἐκκλησίας
566 2463 744 2532 Χριστοῦ
773 2478 844 2512 τας
870 2460 1051 2515 κεφαλας
1078 2461 1367 2511 ῦποκλίναντες
1408 2462 1477 2503 καὶ
1506 2459 1662 2504 κανόνα
1698 2463 1754 2503 δε-

226 2514 412 2571 ξαμενοι,
450 2517 521 2560 καὶ
547 2515 614 2560 τὸν
644 2518 688 2560 ἐν
716 2520 892 2577 μακαρία
919 2523 981 2591 τῇ
999 2517 1137 2592 μνήμῃ
1166 2534 1414 2588 πατριαρχην
1442 2523 1518 2573 τῆς
1548 2520 1754 2588 ἐκκλησίας

228 2578 412 2647 Χριστοῦ
438 2574 508 2617 καὶ
535 2574 786 2630 ὄμολογητην
813 2581 941 2633 κῦρον
969 2574 1116 2631 Ἰωσὴφ
1145 2573 1444 2632 παραναλωμα,
1473 2575 1570 2619 όσον
1599 2575 1644 2619 ‘co‘
1674 2571 1754 2617 κατ’

229 2648 401 2682 αυτους,
441 2635 515 2687 τῆς
543 2633 690 2704 μανίας
717 2649 800 2675 των
831 2633 1070 2705 σχιζομένων
1098 2633 1289 2703 γενέσθαι
1317 2630 1656 2708 καταδεξαμενοι,
1688 2649 1754 2674 και

227 2691 354 2731 ταῦτα
377 2688 448 2731 καὶ
477 2687 574 2758 μετοέ
602 2686 805 2743 θανατον,
837 2689 935 2746 όπερ
958 2688 1034 2733 οὐκ
1055 2688 1205 2733 εἶδεν““
1181 2708 1202 2734 ο
1226 2688 1363 2744 η’λιος,
1385 2688 1670 2759 αναμείναντες
1692 2690 1754 2732 ἐπι

228 2742 389 2815 χρόνοις
407 2760 613 2797 τοσουτοις
629 2749 794 2818 ζητῆσαί
811 2765 900 2790 τινα
911 2752 992 2790 τῶν
1006 2765 1084 2803 προ
1107 2745 1334 2803 ὄφθαλμων
1350 2745 1521 2802 ἐχόντων
1534 2744 1646 2790 θεόν.
1670 2764 1754 2796 πως

232 2804 302 2846 καὶ
318 2800 449 2848 πόθεν
464 2807 639 2848 τοσαῦτα
652 2801 747 2848 καθ’
753 2804 871 2860 ἡμῶν
890 2803 1138 2863 ἐφρυάξατε,·
1153 2805 1223 2849 καὶ
1239 2804 1393 2862 μηδένα
1407 2803 1477 2849 τόν
1489 2801 1754 2859 συλλυπούμε-
