1754 3164
155 122 288 172 1384

197 234 294 270 ciunt
316 234 396 276 268,
424 233 478 270 15.
504 245 542 269 ιε
565 236 602 270 et
625 245 685 270 sua
702 235 814 271 omnia
834 236 906 271 La-

197 282 280 316 tinis
306 281 457 315 dedunt:
498 281 596 316 multi
627 293 690 328 per
725 287 860 317 noctem
885 294 906 318 a

197 327 360 363 Romanis
403 326 589 375 intercepti
636 334 674 364 et
715 328 904 365 trucidati:

197 374 240 410 de
260 373 407 409 caeteris
426 374 509 419 quid
525 379 639 410 actum
658 377 740 419 269,
750 379 784 413 7.
811 377 906 411 Tur-

197 421 229 455 ci
255 420 391 466 quando
415 421 560 466 primum
592 422 701 457 maria
731 427 768 457 et
791 426 906 458 terras

195 467 363 503 infestare
388 468 567 513 coeperint
584 470 666 511 351,
691 471 724 505 6.
749 481 906 515 magnam

195 519 327 562 partem
353 513 540 560 Bithyniae
564 516 727 561 subigunt
747 516 830 556 384,
850 519 905 553 10.

195 561 286 595 duce
321 560 504 604 Orchane,
545 562 714 597 Nicaeam
745 563 906 598 obsident

194 606 276 650 433,
301 608 356 643 13.
382 606 544 653 capiunt:
577 608 755 655 imagines,
781 609 904 653 libros,

195 660 232 689 et
261 665 376 689 sacras
403 654 566 700 reliquias
592 656 744 690 vendunt
767 657 905 702 Byzan-

194 699 275 736 tiis:
301 700 499 735 maritimam
521 702 707 749 Bithyniae
730 715 822 738 oram
843 715 906 738 oc·-

195 751 342 793 cupant:
373 747 580 782 tributarios
614 749 769 784 omnibus
797 749 903 784 modis

194 798 323 828 vexant
345 793 438 836 458,
465 796 515 830 12.
543 795 686 830 Latinos
711 808 751 831 ac
774 796 903 831 Roma-

193 852 256 876 nos
280 846 379 875 terra
403 846 440 875 et
463 842 550 876 mari
574 842 747 878 afflictant
767 845 847 886 523,
871 846 904 879 1.

194 887 304 923 Turci
329 887 518 934 praedones
543 900 563 923 a
587 889 732 935 Scythis
752 889 905 935 praeda-

193 934 319 969 bundis
342 934 379 969 in
397 934 553 969 Thracia
565 935 803 982 opprimuntur
822 938 904 979 535,

196 983 250 1019 11.
286 981 398 1016 Turci
431 982 681 1017 Chersonesum
714 988 750 1018 et
786 984 904 1019 Thra-

194 1028 281 1062 ciam
299 1028 493 1062 incursant:
513 1029 606 1064 caesi
622 1029 817 1064 lectissimi:
841 1041 904 1065 re·-
950 1052 953 1053 ν

193 1074 278 1121 liqui
305 1087 390 1122 pace
422 1074 629 1121 impetrata,
665 1077 798 1111 domum
822 1077 904 1112 red·

193 1128 276 1157 eunt
298 1123 380 1163 538,
404 1119 438 1156 4.
462 1122 603 1166 Illyrica
621 1123 752 1169 praeda
773 1123 902 1167 onusti,

193 1168 324 1203 domum
357 1167 574 1203 dimittuntur
617 1169 660 1204 ab
703 1169 902 1206 Andronico

192 1215 329 1250 iuniore
353 1213 445 1257 545,
470 1214 502 1250 4.
529 1215 716 1250 Thraciam
739 1220 902 1251 vastant:

192 1261 252 1296 diu
276 1262 519 1303 immorantur;
552 1261 686 1297 nemine
709 1262 904 1299 obsistente

192 1310 274 1351 548,
301 1310 355 1345 16.
379 1307 470 1343 Vide
498 1308 634 1344 Persae.

147 1355 278 1397 Turci,
318 1354 441 1403 Alexio
477 1354 652 1390 Comneno
694 1354 902 1402 imperante,

191 1402 361 1438 Nicaeam
393 1402 511 1436 urbem
541 1402 706 1436 tenebant
740 1400 829 1444 104,
864 1404 900 1438 2.

192 1460 215 1484 a
237 1447 378 1494 Scythis
400 1448 567 1493 fugantur
600 1451 686 1491 196,
713 1450 745 1484 8.
790 1448 902 1484 Turci

190 1495 322 1531 Ioniam
344 1493 547 1537 incolentes,
571 1495 714 1530 foedere
738 1507 811 1530 cum
828 1496 902 1531 Ro-

191 1541 301 1578 manis
324 1541 408 1584 icto,
433 1541 613 1588 quiescunt
635 1543 716 1584 538,
729 1541 764 1578 4.
791 1541 902 1577 Turci

190 1589 370 1634 Smyrnam
395 1590 430 1622 et
454 1588 581 1623 Ioniam
605 1588 794 1624 incolentes
819 1589 902 1633 214,

193 1637 248 1671 17.
281 1636 476 1671 Turcorum
508 1635 724 1671 incursiones
757 1637 903 1671 crebrae

190 1683 283 1725 317,
307 1683 342 1717 2.
375 1683 467 1725 683,
491 1682 525 1717 6.
561 1682 684 1718 classis
717 1684 811 1726 302,
846 1684 903 1721 15.

194 1728 284 1764 Vide
308 1729 444 1763 Persae.

144 1774 358 1822 Turcopuli,
391 1773 529 1810 Sultani
552 1775 724 1810 Azatinae
748 1775 902 1811 Comites

193 1824 284 1865 229,
311 1825 367 1858 11.
392 1820 451 1857 24.
484 1823 555 1858 230
565 1826 579 1865 ,’
601 1822 655 1860 14.
681 1823 900 1865 Michaelem,

192 1869 360 1904 iuniorem
401 1869 662 1915 imperatorem,
705 1869 741 1904 in
785 1881 902 1916 pugna

193 1916 355 1951 deserunt
364 1915 443 1958 230,
460 1913 512 1951 14.
534 1915 579 1950 ad
589 1915 778 1951 catalanos
789 1923 904 1951 trans-

193 1967 278 1999 eunt
301 1963 384 2005 232,
410 1966 467 2000 10.
491 1974 566 1997 cum
588 1963 634 1997 iis
657 1962 777 2005 iuncti,
804 1963 902 1998 Mas—

193 2013 333 2054 sagetas
358 2008 550 2055 profligant
570 2010 652 2052 232,
675 2007 734 2045 24.
757 2009 848 2044 Vide
865 2013 902 2045 et

194 2068 275 2102 pag.
299 2054 381 2098 244,
409 2057 462 2092 16.

145 2102 341 2185 Tu4rrianus
353 2101 596 2148 (Franciscus)
609 2102 711 2145 1189,
723 2103 781 2139 19.
800 2103 902 2146 1192,

144 2195 266 2230 Tuzus
292 2194 429 2240 (Simon
452 2194 696 2241 Buccanegra)
723 2195 767 2230 ab
787 2194 902 2241 ligone

192 2241 238 2277 ad
262 2241 369 2276 Ducis
394 2241 598 2288 dignitatem
619 2247 778 2276 evectus:
810 2242 902 2278 idem

192 2287 330 2323 biennio
356 2296 437 2343 post
461 2288 592 2323 eiectus
617 2290 707 2331 688,
742 2292 774 2325 1.
814 2288 900 2336 ibiq.

195 2340 314 2370 annot.
339 2346 412 2370 eius
446 2334 559 2370 edicto
594 2335 740 2371 Nobiles
775 2336 901 2373 Genua

191 2380 321 2424 exacti,
344 2381 434 2417 ibid.
458 2385 494 2416 et
516 2382 598 2425 765,
624 2383 681 2420 11.

145 2427 325 2474 Tyrrheni
348 2430 429 2469 286,
455 2429 512 2465 19.

144 2474 283 2520 Tyrus,
325 2475 369 2509 ab
402 2473 595 2510 Alexandro
617 2473 667 2508 M.
701 2478 902 2521 oppugnata

190 2523 273 2563 310,
299 2523 354 2558 13.
379 2525 577 2568 expugnata
600 2522 682 2564 310,
707 2523 763 2557 17.

144 2566 236 2613 Tyri
259 2566 463 2622 episcopus:
489 2580 579 2615 quae
596 2567 668 2602 eius
688 2572 807 2614 partes
823 2569 901 2603 fue-

190 2613 263 2648 rint
286 2625 324 2648 1n
347 2615 490 2660 Synodo
514 2614 717 2649 Palamitica
740 2616 822 2658 893,
844 2617 899 2652 12.

191 2671 253 2694 cur
277 2660 418 2696 Actioni
441 2661 580 2696 ultimae
603 2673 671 2697 non
698 2660 900 2698 interfuerit

188 2707 271 2747 991,
297 2708 330 2743 8.
356 2709 459 2750 1012,
487 2709 543 2744 15.

149 2753 331 2799 Τυφῶνες
353 2750 584 2801 ’ὑποχθόνιοι
607 2757 713 2798 1006,
737 2754 772 2792 4.

742 133 910 174 INDEX
938 133 1141 185 RERUM,

953 236 1137 271 Tzacones
1163 236 1342 281 (barbare,
1367 249 1430 285 pro
1453 238 1625 286 Lacones)
1647 241 1706 282 98,

953 285 1186 375 TzlaStiychites
1210 330 1435 376 interemptus
1460 333 1540 375 551,
1567 335 1622 370 17.

953 377 1110 411 Tzetzes
1137 378 1239 419 1221,
1265 379 1296 413 1.
1325 378 1426 420 1287,
1445 380 1630 422 22.“’129Ο,
1648 379 1706 416 42.

953 423 1116 469 szmes.
1150 423 1242 458 Vide
1269 425 1442 462 ximenes.

952 515 1007 550 De
1030 515 1255 550 Valaincourt
1279 515 1461 562 (Mahieu)
1487 519 1589 558 1169,
1617 516 1671 554 14.

951 563 1140 605 Valachia,
1166 561 1269 596 hodie
1294 564 1422 607 Istakia
1447 565 1550 608 1198,
1576 562 1635 600 14.

951 608 1109 653 vau-angi
1135 610 1238 650 1225,
1263 608 1321 644 41.
1348 611 1451 653 1236,
1473 612 1532 647 26.

950 655 1142 698 Vassallus,
1168 655 1304 695 δοῦλος
1328 657 1430 700 1240,
1454 657 1511 694 26.

950 702 1106 745 Veceus,
1133 702 1416 749 Chartophylax:
1440 703 1515 739 eius
1538 703 1704 749 elogium:

996 748 1213 804 concordiam
1245 748 1324 795 ipse
1353 761 1493 795 quoque
1525 751 1705 795 repudiat:

996 800 1518 889 ‘fffssifgassssissffitfingeaffi‘ii
1541 797 1705 888 ἒῆῗῖἲέἓῗ

996 889 1050 924 tia
1073 889 1175 934 longe
1199 888 1353 924 omnibus
1375 893 1531 936 praestat
1551 891 1628 932 128,
1649 892 1703 926 15.

997 935 1033 970 in
1059 947 1229 970 carcerem
1255 947 1329 970 cum
1353 935 1443 971 omni
1465 937 1541 971 fere
1574 948 1705 981 cogna-

998 982 1094 1016 tione
1118 982 1323 1017 coniicitur:
1356 983 1573 1029 Blemmydae
1596 983 1704 1018 libros

998 1039 1063 1075 pro
1087 1029 1211 1064 Latino
1235 1030 1396 1075 dogmate
1427 1030 1577 1076 scriptos
1600 1041 1705 1065 accu-

997 1080 1076 1110 rate
1098 1075 1203 1120 legit:
1227 1077 1363 1111 confert
1387 1088 1461 1111 cum
1478 1076 1618 1122 scriptis
1639 1076 1703 1110 SS.

969 1155 972 1158 .
996 1121 1157 1157 Patrum:
1182 1123 1389 1158 sententiam
1412 1127 1521 1158 mutat
1546 1126 1625 1166 129,
1644 1125 1703 1158 20.

998 1174 1139 1203 creatur
1149 1169 1366 1216 patriarcha:
1391 1169 1591 1216 imperatori
1603 1181 1703 1215 egre-

997 1215 1089 1260 giam
1110 1226 1249 1261 operam
1266 1220 1389 1250 navat:
1414 1228 1500 1262 quos
1522 1216 1700 1251 adiutores

997 1262 1158 1296 habuerit
1184 1264 1270 1304 130,
1305 1264 1339 1299 5.
1373 1270 1506 1298 mortuo
1531 1263 1704 1297 Michaele

996 1307 1204 1354 imperatore
1227 1309 1315 1344 clam
1340 1310 1471 1344 secedit
1495 1312 1573 1352 160,
1589 1311 1622 1346 6.
1646 1321 1702 1344 re·

996 1354 1153 1400 legatur:
1170 1356 1254 1410 ‘eius
1278 1356 1438 1400 querelae
1463 1357 1550 1398 169,
1576 1360 1606 1393 1.
1632 1356 1703 1390 elo-

994 1407 1222 1484 §latim
1239 1402 1704 1496 ⁵ffiiiiirxi⁷⁰cyssziss³⁸ssiff

995 1493 1161 1538 triarcha,
1186 1500 1222 1530 et
1245 1506 1266 1530 a
1289 1494 1474 1530 Muzalone
1494 1507 1616 1541 magno
1634 1496 1703 1530 Lo-

994 1542 1161 1587 gotheta:
1194 1541 1405 1588 disputando
1431 1542 1516 1577 nihil
1539 1542 1702 1588 proficit:

995 1588 1260 1623 communionem
1286 1589 1562 1624 adversariorum
1596 1601 1703 1635 repu-

995 1634 1089 1670 diat:
1115 1635 1151 1670 in
1162 1635 1319 1671 exsilium
1339 1635 1449 1670 denuo
1467 1635 1615 1671 mittitur
1628 1647 1702 1670 cum

994 1679 1215 1718 Meliteniota
1239 1687 1277 1718 et
1300 1682 1495 1718 Metochite
1524 1685 1612 1725 170,
1647 1685 1701 1718 10.

947 1727 1147 1773 Vectigalia
1179 1734 1304 1773 aucta,
1339 1733 1377 1764 ut
1406 1740 1476 1776 pax
1499 1741 1582 1764 auro
1606 1729 1702 1764 redi-

994 1781 1106 1810 matur
1129 1778 1211 1818 317,
1236 1778 1268 1812 8.

950 1819 1157 1857 Velicurtus.
1195 1822 1286 1857 Vide
1310 1821 1514 1857 Belicurtus.

949 1867 1155 1904 Venationis
1179 1868 1328 1904 ministri
1358 1868 1394 1903 in
1417 1867 1558 1904 militum
1582 1880 1701 1904 nume-

995 1925 1070 1949 rum
1093 1915 1195 1950 relati
1217 1918 1275 1957 56,
1303 1919 1355 1952 10·

947 1959 1162 1998 Venceslaus
1213 1963 1306 2008 (Gr.
1352 1957 1700 2009 Σφενδοσθλάβος)

995 2008 1223 2053 Bulgarorum
1256 2009 1417 2056 princeps
1439 2010 1522 2052 233,
1548 2012 1604 2045 10.
1630 2020 1700 2043 mo·

993 2055 1084 2089 ritur
1110 2056 1191 2100 318,
1218 2058 1272 2092 19.
1301 2058 1386 2092 duas
1410 2067 1538 2090 uxores
1560 2054 1700 2097 habuit3

995 2101 1161 2156 primam,
1199 2102 1312 2137 Cralis
1337 2113 1509 2144 sororem3
1542 2102 1698 2144 alteram,

993 2147 1137 2183 iunioris
1160 2149 1347 2185 Andronici
1378 2160 1548 2192 sororem,
1581 2149 1702 2184 Theo-

993 2194 1112 2230 doram
1136 2197 1218 2239 390,
1245 2199 1298 2232 10.

947 2240 1076 2276 Veneti
1105 2254 1126 2278 a
1160 2243 1400 2279 Genuensibus
1439 2241 1578 2288 saepius
1601 2240 1700 2284 victi,

993 2300 1149 2334 magnam
1183 2290 1322 2325 classem
1354 2290 1545 2325 instruunt:
1590 2289 1700 2323 Gala-

993 2340 1151 2371 taeorum
1176 2335 1292 2372 domos
1316 2340 1353 2371 et
1375 2347 1479 2372 naves
1502 2346 1628 2370 vacuas
1645 2335 1700 2369 in-

994 2382 1164 2418 cendunt:
1205 2383 1242 2418 in
1283 2384 1435 2419 Venetos
1477 2382 1643 2416 saevitum
1678 2392 1699 2415 a

992 2429 1186 2474 Byzantiis,
1210 2431 1254 2465 ob
1277 2430 1415 2465 incensa
1439 2428 1605 2463 suburbia
1618 2429 1699 2470 207,

994 2478 1051 2512 13.
1089 2476 1216 2511 Veneti
1239 2475 1401 2512 satisfieri
1424 2474 1491 2510 sibi
1515 2475 1558 2509 ab
1590 2475 1699 2520 impe-

992 2527 1112 2558 ratore
1155 2523 1347 2568 postulant:
1390 2533 1457 2558 non
1494 2521 1698 2556 audiuntur:

991 2569 1183 2615 Byzantios
1208 2569 1403 2616 despiciunt
1419 2569 1500 2613 208,
1521 2569 1555 2605 5.
1578 2567 1699 2602 iisdem

993 2617 1141 2662 superbe
1152 2616 1315 2652 illudunt:
1339 2615 1472 2663 praeda
1483 2614 1611 2658 onusti,
1636 2613 1699 2649 do·-

992 2674 1080 2698 mum
1103 2663 1249 2698 redeunt
1274 2664 1366 2705 209,
1399 2663 1453 2699 15.
1489 2660 1606 2696 classis
1630 2660 1699 2695 Ve-

991 2714 1160 2752 netorum,
1183 2709 1421 2744 Genuensibus
1440 2706 1621 2743 Galataeis
1644 2706 1698 2741 in-

992 2757 1112 2801 fensa3
1141 2756 1247 2793 Ponti
1270 2756 1390 2792 fauces
1413 2754 1566 2792 obsidet:
1591 2753 1699 2801 pluri-
