1794 3172
346 147 1061 196 HISTORIAEBYZANTOEAE
1096 147 1191 192 XII.
1220 154 1261 195 2.
1448 139 1551 191 57⁷
1599 197 1602 199 ,

70 262 175 320 πρὸς
193 261 247 306 τὰ
264 262 455 318 βασίλεια
478 260 556 317 τὴν
580 260 779 318 ταχίστην
805 257 1009 317 εἶσήνεγκέ
1038 276 1083 303 τε
1117 260 1186 302 καὶ
1212 258 1288 315 τὴν
1315 255 1551 317 προσήκου-
1573 264 1614 299 Α.
1633 265 1671 298 c.
1685 263 1786 300 1341·

70 350 151 376 σαν
176 334 269 389 περὶ
301 331 429 375 αὐτὸν
467 332 723 388 δορυφορίαν
756 330 1000 386 συνέστησε,
1046 333 1187 372 πᾶσαν
1215 336 1303 379 τοῖς
1327 313 1695 395 βασιλειόιςῙωΡιαῇἐῶζ
1705 313 1774 394 f&

70 399 299 459 ἀσφάλειαν
336 398 612 456 πορισάμενος
644 397 910 454 πανταχόθεν
927 432 942 452 ,
997 399 1136 449 δείσας
1163 395 1223 454 μή
1254 415 1294 441 τι
1322 395 1445 456 πάθῃ
1467 396 1590 442 τῶνΒ

71 468 287 526 ἀδοκήτων
305 471 348 522 ἐξ
371 470 574 527 ἀφανοῦς,
610 467 679 512 οἶα
700 466 895 518 πολλάκις
916 469 960 511 ἓν
981 475 1069 518 τοῖς
1092 465 1296 518 τοιούτοις
1317 469 1549 523 συμβαίνει.

35 549 59 584 5
77 537 169 598 (Β.)
199 539 363 598 Ἀλεξίῳ
381 540 427 582 δὲ
452 543 512 598 τῷ
526 537 767 598 Ἀποκαύκῳ
779 571 795 591 ,
835 536 857 580 ὃ
877 535 1075 587 πολλάκις
1106 535 1404 594 ἔπιχειρήσαντι
1423 537 1552 595 πέρας

69 609 147 652 οὐκ
178 603 231 664 ἦν
265 614 342 664 τῆς
378 608 550 664 μελέτης
581 611 750 663 λαβεῖν,
788 597 858 649 καὶ
885 611 960 650 νῦν
985 606 1147 660 ἀμελεῖν
1172 606 1247 650 οὔκ
1275 608 1371 662 ἐνῆν
1403 606 1549 652 αὐτοῦ.

66 676 264 728 πολλάκις
281 678 359 735 γὰρ
382 679 438 728 εἷς
459 678 638 720 ἐπίνοιαν
661 674 879 733 ἐληλύθει,
915 674 1121 735 φονεύσας
1150 675 1223 719 τὸν
1262 676 1439 731 βασιλέα
1481 678 1553 721 καὶ

66 746 156 802 ἅμα
177 747 292 806 αὐτῷ
308 746 679 802 Καντακουζηνὸν,
702 744 828 804 ἑτέρῳ
847 753 1073 801 παρασχεῖν
1091 746 1140 788 τὸ
1159 747 1370 800 βασίλειον
1379 744 1552 804 περιζώ-

66 821 228 860 σασθαι
242 815 420 873 κράτος,
458 815 487 872 ἢ
517 820 576 876 τῷ
613 817 716 874 θείῳ
738 819 817 858 τοῦ
842 816 1046 871 βασιλέως
1072 816 1378 874 Κωνσταντίνῳ
1398 820 1457 876 τῷ
1481 818 1590 865 δε-ο

13 893 58 928 10
71 884 230 944 σπότῃ,
269 885 296 942 ἢ
331 883 566 943 Συργιάννῃ
595 890 657 944 τῷ
679 883 1039 944 πολυτροπωτάτῳ
1074 886 1144 928 καὶ
1170 887 1447 944 παραπλησίῳ
1473 885 1551 942 τὴν

66 954 230 999 σύνεσιν
248 956 317 998 καὶ
350 954 427 1011 τὴν
457 959 533 1011 τῆς
561 953 726 1012 γνώμης
751 952 997 1012 ἓμβρίθειάν
1028 971 1072 997 τε
1103 956 1170 1016 καὶ
1190 953 1382 1010 ὀξύτητα.
1419 955 1552 1005 δεινὸς

64 1025 144 1082 γὰρ
172 1022 326 1080 ὁμοίως
348 1025 486 1083 ἐκείνῳ
511 1026 583 1068 καὶ
607 1024 734 1075 αὐτὸς
763 1025 806 1067 ἐν
827 1031 915 1075 τοῖς
938 1015 1241 1080 κατεπείγουσιν
1258 1019 1311 1080 ἦν
1333 1025 1550 1081 ἐπινοῆσαι

63 1094 118 1138 τὰ
145 1099 199 1152 τῇ
223 1095 345 1155 χρείᾳ
384 1091 623 1151 κατάλληλα
666 1095 736 1137 καὶ
772 1091 903 1151 πόρον
947 1093 1043 1145 ὂξῧς
1081 1101 1171 1144 τοῖς
1205 1091 1378 1152 ἀπόροις
1401 1091 1546 1152 εὗρεῖν,

65 1163 183 1220 ὀλίγα
199 1165 277 1219 μὲν
299 1161 541 1218 καθεύδων,
578 1163 634 1207 τὰ·
650 1168 822 1207 πλεῖστα
846 1166 872 1206 δ
877 1163 891 1179 ³
914 1163 1159 1222 ἐγρηγορώς,
1195 1165 1264 1206 καὶ
1284 1164 1548 1223 σκεπτομένῳ

8 1242 54 1278 15
66 1233 118 1276 τὰ
143 1233 316 1290 μέγιστα
333 1233 476 1284 ἐοικὼς
501 1235 570 1277 καὶ
597 1235 689 1292 περὶ
716 1234 941 1290 μεγίστων,
994 1235 1063 1277 καὶ
1093 1234 1260 1276 πλείονα
1292 1232 1437 1290 καιρὸν
1456 1239 1551 1284 ταῖς

63 1301 261 1360 πράξεσιν
278 1301 306 1358 ἢ
327 1310 414 1353 τοῖς
428 1300 565 1360 λόγοις
584 1302 647 1346 ἅεὶ
663 1301 953 1362 παρεχόμενος.
991 1305 1027 1346 εἲ
1044 1303 1090 1346 δὲ
1112 1304 1182 1346 καὶ
1211 1302 1316 1360 πρὸς
1344 1301 1587 1358 ἅλήθειανῙ)

65 1370 172 1427 ὁμοῦ
196 1373 265 1415 καὶ
285 1365 547 1429 δικαιοσύνην
573 1374 720 1430 ἐχρῆτο
755 1379 842 1423 τοῖς
876 1371 1188 1430 προτερήμασι,
1225 1372 1331 1429 μέγα
1354 1371 1406 1416 ι’ὶν
1432 1373 1550 1424 κλέος

64 1441 192 1492 αὐτὸς
211 1449 300 1492 τοῖς
314 1440 526 1497 Ῥωμαίων
544 1441 738 1500 ἐτύγχανε
750 1440 986 1500 πράγμασιν
1005 1441 1076 1486 ὤν.
1112 1446 1188 1485 νῦν
1208 1443 1254 1485 δὲ
1271 1441 1372 1485 κατ’
1396 1443 1548 1486 ἐκεῖνον

63 1511 136 1554 τὸν
151 1509 413 1567 Ἐπιδαύριον
438 1512 703 1570 Στρατοκλέα
723 1512 906 1568 αὐλητὴς
923 1513 1000 1567 μὲν
1018 1507 1071 1568 ἦν
1095 1511 1280 1568 ἀγαθὸς,
1320 1510 1550 1569 ἄνθρωπος

8 1589 55 1624 20
66 1581 112 1624 δ’
128 1580 204 1624 οὔκ
216 1579 393 1637 ἀγαθός.
427 1583 570 1639 γένους
589 1582 669 1640 γὰρ
687 1586 773 1625 τῶν
791 1581 952 1632 ἀδόξων
962 1579 1159 1639 ὑπάρχων
1177 1581 1222 1624 ἐκ
1232 1581 1324 1624 νέου
1342 1582 1411 1623 καὶ
1430 1582 1550 1642 πενίᾳ

61 1650 427 1707 συντεθραμμένος
469 1655 543 1695 νῦν
568 1650 654 1706 μὲν
681 1649 844 1710 τούτῳ,
882 1654 956 1694 νῦν
984 1650 1028 1693 δ’
1061 1651 1196 1709 ἐκείνῳ
1222 1654 1384 1715 μισθοῦ
1405 1652 1575 1694 διακο-·

61 1717 258 1774 νούμενος
281 1719 444 1763 διετέλει
464 1720 537 1764 τὸν
562 1718 716 1777 χρόνον
728 1734 739 1744 ·
760 1720 851 1762 κάκ
869 1724 954 1763 τῶν
972 1720 1197 1776 ἐλαχίστων
1214 1721 1393 1775 μείζοσιν
1410 1719 1586 1778 ἦρέμαΕ

60 1795 151 1839 τοῖς
171 1786 391 1840 δεσπόταις
412 1789 646 1845 ἀμοιβαδὸν
668 1787 904 1847 χρώμενος,
942 1791 1011 1832 καὶ
1032 1794 1159 1832 πᾶσιν
1181 1788 1373 1840 ἀντιδοὺς
1389 1789 1444 1832 τοὶ
1458 1791 1548 1846 χεί-

62 1874 212 1916 ριστα,
259 1857 469 1932 προδότης
501 1859 641 1918 σαφὴς
670 1857 976 1915 καθιστάμενος
986 1892 1002 1913 ,
1049 1858 1203 1902 ἔλαθεν
1230 1858 1305 1902 οὒκ
1335 1857 1431 1902 οἶδα
1458 1864 1549 1911 πῶς

60 1973 142 2014 ptos
158 1968 404 2015 quamprimum
422 1968 457 2004 in
486 1969 652 2015 palatim
667 1969 865 2013 transtulit,
896 1970 1028 2005 idoneo
1038 1969 1225 2004 satellitum
1241 1969 1417 2016 praesidio
1435 1970 1545 2005 muni-

60 2015 138 2057 vit3
160 2016 250 2050 omui
275 2016 426 2061 denique
444 2028 487 2050 ex
505 2023 607 2062 parte
622 2017 867 2062 imperatoriae
890 2017 1010 2051 domus
1038 2016 1216 2051 securitati
1238 2016 1428 2059 consuluit,
1453 2017 1547 2051 veri·

61 2068 130 2104 tus,
147 2074 191 2096 ne
210 2062 295 2108 quid
312 2063 484 2107 inopinati
499 2063 616 2097 subito
634 2063 820 2106 accideret,
845 2068 884 2098 ut
901 2064 969 2098 illis
987 2063 1200 2109 temporibus
1213 2063 1288 2098 fere
1305 2065 1358 2098 fit.
1392 2064 1477 2109 (ΙΙ.)
1498 2065 1547 2099 At

60 2108 203 2144 Alexius
220 2110 423 2154 Apocaucus
443 2121 511 2143 non
536 2115 676 2155 poterat
691 2109 727 2144 id
747 2111 937 2156 negligere,
960 2111 1052 2156 quod
1069 2122 1256 2156 aggressus
1277 2111 1413 2157 quidem
1439 2122 1546 2156 saepe

60 2161 150 2197 erat,
174 2154 219 2190 ad
239 2155 366 2190 exitum
386 2161 499 2190 autem
515 2157 707 2202 perducere
725 2169 897 2202 nunquam
915 2162 1088 2203 potuerat,
1128 2157 1162 2190 Is
1179 2157 1268 2192 enim
1286 2158 1464 2192 consilium
1485 2169 1544 2191 ce-

60 2207 163 2247 perat
180 2202 272 2236 haud
295 2202 400 2241 semel
415 2202 460 2237 de
477 2207 650 2248 potestate
667 2203 908 2249 imperatoria,
934 2204 993 2238 ubi
1010 2203 1248 2249 imperatorem
1274 2215 1349 2238 cum
1367 2204 1544 2238 Cantacu-

61 2260 148 2283 zeno
172 2248 376 2290 occidisset,
402 2248 504 2283 alteri
525 2249 735 2292 deserenda,
769 2250 843 2285 sive
863 2250 1031 2297 despotae
1053 2250 1302 2293 Constantino,
1323 2251 1543 2297 imperatoris

59 2301 205 2340 patruo,
236 2295 312 2329 sive
339 2295 549 2340 Syrgiauni,
581 2296 657 2331 viro
685 2297 941 2339 versutissimo,
972 2297 1031 2343 qui
1058 2301 1096 2331 et
1114 2297 1394 2343 ipse-Apocauco
1415 2297 1545 2332 intelli-

58 2342 198 2386 gentia,
231 2340 331 2386 gravi
361 2342 507 2385 iudicio,
549 2342 786 2389 acerrimoque
810 2344 949 2389 iugenio
975 2343 1148 2389 proximus
1181 2343 1258 2378 fuit.
1327 2345 1418 2379 Erat
1452 2344 1541 2379 enim

59 2392 276 2433 Apocaucus,
299 2388 576 2434 quemadmodum
590 2389 668 2431 ille,
692 2391 796 2425 rebus
818 2390 1066 2435 angustissimis
1088 2390 1197 2425 solers
1219 2390 1257 2425 id
1276 2391 1368 2438 quod
1384 2390 1461 2425 usui
1482 2402 1541 2425 es·-

59 2440 116 2469 set
136 2434 356 2478 excogitare,
379 2441 417 2469 et.
434 2435 515 2470 inde
538 2437 704 2481 expedire
728 2449 767 2471 se
788 2437 879 2471 unde
905 2437 1139 2472 difficillimum
1166 2442 1271 2472 esset.
1316 2438 1441 2472 Somno
1462 2442 1541 2472 ute-

58 2481 162 2515 batur
178 2492 295 2526 ρει-οε,
317 2482 418 2516 homo
436 2482 570 2516 scilieet
588 2483 891 2529 vigilantissimus,
914 2483 1095 2530 praeclara
1114 2483 1293 2518 meditanti
1308 2496 1350 2519 ac
1370 2485 1414 2519 de
1429 2483 1542 2519 maxi-

59 2527 124 2562 mis
149 2528 252 2562 rebus
277 2527 484 2563 deliberanti
506 2528 638 2564 similis.
683 2530 767 2564 Plus
792 2530 939 2576 denique
961 2530 1126 2576 temporis
1148 2531 1282 2575 agendo
1306 2531 1414 2566 dabat
1438 2542 1540 2577 quam

59 2573 219 2608 dicendo.
267 2574 404 2615 Quibus
431 2575 463 2609 si
488 2576 623 2611 eximiis
646 2587 730 2612 sane
754 2576 892 2612 dotibus
918 2578 964 2612 ad
990 2577 1174 2611 veritatem
1200 2577 1434 2624 iustitiamque
1456 2589 1539 2611 usus

58 2620 174 2661 foret,
197 2631 356 2665 magnum
382 2622 460 2667 ipse
485 2623 712 2658 Romanorum
736 2624 841 2658 rebus
858 2624 1032 2658 extitisset
1051 2629 1293 2659 ornamentum.
1338 2624 1539 2665 Enimvero,

58 2670 99 2700 ut
114 2666 328 2711 Epidaurius
354 2667 412 2702 ille
430 2668 643 2711 Stratocles,
667 2669 800 2705 tibicen
819 2670 956 2716 quidem
978 2674 1054 2705 erat
1073 2671 1203 2713 bonus,
1223 2670 1280 2705 vir
1301 2676 1415 2706 autem
1434 2672 1544 2705 bonus

57 2711 194 2746 minime
212 2718 301 2748 erat.
348 2714 440 2749 Nam
457 2727 478 2750 a
496 2716 655 2761 pueritia,
680 2728 756 2750 oum
772 2717 935 2762 ignobilis
954 2717 1047 2752 foret
1064 2729 1194 2762 genere
1216 2721 1254 2752 et
1281 2717 1318 2752 in
1338 2720 1544 2763 paupertate

59 2758 249 2801 educatus,
271 2759 395 2795 locatis
410 2761 510 2796 modo
531 2762 611 2797 huie
629 2762 729 2798 modo
747 2763 800 2798 illi
816 2764 932 2809 operis
946 2763 1192 2806 victitaverat3
1215 2775 1361 2810 eumque
1378 2765 1423 2798 ab
1431 2763 1544 2798 “mini-

59 2804 123 2839 mis
142 2804 186 2839 ad
205 2805 352 2840 maiores
374 2808 499 2842 sensim
525 2809 763 2855 gradatimque
784 2810 939 2845 dominos
956 2811 1192 2856 pervenisset,
1215 2822 1302 2856 quos
1321 2822 1437 2846 omnes
1456 2821 1544 2856 pes-

59 2850 143 2886 sime
164 2853 413 2897 remuneravit,
436 2855 637 2891 manifestus
659 2867 780 2903 nempe
800 2868 915 2892 eorum
934 2856 1110 2904 proditor,
1130 2857 1168 2892 in
1182 2857 1293 2905 ipsum
1313 2869 1450 2905 quoque
1467 2858 1542 2892 fur-
