1794 3172
582 107 1064 156 ANNOTATIONES.
1447 102 1577 152 1151

148 213 255 268 Peg.
286 217 336 266 8,
365 218 405 259 7.
469 212 525 256 To
553 212 599 257 δὲ
628 215 701 258 καὶ
738 217 879 258 κακῶν
916 210 1144 286 ἀρχέτυπα]
1186 212 1382 255 Maximus
1418 216 1579 284 Tyrius,

35 285 154 312 serm.
181 273 276 312 ΧΠ.
308 247 380 312 tibi
410 270 461 311 de
503 272 694 313 historia:
734 276 817 314 νῦν
847 271 893 315 δὲ
918 268 1071 327 ἆναμὶξ
1101 268 1335 343 εἰσφόρεται
1369 269 1505 315 πάντα
1533 275 1579 316 ἓν

33 334 119 378 τοῖς
130 325 298 400 λόγοις,
330 328 402 372 καὶ
419 326 646 379 πλειοναζει
670 327 721 371 τά
738 331 878 399 χείρω,
907 330 979 372 καὶ
1007 334 1150 384 κρατεῖ
1168 345 1218 371 τα
1239 327 1403 384 αἰσχρα,
1431 331 1503 373 καὶ
1533 329 1577 375 τὸ

32 384 139 428 πολυ
169 389 244 441 τῆς
276 387 456 443 ἱστορίας
480 386 736 440 πλεονέκται,
770 385 989 444 τύραννοι,
1024 386 1095 432 καὶ
1118 386 1304 443 πολέμιοι
1331 385 1468 431 ἄδικοι
1497 395 1575 430 etc.

30 458 207 485 uncas-0.

146 500 248 554 Peg.
277 505 329 553 9,
360 502 427 546 15.
471 497 603 556 “Auso
634 500 812 545 ὁτουοῦν
838 498 1099 556 ἠκηκόεσαν]
1131 502 1224 552 Quo
1259 508 1444 555 spectant
1471 517 1575 556 quae

29 557 152 598 habet
171 558 280 598 Dio'
267 573 309 598 ιιι
326 558 535 611 Augusto,
565 566 607 599 et
639 573 691 599 ex
719 574 768 600 eo
791 559 1051 614 xiphilinus·
1080 559 1152 602 καὶ
1176 576 1279 602 κατα
1301 562 1420 602 τοῦτο
1446 559 1576 603 πολλα

30 614 106 670 μὲν
124 613 176 658 ου’
197 613 412 683 γιγνόμενα
431 620 685 670 θρυλλεῖται,
714 615 843 659 πολλὰ
864 616 908 660 δὲ
930 617 1001 660 καὶ
1019 613 1132 659 πάνυ
1162 618 1438 671 συμβαίνοντα
1456 615 1576 673 ἄγνο-

29 677 150 724 εῖται,
179 684 315 714 παντα
347 671 413 724 δὲ,
445 690 502 723 ως
528 675 679 726 εἰπεῖν,
710 673 840 723 ἄλλως
866 691 956 726 πως
982 671 1013 728 ἦ
1038 691 1096 724 ως
1123 672 1337 730 πράττεται
1369 676 1573 728 διαθροεῖ-

27 746 104 772 ται.
153 744 327 771 Ducant}-
369 728 431 800 LA
459 728 560 786 παρ’
589 730 760 774 ὁτουοῦν
785 729 1062 786 ἠκηκόεισαν]
1100 732 1160 772 Ita
1185 733 1283 772 Cod.
1316 733 1413 784 Reg.
1444 737 1571 779 2078.

31 788 195 828 wolfius
215 789 334 842 legit,
364 804 468 843 απερ
488 787 546 831 ὁτ
569 785 635 842 η’κ.
656 796 703 828 ut
723 790 899 842 legitur'
888 805 928 830 m
951 789 1512 842 Cod.Reg.2558.1301vm.

148 849 243 899 Pag.
276 849 352 894 10,
383 849 451 890 10
507 842 626 888 ’Λλλοῖ
647 843 781 899 λόγοις
800 846 869 888 καὶ
889 844 1052 896 τούτοις
1070 846 1350 900 πλημμελως’
1331 849 1372 896 εξ
1394 847 1451 888 ε’τι
1473 847 1570 889 νέου

27 900 272 955 δεδωκότες]
302 903 533 955 verteram,
572 902 643 943 sed
673 903 750 944 illa
778 906 994 945 immatura
1022 914 1151 943 aetate
1176 919 1383 959 perperam
1415 903 1568 946 descri-

22 971 197 1014 pserunt.
258 961 338 1000 Sed
354 961 518 1001 videtur
538 962 773 1014 legendum,
803 960 972 1011 ἕαυτους
1002 956 1241 1010 δεδωκότες.
1283 975 1456 1014 eumque
1478 976 1567 1001 sen-

23 1031 114 1056 sum
121 1018 331 1085 expressi.
357 1032 556 1058 wonrxus.
614 1019 783 1059 Wolfius
805 1027 925 1073 putat
952 1018 1170 1071 legendum
1195 1033 1281 1058 esse
1310 1016 1479 1068 ἕαυτους
1506 1020 1566 1060 δε-

24 1070 209 1133 δωκότες.
267 1076 348 1116 Sed
389 1077 449 1116 nil
478 1090 643 1116 necesse
686 1083 758 1116 est.
823 1078 924 1116 Nam
956 1076 1128 1117 verbum
1160 1072 1376 1124 δεδωκότες
1421 1077 1563 1116 referri

22 1138 158 1185 potest
177 1133 230 1171 ad
254 1149 433 1187 μακρους
462 1132 627 1202 ᾗλίουςς
655 1141 703 1174 ut
725 1134 975 1174 constructio
1009 1134 1085 1184 sit,
1117 1130 1336 1181 δεδωκότες
1363 1148 1460 1181 τους
1483 1151 1563 1185 μα·

21 1187 147 1257 κροΰς
166 1189 309 1241 ἡλίους
326 1194 379 1248 τῇ
398 1189 555 1233 τούτων
584 1195 728 1249 σχολῇ,
758 1193 853 1232 totis
883 1190 1059 1231 diebus
1042 1207 1085 1230 ιη
1109 1206 1243 1230 earum
1273 1191 1354 1230 otio
1383 1205 1562 1231 consum·

17 1248 112 1301 piis.
169 1248 303 1287 Facile
324 1255 457 1288 tamen
477 1234 738 1298 crediderim,
767 1263 849 1288 non
878 1249 1094 1301 legendum
1128 1248 1288 1300 quidem
1316 1247 1388 1286 sed
1414 1248 1562 1287 subau-

21 1304 215 1344 diendum
234 1319 320 1345 esse
346 1321 566 1360 [nonomen
583 1303 761 1356 ἑαυτούς.
823 1307 898 1345 Cel
903 1314 939 1346 te
959 1312 1054 1359 post
1074 1306 1242 1345 verbum
1280 1302 1441 1346 διδόναι
1467 1319 1562 1358 pas

20 1361 95 1401 sim
115 1362 226 1416 apud
247 1364 462 1417 Gregoram
481 1364 723 1404 subauditm
749 1378 980 1415 pronomen.
1041 1363 1235 1416 Exempla
1253 1361 1379 1402 habes
1401 1362 1475 1402 lib.
1491 1363 1556 1403 VI.

19 1433 111 1472 cap.
136 1420 203 1460 VI.
231 1427 330 1461 sect.
350 1424 390 1465 4.
410 1422 483 1462 lib.
503 1422 608 1461 vm.
630 1436 719 1475 cap.
738 1421 786 1464 V.
818 1427 919 1462 sect.
947 1425 985 1465 1.
1017 1426 1058 1461 et
1086 1427 1183 1464 sect.
1211 1425 1254 1467 8.
1286 1433 1379 1474 pag.
1412 1422 1508 1463 191
1526 1421 1558 1459 F

17 1476 88 1519 lib.
109 1476 184 1518 IX.
210 1491 300 1531 cap.
319 1478 350 1521 Ι,
374 1486 471 1520 sect.
497 1483 536 1522 4.
563 1485 639 1518 etc.
668 1493 825 1518 Botvix.

130 1532 426 1605 P0310,13.
484 1536 543 1576 Εἰ
564 1534 609 1577 δὲ
630 1534 732 1604 μηδὲ
752 1552 910 1585 τουτοις
936 1533 1087 1578 οὑτωσί
1106 1551 1194 1584 πως
1220 1533 1404 1580 ἐδίδουν,
1435 1529 1555 1575 ουδὲν

17 1589 118 1646 μέγα
138 1589 182 1633 τό
197 1592 363 1634 ἐκείνων
386 1592 568 1646 υπῆρχεν
589 1589 869 1647 ἀντάλλαγμα]
899 1593 1039 1632 Davus
1058 1608 1157 1642 sum,
1188 1592 1321 1644 inquit
1339 1590 1436 1630 ille
1423 1605 1464 1629 ιιι
1486 1605 1554 1629 co·

15 1648 199 1700 moedia‚
229 1665 309 1689 non
346 1648 534 1703 Oedipus.
598 1650 662 1690 Me
690 1665 808 1702 vero,
851 1665 943 1689 cum
973 1650 1014 1689 in
1051 1649 1267 1703 Sphingem
1309 1647 1553 1696 incidissem,

17 1706 217 1759 Oedipum
243 1721 330 1747 esse
361 1708 565 1760 oportuit,
598 1722 841 1760 quocunque
862 1714 1020 1748 eventu.
1081 1708 1249 1746 Gratum
1266 1705 1363 1744 mihi
1391 1705 1551 1755 sacient,

15 1764 86 1814 qui
120 1765 300 1816 aenigma
339 1763 418 1804 hoc
449 1765 653 1804 dexterius
696 1766 949 1819 explicarint.
998 1778 1201 1804 wotrms.
1272 1762 1442 1802 Wolfius
1470 1761 1552 1801 hoc

13 1822 106 1860 loco
129 1821 283 1862 Davum
305 1836 347 1862 se
374 1823 462 1874 ipse
482 1823 705 1875 profitetur.
763 1824 848 1874 Ego
866 1822 986 1870 verti,
1021 1820 1070 1860 V
1062 1837 1167 1860 erum
1188 1821 1261 1861 etsi
1281 1818 1422 1859 litteris
1447 1829 1552 1858 totos

15 1876 98 1917 dies
128 1879 170 1918 in
207 1878 312 1920 Ῐιιιηο
349 1877 509 1919 modum
542 1895 622 1920 non
657 1878 877 1932 dedissent,
928 1878 1205 1919 subaudiendo
1241 1893 1338 1926 τους
1370 1891 1551 1929 μακρους

14 1934 185 2001 ηλίους,
214 1937 324 1989 quod
343 1937 575 1990 praecessit.
632 1938 748 1976 Nunc
779 1944 912 1977 autem
941 1937 1075 1976 malim
1113 1935 1332 1975 subaudire
1365 1930 1548 1984 ἕαυτους,

15 1999 59 2032 et
81 1993 139 2031 sic
156 2002 328 2043 vertere,
362 1994 401 2033 V
399 2010 506 2033 erum
527 1997 601 2034 etsi
619 1994 760 2036 litteris
782 2004 885 2034 totos
905 2011 985 2035 sese
1005 1995 1047 2034 in
1067 1993 1173 2035 hunc
1194 1990 1355 2034 modum
1379 2005 1459 2032 non
1481 1988 1547 2030 de-

13 2048 174 2099 dissent,
205 2051 343 2091 eodem
371 2051 488 2103 plane
510 2065 642 2092 sensu.
700 2066 849 2093 nouus.

125 2107 223 2162 Pffg.
257 2112 324 2160 12,
355 2111 420 2151 11
466 2106 620 2160 Αλλως
644 2125 686 2151 τε
709 2107 808 2152 ουδὲ
827 2105 963 2152 πάνθ’
982 2105 1084 2164 οσα]
1114 2107 1285 2148 Videtur
1303 2103 1544 2155 addendum,

10 2164 149 2216 ἐπειδὴ
171 2163 280 2207 ου’δὲ.
336 2179 534 2204 Woers.

122 2221 221 2277 1³⁰3.
253 2226 327 2273 12,
355 2226 424 2266 24
471 2221 611 2264 Ἔσται
634 2224 757 2276 δῆλος
780 2221 825 2264 ἐν
854 2227 941 2273 τοῖς
968 2221 1087 2275 ἑξῆς]
1129 2221 1242 2271 Quae
1274 2219 1325 2260 ab
1351 2220 1439 2260 aliis
1472 2219 1545 2258 de-

9 2286 178 2333 pravata
203 2294 288 2320 esse
309 2281 473 2330 asserit,
502 2294 702 2333 nusquam
728 2281 951 2320 convellit
938 2295 980 2320 ιιι
999 2279 1079 2319 hoc
1106 2293 1250 2332 opere.
1281 2279 1440 2317 veriore
1461 2276 1543 2314 sor·

8 2337 125 2376 lassis
145 2337 398 2392 expositione
415 2338 516 2378 citra
534 2338 770 2391 cuiusquam
784 2337 1139 2392 reprehensionem
1158 2342 1386 2377 contentus.
1424 2346 1541 2372 won-

7 2407 111 2434 rme.

120 2449 224 2504 Pag·
256 2455 325 2503 13,
348 2454 390 2495 9
452 2456 534 2503 Τῆς
559 2449 639 2508 γάρ
668 2468 731 2494 τοι
757 2448 1225 2499 Κωνσταντινουπόλεως
1249 2445 1330 2491 ’ὑπὸ
1349 2449 1433 2488 τῶν
1449 2449 1539 2486 Λα-

5 2508 131 2549 τίνων
157 2504 360 2563 αλουσης]
389 2508 542 2564 Aprilis
565 2511 630 2549 die
658 2510 747 2550 XlI.
775 2510 876 2550 feria
901 2510 953 2551 ΙΙ.
982 2508 1241 2549 hebdomadis
1267 2505 1333 2544 Vt.
1363 2503 1537 2542 ieiunio-

5 2578 121 2614 rum,
154 2579 257 2605 anno
290 2566 431 2607 Mundi
457 2569 570 2607 iuxta
603 2569 780 2607 Graecos
807 2567 878 2607 VI.
913 2567 1145 2607 MDCCXII.
1181 2561 1326 2603 Christi
1358 2560 1534 2599 MCCIV.

4 2636 180 2663 nucaxo.
238 2624 605 2678 Constantinopolis
635 2631 752 2678 capta
774 2639 796 2663 a
821 2624 972 2664 Latinis
997 2638 1100 2663 anno
1125 2620 1267 2662 Mundi
1301 2616 1365 2672 (ut
1390 2616 1535 2656 Graeci

5 2678 232 2732 numerant)
251 2681 316 2720 Vl.
333 2682 569 2723 MDCCXII.
588 2682 681 2721 Chr.
699 2681 869 2721 MCCIV.
887 2682 1038 2735 Aprilis
1059 2680 1122 2720 die
1141 2678 1226 2717 ΧΙΙ.
1243 2690 1323 2716 non
1342 2680 1388 2713 ut
1403 2674 1532 2714 Maur.

4 2737 137 2776 David
156 2738 343 2790 putabat,
374 2754 479 2779 anno
499 2740 640 2779 Mundi
666 2738 1081 2779 VI.MDccx1.chr.
1112 2733 1287 2775 mecm.
1313 2731 1530 2781 Cod.Reg.

3 2794 152 2839 25252.
192 2795 234 2835 iu
264 2797 445 2851 catalogo
470 2798 783 2853 impmatorum,
817 2792 985 2848 Ἀλέξιος
1011 2795 1036 2838 ὅ
1058 2790 1220 2842 Δούκας
1250 2788 1277 2832 o‘
1295 2784 1534 2843 Μουρτζθυ·
