1794 3172
373 121 1086 170 HISTORIAEVBYZANTINAE
1116 124 1214 172 XX.
1229 131 1269 173 3.
1446 122 1546 170 971

73 230 185 296 οὕτω
204 229 447 291 γραφόμενᾶ
474 250 519 277 τε
547 235 616 277 καὶ
641 231 843 288 νοούμενά
863 251 923 294 τῳ
943 238 1028 279 τῶν
1047 232 1240 280 ἁπάντων
1267 233 1393 296 ἑτέρῳ
1420 237 1541 296 μέχρι
1550 245 1588 278 Δ.
1602 246 1641 281 C.
1659 245 1748 283 1351

71 303 142 345 καὶ
174 303 217 352 ἐς
245 301 322 358 τὴν
343 300 523 361 τήμερον
549 302 683 347 οὐδενὶ
717 303 811 348 οὔτε
839 304 944 361 πρὸς
964 304 1117 358 αὐτοῦ,
1153 305 1248 349 οὔτε
1275 305 1381 363 πρὸς
1405 293 1765 376 ἧμιῶν,1ωὲ·οἱοίοὲ””

71 370 166 415 οὕτε
182 371 288 427 πρὸς
304 369 444 430 ἑτέρου
465 377 549 416 τῶν
570 371 766 417 ἁπάντων
790 372 967 424 οὐδενός.
1003 370 1031 431 ἦ
1059 374 1139 432 γὰρ
1161 373 1213 430 ἂν
1242 376 1371 419 ἕτίθει
1398 394 1442 420 τε
1472 379 1542 420 καὶ

77 440 156 491 τὰς
172 439 367 486 ἁπάντων
387 441 516 493 ἀκοὰς
535 440 753 499 περιηύλει,
781 445 1020 501 λαλίστερος
1041 443 1190 488 ἑαυτοῦ
1207 443 1451 501 γιγνόμενος,
1475 449 1544 490 καὶ
1561 450 1603 488 Ρ.
1626 454 1699 491 610
1739 442 1748 455 ‘

45 509 319 568 ὅπεριεκρότει
356 511 479 555 πλέον
504 511 531 567 ἢ
559 510 777 569 θαλάττης
808 510 1056 570 ὕβριζούσης
1089 517 1284 571 φλοΐσβοι
1318 517 1547 572 παραλίους

69 581 234 638 πέτρας.
306 579 395 640 (Γ.)
424 579 516 624 ’Ότι
546 581 626 639 γὰρ
657 582 848 639 ἀνωτέρω
877 583 1024 641 μικρὸν
1053 582 1159 640 πρὸς
1189 588 1264 627 τοῦ
1295 583 1543 642 σοφωτάτου

69 650 269 693 δέδεικται
288 649 446 707 πατρὸς
470 651 622 694 ἐκείνου
652 657 727 695 τοῦ
749 655 790 694 Γ
786 657 948 709 ραπτοῦ
982 650 1229 709 Θεοδώρου,
1267 651 1335 696 ὅτε
1365 654 1440 704 τὰς
1467 659 1544 698 τοῦ

68 717 247 776 μεγάλου
275 724 498 778 φωστῆρος
514 725 590 775 τῆς
612 721 828 777 ἐκκλησίας
855 724 1075 765 Βασιλείου
1103 720 1241 779 ῥήσεις
1269 721 1543 780 διερμηνεύων

67 786 389 846 προκεκόμισταί
410 807 505 844 μοι,
544 791 609 833 ἐπὶ
629 795 704 846 τῆς
728 789 863 847 ἁπλῆς
884 793 952 834 καὶ
969 789 1193 847 ἀσωμάτου
1223 792 1350 848 λέγων
1379 791 1543 849 φύσεως

12 861 58 896 10
68 858 141 901 τὸν
174 858 301 902 αὐτὸν
328 859 589 914 ἐπιδέχεσθαι
613 858 733 917 λόγον
759 860 835 917 τὴν
863 861 1060 918 ἐνέργειαν
1087 865 1140 919 τῇ
1168 860 1289 921 οὐσίᾳ
1302 874 1312 885 ·
1349 862 1581 920 (πρᾶγμαΒ

64 928 144 986 γὰρ
173 925 497 985 αὖθῦπαρκτον,
531 929 592 985 μὴ
615 928 806 985 δεόμενον
833 927 974 987 ἑτέρου
1002 930 1106 988 πρὸς
1130 928 1354 984 σύστασιν,
1394 929 1542 974 ὁπότε-

67 1015 142 1055 ρον
175 996 228 1040 ἂν
256 998 394 1042 ἐθέλοι
419 1015 502 1051 τις,
546 997 804 1056 ἀπεφήνατο)
840 1001 966 1055 δῆλον
991 1002 1118 1043 παντί
1143 1017 1237 1044 nom
1294 998 1359 1042 ὅτι
1396 1002 1443 1043 δὲ
1471 1004 1540 1043 καὶ

66 1066 186 1110 τοῦτ’
208 1068 343 1126 ἐκείνῳ
364 1067 470 1110 κατὰ
491 1067 645 1111 ταύτὸν
662 1071 810 1126 κομιδῇ
831 1073 1030 1126 λαμπρῶς
1052 1069 1430 1123 συναποδείκνυται,
1464 1072 1542 1126 δῆ-

66 1139 156 1187 λονΑ
171 1135 224 1179 ἂν
250 1136 311 1192 εἴη
341 1139 409 1180 καὶ
433 1141 556 1180 τοῦτο
585 1145 673 1188 τοῖς
695 1138 975 1193 βουλομένοις.
1027 1137 1083 1183 τὰ
1107 1139 1186 1196 γὰρ
1210 1138 1402 1182 ἅκτιστον
1428 1139 1541 1197 ἐνέρ-

9 1206 53 1243 15
64 1223 176 1262 γειαν
194 1205 387 1249 &nautor
408 1206 552 1250 οὗσίαν
566 1210 900 1265 χαρακτηρίζειν,
938 1205 1104 1251 εἰπόντα
1115 1241 1129 1261 ,
1159 1205 1264 1264 μήτε
1282 1207 1366 1264 μὴν
1387 1209 1539 1266 διαφο-

64 1275 143 1332 ρὰν
162 1274 357 1319 ἇκτίστου
375 1276 480 1333 πρὸς
502 1275 693 1320 ἅκτιστον
718 1278 825 1336 (πῶς
844 1277 948 1334 γὰρ,
978 1276 1002 1321 ὃ
1022 1285 1109 1328 τοῖς
1127 1282 1229 1320 πᾶσι
1247 1275 1355 1331 ὅμοῦ
1373 1276 1536 1335 πατρά-

63 1360 128 1387 σιν
149 1344 379 1403 ἀπείρηται,
397 1347 527 1402 μηδὲν
546 1351 621 1402 τῆς
642 1349 761 1397 θείας
780 1349 846 1390 καὶ
864 1345 1195 1403 τρισυποστάτου
1212 1344 1375 1403 φύσεως
1393 1347 1572 1403 ἕτερονο

62 1412 254 1458 ἅκτιστον
274 1413 375 1458 εἶναι
397 1414 626 1474 διαῤῥήδην
654 1414 917 1472 ὁμολογοῦσι)
952 1414 1065 1471 μήθ’
1092 1416 1155 1459 ὅτι
1185 1417 1322 1472 ἕτερον
1350 1417 1535 1473 ,θατέρου

60 1481 266 1541 θάτερον,
293 1484 370 1541 τὴν
389 1485 494 1541 πρὸς
519 1486 648 1528 ἐκεῖνα
671 1484 900 1535 δεικνύντος
917 1486 1003 1527 ἐστὶ
1026 1489 1236 1543 συμφυΐαν
1261 1501 1305 1527 τε
1336 1486 1404 1526 καὶ
1429 1484 1535 1528 ταῦ-

5 1550 233 1608 2οτότητα.
268 1555 374 1609 μηδὲ
391 1554 472 1611 γὰρ
496 1553 548 1596 ἄν
568 1571 667 1597 ποτε
692 1553 816 1611 φύσιν
836 1554 953 1609 ἔχειν,
983 1554 1025 1596 ἓν
1044 1562 1131 1604 τοΐς
1150 1553 1282 1603 οὕτως
1299 1552 1534 1609 ἀναγκαίοις

62 1623 282 1679 διαφωνεῖν
301 1622 400 1673 τοὺς
418 1621 571 1679 ἁγίους,
618 1621 675 1673 ὥς
691 1623 769 1680 γὰρ
789 1624 874 1666 ε’κεΐ
884 1621 1013 1678 λόγων
1043 1622 1267 1679 ταῦτότης,
1306 1621 1439 1673 οὕτως
1465 1622 1533 1667 ἒν-

60 1695 204 1735 ταῦθα
233 1690 283 1735 τὸ
298 1693 611 1750 χαρακτηρίζειν
629 1694 686 1743 εἷς
703 1693 846 1736 ἕνωσιν
876 1691 962 1748 ἄγει
988 1691 1041 1735 τὰ
1067 1697 1119 1750 τῇ
1139 1693 1240 1744 λέξει
1265 1689 1340 1734 δύο
1359 1694 1532 1735 δοκοῦν-

152 1825 207 1860 11.
232 1822 438 1861 ὑπόστασιν
462 1824 551 1860 coni.
567 1824 667 1860 Boiv.
761 1825 817 1860 15.
837 1821 994 1870 μηνύειν
1016 1824 1104 1859 coni.
1127 1824 1230 1861 idem.
1252 1834 1316 1869 pro
1338 1820 1428 1869 μήν.

60 1949 104 1973 ex
122 1939 279 1974 omnibns
291 1938 337 1974 ad
355 1939 445 1974 hanc
464 1939 555 1974 diem
570 1951 678 1985 usque
696 1939 741 1974 ab
758 1951 800 1974 eo
817 1943 878 1974 aut
895 1951 916 1975 a
936 1939 1035 1974 nobis
1049 1942 1209 1986 repertus
1224 1940 1301 1980 est,
1324 1937 1383 1984 qui
1402 1937 1453 1973 sic
1471 1938 1528 1974 vel

60 1984 241 2030 scripserit
256 1985 314 2019 vel
332 1985 490 2020 senserit.
526 1986 686 2032 Alioquin
705 1986 761 2020 hic
779 1987 991 2031 protulisset,
1017 1991 1053 2021 et
1067 1998 1105 2020 se
1120 1986 1196 2032 ipso
1212 1985 1401 2030 loquacior,
1419 1985 1528 2020 omni-

59 2042 117 2065 um
140 2042 243 2065 aures
263 2031 542 2067 circumsonando
561 2037 597 2066 et
615 2033 883 2078 perstrependo,
907 2033 1079 2067 fremitum
1094 2032 1197 2067 maris
1212 2030 1374 2073 vicisset,
1396 2032 1527 2066 circum

59 2088 143 2112 saxa
163 2077 333 2112 maritima
355 2079 612 2112 debacchantis.
659 2079 763 2123 (111.)
786 2080 879 2113 Idem
902 2080 1030 2126 quippe
1055 2091 1131 2114 esse
1144 2078 1369 2114 substantiam
1387 2083 1424 2113 et
1443 2090 1526 2123 ope-

57 2124 210 2159 rationes
233 2124 369 2158 divinas
390 2124 492 2170 paulo
511 2136 617 2170 supra
635 2125 897 2159 demonstratum
918 2138 1015 2167 esse,
1040 2126 1181 2159 cuilibet
1199 2130 1319 2171 patet:
1342 2124 1412 2159 illic
1431 2124 1526 2158 scili-

58 2175 134 2212 cet,
158 2171 216 2204 ubi
234 2170 520 2216 sapientissimum
541 2171 678 2205 Patrem
698 2171 918 2206 Theodorum
937 2173 1108 2218 Graptum
1122 2197 1132 2213 ‚
1156 2171 1270 2216 magni
1285 2171 1455 2205 ecclesiae
1471 2170 1526 2204 lu-

57 2216 158 2250 minis
175 2216 220 2251 1).
244 2217 366 2251 Basilii
386 2217 494 2251 verba
511 2217 811 2263 interpretantem,
842 2224 948 2264 atque
964 2218 1000 2252 in
1019 2218 1164 2264 simplici
1183 2222 1218 2252 et
1235 2218 1437 2262 incorporea
1462 2228 1524 2250 na-

55 2267 138 2297 tura
162 2262 392 2298 definitionem
417 2264 560 2298 eandem
588 2263 779 2309 operationi
810 2275 852 2298 ac
881 2264 1093 2300 substantiae
1127 2264 1313 2298 convenire
1339 2262 1521 2305 dicentem,

57 2309 290 2354 produximus.
337 2310 478 2356 Quippe
494 2311 691 2344 utramlibet
708 2310 931 2345 definiendam
951 2322 1028 2346 esse
1048 2311 1157 2352 dixit,
1179 2321 1252 2344 rem
1274 2321 1336 2355 per
1351 2321 1389 2343 se
1408 2308 1522 2342 subsi-

56 2358 224 2397 stentem,
247 2367 312 2390 nec
329 2357 373 2390 ad
391 2357 645 2391 consistendum
665 2356 734 2390 alia
753 2368 794 2391 re
817 2357 1040 2403 indigentem.
1097 2358 1169 2391 Sed
1195 2361 1233 2391 et
1255 2355 1523 2390 luculentissime

55 2401 123 2435 hoc
140 2401 251 2446 ipsun
268 2402 329 2436 illo
347 2403 494 2437 Concilii
511 2403 684 2447 generalis
704 2403 795 2437 sexti
813 2402 1004 2438 testimonio
1031 2403 1161 2450 pariter
1179 2401 1424 2442 demonstrari,
1446 2401 1522 2436 evi·

55 2446 141 2481 dens
164 2449 275 2482 cuivis
300 2449 450 2484 futurum
479 2455 543 2484 est.
600 2449 691 2484 Nam
717 2449 779 2494 qui
800 2461 863 2495 per
885 2450 1070 2484 increatam
1096 2449 1330 2495 operationem
1357 2448 1521 2482 substan-

56 2493 141 2527 tiam
159 2493 345 2529 iucreatam
374 2500 469 2530 certo
493 2496 694 2530 charactere
721 2496 852 2540 signari
876 2495 984 2538 dicit,
1008 2508 1051 2530 ac
1069 2507 1181 2541 neque
1205 2495 1354 2540 aliquam
1376 2493 1521 2527 increati

55 2537 100 2574 ab
120 2539 275 2574 increato
290 2541 518 2576 differentiam
533 2542 662 2576 indicat
683 2541 867 2587 (quomodo
890 2550 1002 2577 autem
1026 2542 1213 2579 indicaret,
1236 2546 1356 2576 contra
1376 2539 1521 2575 omnium

56 2585 157 2619 simul
183 2586 325 2622 Patrum
353 2589 610 2628 auctoritatem,
634 2588 693 2632 qui
719 2588 844 2622 nullum
871 2587 986 2631 aliud,
1017 2593 1156 2634 praeter
1181 2587 1328 2621 divinam
1346 2585 1384 2619 in
1407 2585 1519 2620 tribus

55 2632 491 2677 hypostasibus-naturam,
516 2635 703 2669 increatum
722 2645 798 2667 esse
819 2634 949 2669 diserte
972 2635 1180 2669 confitentur
1189 2635 1227 2678 2)
1249 2643 1361 2676 neque
1376 2631 1520 2665 alterum

55 2678 100 2711 ab
125 2679 235 2713 altero
257 2678 431 2715 diversum
450 2682 619 2724 esse'ait,
642 2680 672 2714 is
699 2685 796 2714 certe
821 2679 951 2715 illarum
969 2692 1084 2716 rerum
1102 2679 1286 2715 naturalem
1308 2677 1519 2711 coniunctio-

55 2734 131 2757 nem
147 2730 185 2758 et
205 2724 421 2761 identitatem
441 2727 604 2762 declarat.
657 2726 735 2760 Nec
750 2726 838 2760 enim
854 2727 890 2760 in
908 2726 972 2768 iis,
995 2727 1194 2773 quae-adeo
1214 2723 1411 2759 necessaria
1426 2728 1519 2765 sunt,

55 2770 201 2804 sanctos
221 2771 409 2817 dissentire
422 2774 515 2808 ratio
534 2773 676 2820 patitur.
722 2773 858 2818 Nempe
886 2778 925 2808 ut
947 2773 1019 2808 illic
1044 2773 1258 2808 definitiones
1282 2769 1444 2811 eaedem,
1466 2770 1519 2803 ita

54 2815 111 2850 hic
134 2817 245 2863 ipsum
270 2821 566 2866 χαρακτηρίζειυ,
597 2819 692 2866 quod
720 2824 776 2854 est
796 2821 894 2855 certo
919 2820 1122 2855 charactere
1143 2818 1304 2864 signare,
1333 2827 1436 2851 um
1465 2816 1519 2850 ef-
