1794 3172
441 154 920 202 ANNOTATIONES.
1380 149 1513 203 1169

99 261 202 317 Pag.
229 265 301 316 91,
334 266 404 309 24·
467 266 548 316 Ῥῆς
571 258 699 304 αὐτοῦ
725 258 929 316 ἀδελφῆς]
960 261 1107 303 Annae'
1126 261 1325 304 Manfredi
1353 263 1514 304 Siciliae

0 320 90 374 eegis
120 322 292 373 sororis,
322 322 372 362 de
394 335 473 375 qua
492 319 640 360 ibidem
660 319 894 373 Pachymer.
950 335 1129 360 nocane.

97 376 197 432 Peg.
226 383 296 430 92,
325 383 368 423 2.
428 376 550 432 Παροῖ
575 375 839 430 Θευδερίχου]
874 377 943 416 Sic
966 377 1171 429 hocloco,
1202 384 1242 418 et
1264 377 1381 429 infra,
1416 378 1514 420 Fre-

0 435 169 475 lex-icum
192 437 243 478 11.
269 437 553 490 imperatorem
576 448 786 488 perperam
805 441 949 486 vocat,
979 449 1098 488 quem
1124 435 1391 488 Pachymeres
1413 438 1514 490 Φερ-

0 491 153 547 Ιὲριχον.
209 494 444 534 manfredus
475 493 625 547 quippe
655 491 763 531 filius
796 491 947 532 nothus
977 493 1053 533 suit
1088 493 1265 534 eiusdem
1293 493 1511 534 Frederici.

0 563 163 590 inemo.

100 605 202 662 Pag.
231 610 301 658 92,
334 609 401 652 10.
458 604 660 655 Βασιλέως
679 602 1091 660 ἆδελφιδῆνἍνναν]
1123 607 1315 660 Eulogiae
1334 607 1515 649 Michae-

0 665 40 704 [is
59 664 158 717 imp.
179 665 327 706 sororis
344 664 480 704 filiam.
534 665 639 703 Vide
659 664 799 705 Famil.
815 665 984 718 Byzant.
1003 680 1044 718 p.
1068 669 1164 710 209.
1186 670 1283 709 210.
1332 680 1512 707 numne.

104 725 202 776 Pag.
232 726 303 773 92,
331 725 400 767 21.
459 718 575 762 Κατά
598 738 690 762 τινα
717 723 853 775 χρείαν
882 719 1192 776 ἐπιδεδημηκότι
1210 723 1255 764 ἐκ
1281 726 1356 765 τοῦ
1383 720 1515 778 παρή-

0 779 152 832 ιοντος]
181 780 266 820 Nisi
289 793 366 833 pro
394 778 438 821 ἐν.
455 782 530 820 τοῦ
555 777 875 832 παρατυχόντος,
904 781 971 819 vel
988 777 1088 821 κατὰ
1106 778 1234 834 τύχην
1253 781 1513 832 intelligatur,

0 851 69 876 ion
95 837 215 878 video
240 837 339 891 quid
358 837 435 876 sibi
452 836 573 887 velit,
605 843 646 876 et
677 837 735 876 sic
757 851 854 877 usus
877 844 938 878 est
965 837 1044 877 hac
1067 838 1198 878 forma
1219 838 1414 892 loquendi
1432 837 1514 880 Pa-

0 893 227 947 :hymerius.
282 908 483 936 wonnu&

98 949 200 1005 Pug.
229 955 301 1002 92,
329 956 398 997 23.
441 949 602 1005 ’Όνομα
620 949 663 993 δὲ
682 949 957 1009 Βελικούρτῳ]
987 951 1221 1005 Pachymer.
1236 952 1308 994 lib.
1327 953 1399 992 HL
1422 967 1512 1007 cap.

0 1008 53 1049 VI.
82 1010 212 1066 Μαίςο
233 1008 277 1051 δὲ
293 1005 567 1062 Βελικούρτῳ,
595 1009 638 1048 id
658 1015 718 1049 est
734 1009 901 1051 Muhieu
921 1009 969 1049 de
989 1010 1038 1050 V
1030 1009 1278 1061 alaincourt,
1309 1012 1512 1062 quomodo

0 1078 71 1105 vox
94 1065 325 1106 Matthaeus
350 1074 437 1107 tum
467 1067 705 1106 efferebatur
733 1068 840 1120 apud
878 1068 1172 1119 Francobelgas
1206 1073 1415 1108 nostrates.
1473 1068 1514 1107 Is

0 1135 110 1174 porro
139 1138 190 1163 ex
216 1123 342 1164 nobili
372 1123 468 1164 satis
494 1125 535 1162 in
570 1123 752 1164 Picardia
775 1125 925 1164 familia
956 1132 1072 1165 ortus
1098 1131 1206 1176 erat,
1235 1125 1294 1164 uti
1320 1125 1513 1166 docemus

0 1194 28 1218 n
47 1179 222 1220 Historia
239 1188 378 1221 nostra
398 1181 811 1234 Franco-Byzantina
832 1183 906 1224 lib.
928 1183 978 1223 V.
1002 1198 1040 1222 n.
1063 1183 1184 1225 XLIL
1238 1196 1416 1223 vuemo.
1496 1195 1502 1200 ·

101 1235 204 1293 Pag.
233 1243 303 1289 93,
333 1243 373 1283 3.
418 1236 581 1292 Ὄνομα
598 1239 848 1296 Βιντιμιλίᾳ]
878 1242 981 1287 Seu,
1005 1247 1051 1279 ut
1070 1240 1162 1279 Itali
1183 1239 1374 1292 efferunt,
1408 1239 1514 1280 Vin-

0 1292 175 1348 ¹imiglia.
233 1297 348 1336 Unde
370 1295 535 1336 eandem
566 1297 667 1336 Hist.
690 1311 733 1337 n.
755 1298 862 1338 XLI.
888 1298 1010 1337 XLII.
1035 1304 1073 1337 et
1099 1311 1203 1350 quae
1222 1297 1274 1338 de
1292 1298 1371 1338 hac
1391 1298 1514 1337 fami-

3 1354 40 1390 ia
60 1353 319 1394 observamus
344 1353 388 1393 in
412 1354 587 1393 Familiis
609 1355 858 1407 Byzantinis,
888 1355 959 1394 ubi
982 1355 1030 1394 de
1051 1354 1260 1394 Lascarica
1285 1362 1403 1408 gente
1427 1356 1514 1407 agi-

0 1423 90 1461 nus,
119 1412 234 1451 cuius
252 1425 400 1451 nomen
417 1412 497 1450 sibi
513 1412 658 1452 exinde
673 1412 972 1465 adscripserunt
986 1412 1306 1452 Vintimilienses.
1333 1427 1511 1455 numo.

100 1466 204 1523 Pag.
237 1473 305 1519 93,
335 1471 376 1513 5.
434 1467 511 1511 Τὸν
538 1467 583 1510 δὲ
603 1465 780 1520 ἀδελφόν
807 1466 967 1522 αὐτῶν]
997 1469 1231 1522 Pachymer.
1253 1470 1325 1514 lib.
1345 1471 1396 1512 ΙΙ.
1421 1485 1510 1525 cap.

0 1524 155 1565 KXXV.
188 1527 257 1567 lib.
289 1526 359 1565 111.
389 1539 477 1579 cap.
497 1527 550 1565 X.
570 1527 662 1568 XII.
683 1527 812 1567 XXV.
840 1528 911 1566 ubi
934 1527 978 1568 ἐν
1003 1527 1186 1582 φρουρίῳ
1203 1530 1262 1583 τῷ
1277 1530 1360 1568 τῶν
1384 1531 1513 1581 Νικη-

0 1578 136 1622 :adn-w
162 1587 236 1636 τῆς
257 1579 491 1636 Δακιβύζης
514 1583 714 1623 inclusum
736 1584 889 1624 scribit.
918 1598 1094 1624 nocane.
1152 1584 1442 1624 Annotavimus
1468 1586 1514 1625 in

0 1639 190 1690 margine,
218 1642 371 1680 sactum
395 1640 437 1679 id
460 1654 548 1679 esse
567 1641 612 1681 A.
646 1639 695 1681 C.
718 1641 927 1681 MCCLXI.
950 1648 991 1681 et
1009 1642 1064 1680 ita
1085 1655 1243 1694 quoque
1264 1643 1450 1682 Possinus
1468 1643 1512 1682 iu

0 1695 252 1749 :hronologia
281 1711 354 1737 sua
380 1696 704 1749 Pacbymeriana.
763 1699 840 1738 Sed
871 1698 906 1737 si
934 1699 1126 1748 Ioannes,
1168 1712 1259 1738 cum
1285 1706 1344 1738 est
1372 1714 1512 1739 excae·

0 1760 120 1803 mus,
150 1756 228 1794 iam
254 1762 340 1794 tum
370 1761 455 1794 erat
483 1755 671 1795 decennis
688 1784 700 1802 ‚
738 1763 786 1795 ut
813 1755 894 1795 hoc
918 1756 1010 1795 loco
1042 1756 1211 1806 dicitur,
1250 1763 1410 1808 oportet
1434 1771 1514 1796 ex-

0 1818 175 1850 :aecatus
205 1813 259 1851 sit
281 1826 345 1852 an.
379 1811 526 1851 Christ.
555 1813 802 1853 MCCLXIII.
831 1814 1028 1865 siquidem
1058 1827 1161 1853 anno
1192 1813 1397 1853 MCCLIX.
1429 1828 1511 1866 quo

0 1870 76 1907 zius
97 1875 214 1921 pater
230 1869 468 1909 Theodorus
491 1869 614 1919 obiit,
645 1884 792 1909 aunum
819 1872 958 1910 aetatis
986 1878 1142 1911 sextum
1170 1871 1380 1924 explebat,
1409 1877 1512 1912 teste

0 1938 78 1979 pso
103 1927 281 1980 Gregora
308 1927 381 1968 lib.
405 1926 478 1966 111.
499 1940 588 1980 cap.
608 1928 678 1969 111.
701 1934 798 1967 sect.
819 1931 860 1971 2.
917 1942 1070 1970 nomn.

100 1982 205 2037 Peg.
238 1987 308 2034 98,
337 1988 378 2029 6.
432 1987 615 2039 Δεκαετῆ
640 1982 722 2039 ἤδη
753 1981 1027 2040 τυγχάνοντα]
1067 1986 1256 2026 Possinus
1285 2000 1511 2027 novennem

0 2039 99 2080 iacit.
154 2055 304 2083 noivm.

98 2099 204 2151 Pag·
232 2101 301 2147 93,
334 2101 400 2142 11.
455 2098 580 2153 Χερσὶ
600 2097 673 2152 μὲν
690 2096 739 2140 τὰ
766 2099 931 2154 στέρνα]
959 2101 1048 2140 Non
1070 2114 1233 2140 necesse
1253 2100 1378 2140 habui
1409 2101 1511 2139 ensi·

0 2152 96 2193 peras
137 2157 416 2209 cogitationes,
459 2155 605 2214 fumos
647 2157 860 2211 gemituum
892 2167 930 2197 et
966 2157 1077 2212 ligna
1126 2156 1279 2198 doloris
1320 2159 1511 2200 inserere.

0 2225 186 2252 NOLFIUS.

100 2267 204 2323 Pag·
236 2271 305 2319 93,
335 2272 401 2314 17.
455 2265 687 2326 Ἀφορισμςιῖ
703 2268 777 2323 μὲν
794 2269 868 2313 τᾶν
892 2270 1056 2327 βασιλέα
1074 2269 1404 2327 καθυποβᾶλλει]
1433 2271 1511 2310 Pa-

0 2323 165 2378 :hymen
187 2327 258 2366 lib.
278 2327 352 2369 ΠΙ.
376 2341 466 2381 cap.
488 2328 592 2366 XIV.
651 2341 826 2367 occaso.

98 2385 203 2437 Pag-
233 2387 302 2431 93,
334 2388 400 2429 18.
461 2382 546 2437 Τήν
573 2383 618 2426 δὲ
645 2382 791 2427 τούτου
818 2381 1008 2439 μνήμην]
1041 2386 1163 2436 Quod
1190 2393 1278 2426 tum
1303 2383 1511 2437 improba·

0 2451 96 2488 zum,
127 2454 241 2491 cum,
270 2447 319 2480 ut
343 2441 402 2481 ait
422 2441 710 2495 Pachymeres‚
738 2442 783 2481 id
813 2449 917 2483 esset
935 2456 1027 2482 cum
1052 2458 1098 2483 eo
1119 2444 1164 2483 in
1184 2444 1307 2484 sacris
1333 2453 1511 2481 commu·

0 2496 122 2536 micare
136 2526 147 2546 ‚
178 2498 248 2550 qui
270 2513 291 2537 a
313 2500 592 2539 communione
614 2499 812 2539 abscissus
830 2506 926 2540 erat.
979 2514 1149 2556 nocane.

99 2556 204 2608 Pag·
232 2558 303 2606 94,
335 2559 401 2600 10.
458 2556 544 2598 Καὶ
572 2550 628 2609 ἦν
654 2555 684 2610 ἦ
703 2560 926 2610 λαληθεῖσα
947 2557 1196 2613 κατηγορία]
1226 2556 1336 2596 Idem
1355 2553 1513 2607 Pachy-

0 2623 86 2649 ner.
107 2611 177 2650 lib.
195 2612 262 2652 IV.
285 2626 374 2666 cap.
393 2614 463 2654 111.
520 2627 696 2653 nocane.

99 2666 202 2720 fag·
230 2671 301 2716 94,
339 2674 407 2714 13.
452 2667 545 2713 “On
575 2674 830 2724 Χριστιανῶν
856 2687 899 2713 τε
928 2671 1086 2726 «ὑπῆρχε
1114 2669 1267 2725 γονέων
1294 2665 1410 2719 υἱός]
1438 2667 1514 2706 Pa-

0 2721 167 2776 :hymen
188 2726 459 2779 patriarcham
485 2729 795 2781 respondentem
813 2729 953 2769 libello
983 2728 1249 2768 accusationis
1270 2725 1419 2764 dixisse
1440 2723 1513 2773 ait,

0 2781 198 2821 §ultanum
231 2782 396 2838 eiusque
415 2785 520 2825 filios
546 2799 623 2839 pro
651 2785 886 2826 Christianis
915 2794 1002 2827 tum
1029 2785 1210 2832 habitos,
1239 2782 1284 2821 id
1311 2787 1514 2820 asserente

0 2837 182 2887 blacario,
201 2841 375 2883 Pisidiae
390 2843 594 2897 episcopo.
624 2843 726 2885 Vide
743 2844 914 2884 eundem
931 2843 1119 2896 Pachym.
1139 2854 1225 2893 cap.
1241 2838 1309 2880 vl.
1336 2851 1514 2878 noento.
