1794 3172
343 145 662 192 HISTORIAE
689 144 1066 191 BYZANTINAE
1085 143 1204 190 XlV.
1233 148 1274 194 4.
1451 139 1553 187 707

65 259 138 303 λεά
159 255 358 316 πρόνοιαν
374 256 549 300 ἐποιεῖτο
571 261 781 300 ποιεῖσθαι
799 255 877 312 τὴν
894 254 1049 314 ἄφιξιν,
1086 254 1159 300 ἅτε
1177 255 1239 312 μὴ
1260 253 1555 314 προμαθόντες
1578 259 1776 298 A.0„1344

64 329 113 373 τὸ
133 326 300 384 συμβάν
314 342 324 352 ·
347 326 443 371 ἀλλ’
458 326 591 382 ἠρέμα
613 328 683 369 καὶ
702 326 810 370 κατὰ
827 325 982 381 σχολὴν
1003 324 1264 382 ἐπορεύοντο.
1302 311 1776 392 (H.)‘'Opaem;¹¹¹¹}'g‡g'12{³‘

48 392 125 449 ἐἷς
153 398 258 442 θεὸν
288 395 311 441 ὅ
332 395 531 452 βασιλεὺς
551 395 767 446 ἀνατείνας
796 395 873 446 τὰς
891 402 1035 453 χεῖρας
1064 394 1155 450 ἅμα
1182 401 1271 445 τοῖς
1293 395 1409 453 ἄμφ’
1436 387 1595 455 αὖτῷΕ

65 468 146 511 κάκ
179 471 264 511 τῶν
295 465 471 510 ἐνόντων
501 463 558 515 ὥς
583 467 679 521 ἐνῆν
710 462 975 520 ὁπλισάμενοι
1005 462 1235 520 ἐμάχοντο,
1273 469 1349 508 τοῦ
1368 482 1557 523 προστυ-

35 551 61 587 5
65 535 216 593 χόντος
237 537 412 586 ἕκαστος
440 536 719 589 ἐπιβαίνοντες
746 536 901 588 ἵππου,
939 534 1036 589 δίχα
1070 535 1306 592 σαλπίγγων
1323 535 1394 577 καὶ
1415 552 1556 593 παρα-

63 605 244 661 τάξεως,
281 608 350 649 καὶ
372 605 445 649 τὸν
466 603 573 665 ᾅδην
594 604 695 647 κατ’
731 603 984 663 ὀφθαλμοὺς
1003 602 1224 658 ἱστάμενον
1246 602 1441 663 ἄντικρυς
1455 604 1556 660 βλέ-

63 693 223 726 ποντες.
261 677 330 718 καὶ
360 669 414 731 ἦν
439 676 540 717 ἰδεῖν
557 671 673 729 μάλα
695 671 1002 732 ἄγχιστρόφους
1030 675 1099 716 καὶ
1119 673 1194 717 οὐκ
1215 675 1258 717 ἐν
1277 675 1454 736 προνοίᾳ
1473 676 1593 726 ‘ccviii'

62 745 141 796 τὰς
166 743 377 796 διεξόδους
413 746 482 788 καὶ
514 742 754 795 διεξελάσεις
782 748 859 800 τῆς
884 741 1024 800 μάχης
1055 744 1369 798 καθισταμένας
1389 757 1401 768 ·
1447 743 1556 796 ἀλλὰ

63 813 230 873 φύρδην
263 814 416 864 ἄλλους
445 813 588 864 ἄλλοις
621 813 990 872 ξυρῥηγνυμένους.
1036 811 1138 857 ὅθεν
1167 815 1236 857 καὶ
1267 812 1395 870 ὀλίγοι
1421 811 1552 869 μάλα,

9 898 55 933 10
66 884 171 942 πρὸς
189 882 306 939 μάλα
338 888 503 928 πολλῶν
532 882 654 927 ἔνθεν
679 884 870 927 κάκεῖθεν
889 881 1177 939 κυκλούμενοι,
1215 881 1554 939 κατηκοντίζοντό

62 971 108 998 τε
130 956 199 997 καὶ
220 953 477 1005 ξυνέπιπτον.
528 951 628 1012 (Θ.)
660 951 709 998 Ὁ
726 954 772 997 δέ
788 951 1007 1008 βασιλεὺς,
1045 956 1123 996 τοῦ
1138 954 1268 996 ἵππου
1291 951 1489 1004 πεσόντος
1509 953 1555 996 ἐκ

60 1028 148 1067 τῶν
165 1027 343 1080 πληγῶν,
381 1025 427 1067 ἐκ
440 1027 518 1080 γῆς
537 1021 693 1067 ὁπόσον
713 1024 809 1079 ἐνῆν
828 1029 918 1073 τοῖς
936 1023 1119 1066 ἐπιοῦσιν
1136 1020 1335 1078 ἐμάχετο,
1374 1023 1450 1074 ἕως
1469 1027 1555 1066 τῶν

62 1091 339 1137 ὑπασπιστῶν
365 1091 424 1144 εἷς
452 1091 696 1150 παρελάσας
726 1092 862 1149 ἀπέβη
896 1096 974 1136 τοῦ
1000 1094 1155 1147 ἵππου,
1193 1094 1263 1136 καὶ
1285 1096 1346 1151 τῷ
1376 1093 1453 1148 μὲν
1472 1098 1556 1149 βα-
1565 1101 1688 1141 P‚443

63 1167 177 1206 σιλεῖ
203 1167 314 1221 φυγῇ
343 1164 590 1221 πορίζεσθαι
617 1162 697 1219 τὴν
714 1163 925 1220 σωτηρίαν
958 1163 1121 1206 ἐδίδου·
1169 1161 1296 1213 αὐτὸς
1324 1163 1370 1206 δὲ
1399 1162 1559 1213 πολλὰς

8 1243 53 1279 15
67 1237 255 1288 πολλαχῆ
276 1230 498 1289 δεξάμενος
525 1232 608 1284 τὰς
633 1232 791 1290 πληγὰς
825 1232 1079 1289 κατηνέχθη,
1115 1230 1254 1290 βραχύ
1274 1250 1314 1276 τι
1332 1233 1402 1275 καὶ
1421 1232 1557 1291 ἀδρα-

64 1304 130 1353 νὲς
159 1303 374 1358 ἐμπνέω*
417 1301 477 1354 ὥς
511 1302 874 1361 περιφρονηθέντα
899 1309 988 1353 τοῖς
1017 1304 1229 1358 πολεμίοις
1261 1303 1438 1353 ἐσαῦθις
1466 1299 1557 1346 οἷον

64 1373 308 1428 ἀναβιῶναι.
343 1370 372 1429 ἦ
401 1374 448 1416 δὲ
476 1371 598 1431 φήμη
625 1372 702 1429 τὴν
733 1373 933 1429 ταχίστην
965 1372 1046 1416 ἀνὰ
1067 1377 1208 1417 πᾶσαν
1227 1373 1458 1428 ἐληλυθυῖα
1477 1365 1555 1429 τὴν

63 1443 292 1500 περίχωρον
322 1440 554 1499 ἠνάγκασεν
586 1441 740 1494 ἄλλους
768 1441 836 1485 ἐπ’
859 1441 1000 1494 ἄλλοις
1029 1447 1112 1501 βοῇ
1133 1460 1177 1486 τε
1196 1443 1264 1485 καὶ
1286 1440 1429 1501 δρόμῳ
1448 1458 1557 1486 σπο-

64 1511 200 1570 ράδας
230 1513 299 1555 καὶ
325 1510 610 1563 ἀσυντάκτους
632 1513 675 1564 ἐς
701 1513 940 1569 ἐπικουρίαν
968 1530 1013 1556 τε
1041 1513 1144 1555 ἰέναι
1162 1512 1236 1555 τὸν
1256 1515 1332 1555 τοῦ
1351 1512 1557 1567 βασιλέως

5 1590 55 1626 20
66 1581 250 1639 στρατὸν
272 1583 341 1624 καὶ
363 1581 453 1637 ἅμα
475 1581 575 1632 τοὺς
592 1584 816 1637 πολεμίους
844 1581 976 1626 ὀπίσω
1006 1580 1362 1625 ἀπαλλάττεσθαι.
1399 1585 1474 1625 τοῦ
1495 1581 1588 1638 δὴΒ

62 1649 255 1695 τοιούτου
276 1651 606 1707 διασεσωσμένος
624 1649 646 1695 ὅ
666 1650 862 1707 βασιλεὺς
879 1648 982 1709 ὖπέρ
1004 1650 1172 1695 ἅπασαν
1191 1651 1446 1708 προσδοκίαν
1465 1668 1552 1694 κιν-
1564 1661 1604 1696 V.
1612 1661 1683 1699 359

63 1719 190 1764 δύνου
217 1738 262 1764 τε
300 1722 369 1763 καὶ
397 1718 709 1776 συμπτώματος
738 1720 845 1779 ἄρας
872 1721 968 1777 μετ’
1004 1720 1053 1764 οὗ
1083 1720 1191 1765 πολὺ
1225 1720 1331 1778 πρὸς
1360 1718 1554 1776 Διδυμό-

62 1807 197 1846 τειχον
226 1789 374 1834 ἄπεισι.
411 1792 481 1833 καὶ
518 1795 655 1835 ταῦτα
688 1791 767 1846 μὲν
790 1794 941 1835 τοῦτον
966 1789 1058 1848 ἔσχε
1082 1790 1158 1836 τὸν
1184 1788 1366 1849 τρόπον·
1400 1791 1470 1834 καὶ
1501 1789 1551 1835 τὸ

64 1859 139 1918 ἔαρ
158 1861 203 1903 ἐν
222 1858 386 1911 τούτοις
401 1858 603 1905 ἐτελεύτα.

61 2015 256 2060 videbatur,
279 2019 320 2052 ut
339 2016 408 2051 iter
426 2017 473 2052 ad
488 2017 728 2065 imperatorem
743 2017 1001 2059 accelerarent,
1024 2019 1064 2051 ut
1085 2016 1146 2062 qui
1161 2015 1247 2052 illud
1264 2023 1424 2052 eventum
1444 2029 1553 2063 prae·-

60 2063 235 2108 cognitum
252 2075 319 2098 non
334 2065 521 2098 baberent:
544 2065 608 2099 sed
625 2065 662 2099 hi
677 2065 888 2111 pedetentim
907 2076 950 2099 ac
964 2064 1060 2098 lente
1077 2064 1296 2100 incedebant.
1330 2065 1468 2110 (VIII.)
1486 2066 1553 2100 At-

51 2114 175 2145 tamen
194 2110 403 2156 imperator,
427 2111 575 2146 sublatis
595 2112 641 2146 ad
667 2113 798 2146 caelum
823 2112 1004 2153 manibus,
1037 2114 1073 2145 et
1096 2111 1123 2145 ii
1144 2122 1230 2156 quos
1249 2123 1363 2146 secum
1385 2112 1551 2155 habebat,

39 2171 43 2175 ⁴
60 2156 212 2202 arreptis
229 2162 335 2202 prout
351 2157 451 2191 licuit
468 2158 585 2200 armis,
597 2169 686 2204 quae
703 2164 775 2193 tum
790 2159 1035 2204 suppetebant,
1059 2169 1244 2193 conscenso
1262 2158 1408 2204 quisque
1422 2163 1553 2193 temere

60 2214 163 2248 equo·
176 2204 308 2250 absque
332 2204 417 2239 tuba
443 2204 608 2250 nulloque
635 2205 755 2240 ordine
782 2209 999 2251 pugnarunt,
1031 2208 1174 2239 mortem
1203 2205 1248 2239 ob
1268 2205 1385 2240 oculos
1409 2205 1556 2251 positam

59 2249 246 2285 intuentes.
292 2250 344 2285 Et
366 2262 450 2286 sane
475 2251 598 2286 videre
619 2256 696 2286 erat
715 2252 818 2286 valde
839 2252 1034 2286 instabilem
1059 2262 1101 2286 ac
1118 2263 1185 2286 non
1201 2251 1423 2297 providentia
1439 2252 1557 2297 aliqua

30 2307 34 2310 ’
60 2297 282 2332 constitutum
302 2297 457 2332 ordinem
472 2309 623 2343 pugnae,
647 2298 683 2333 in
704 2298 942 2344 eruptionibus
960 2297 1262 2333 excursionibusve
1282 2298 1464 2341 faciendis,
1487 2297 1551 2332 sed

60 2343 256 2389 promiscue
281 2344 367 2378 alios
390 2356 465 2379 cum
493 2345 571 2379 aliis
598 2345 844 2391 confligentes3
868 2356 979 2390 eoque
996 2345 1122 2387 fiebat,
1147 2350 1187 2379 ut
1203 2345 1401 2391 paucissimi
1422 2346 1468 2379 ab
1485 2356 1551 2378 nu-

58 2389 300 2425 merosissimis
329 2391 412 2425 hinc
441 2395 550 2436 atque
576 2391 659 2426 inde
697 2392 914 2427 circumclusi
947 2391 1026 2427 telis
1053 2392 1284 2426 obruerentur
1309 2397 1347 2427 et
1370 2392 1550 2426 caderent.

60 2436 164 2480 (lx.)
186 2437 303 2482 Atque
318 2436 398 2483 ipse
417 2437 618 2483 imperator,
641 2438 739 2485 lapso
757 2450 801 2474 ex
819 2438 1022 2474 vulneribus
1040 2450 1142 2484 equo,
1165 2439 1276 2484 pedes
1292 2450 1367 2473 cum
1382 2438 1549 2483 ingruen-

59 2482 154 2517 tibus
183 2483 378 2529 quibusque
404 2496 470 2530 pro
495 2484 590 2519 virili
616 2485 823 2527 dimicabat,
846 2485 961 2531 quoad
980 2489 1165 2531 provectus
1190 2486 1437 2531 armigerorum
1460 2495 1550 2521 unus

59 2540 148 2574 equo
166 2529 369 2572 descendit,
394 2541 437 2565 ac
458 2531 659 2577 imperatori
675 2532 814 2578 quidem
829 2537 870 2567 ut
886 2532 971 2577 fuga
991 2532 1097 2568 saluti
1116 2533 1312 2566 consuleret
1330 2531 1448 2573 dedit3
1469 2530 1549 2576 ipse

59 2580 187 2617 autem,
198 2576 314 2610 multis
331 2581 405 2611 toto
424 2589 573 2623 corpore
588 2578 790 2613 vulneribus
807 2580 977 2624 exceptis,
999 2579 1134 2614 corruit
1150 2578 1357 2614 semianimis
1374 2589 1417 2612 ac
1431 2588 1548 2623 paene

59 2621 262 2666 exspirans;
287 2623 339 2658 sic
357 2628 397 2657 ut
415 2625 460 2659 ab
483 2625 640 2660 hostibus
668 2630 885 2670 contemptus
916 2629 1038 2671 postea
1057 2625 1157 2672 quasi
1178 2625 1360 2660 revixerit.
1406 2623 1549 2659 Interim

57 2668 169 2709 sama,
191 2673 301 2703 totam
320 2669 419 2705 brevi
446 2671 623 2716 regionem
646 2678 860 2717 pervagata,
885 2671 1004 2717 cosegit
1022 2676 1058 2706 et
1077 2671 1294 2717 imperatoris
1316 2671 1443 2706 milites
1462 2670 1549 2705 alios

57 2725 164 2759 super
190 2714 276 2750 alios
299 2727 375 2750 cum
401 2717 550 2752 clamore
574 2730 617 2752 ac
640 2718 875 2764 trepidatione
900 2719 1077 2764 dispersos
1102 2718 1389 2764 inordinatosque
1421 2716 1548 2752 auxilio

58 2760 188 2802 subire,
205 2765 244 2795 et
258 2762 377 2797 hostes
392 2763 495 2798 simul
510 2766 745 2800 retrocedere.
776 2766 831 2799 Ab
850 2776 893 2799 eo
909 2765 1065 2811 periculo
1085 2770 1121 2800 et
1137 2777 1220 2800 casu
1239 2765 1428 2810 imperator
1443 2775 1547 2810 prae-

58 2812 113 2841 ter
130 2818 226 2861 spem
242 2818 376 2843 omnem
396 2815 567 2854 servatus,
591 2811 694 2847 motis
707 2823 776 2846 non
790 2812 895 2856 longo
912 2818 993 2858 post
1010 2812 1150 2853 castris,
1171 2811 1450 2857 Didymotichum
1465 2821 1548 2857 pro-

58 2853 239 2891 ficiscitur.
285 2854 336 2891 Et
347 2866 391 2892 ea
407 2857 545 2904 quidem
563 2858 616 2894 ita
632 2870 672 2895 se
690 2858 906 2901 habueram
930 2862 1035 2906 atque
1052 2858 1088 2894 in
1105 2858 1159 2894 his
1179 2870 1242 2895 ver
1257 2858 1406 2895 effluxit.
