1754 3164
206 141 230 187 1
242 141 339 188 194
771 144 1256 191 ANNO'I'ATIONES.

200 271 304 306 κτως
333 253 377 298 ἓν
405 249 590 296 πόλεσιν·
620 248 715 294 ἄλλ’
735 269 792 303 ως
813 255 900 302 τοῖς
928 248 1070 307 νόμοις
1097 251 1169 294 καὶ
1196 257 1283 302 τοῖς
1307 250 1456 316 κανόσι
1482 252 1575 308 περὶ
1593 270 1748 297 τουτων

201 310 470 366 ἐξεφωνήθη·
499 311 568 352 καὶ
586 326 683 359 τους
707 312 764 360 εἰς
785 308 905 364 πάθη
928 310 1140 363 κειμένους
1160 310 1205 353 ἐκ
1225 327 1396 362 τουτων,
1426 313 1463 353 εἰ
1485 329 1540 366 μη
1565 313 1748 366 βλέψον-

203 385 269 413 σιν
300 372 357 419 εἰς
379 365 616 424 μετάνοιαν,
648 365 941 411 ἀποκλείεσθαι
971 366 1167 419 ἄκοντας,
1198 369 1513 425 τρεφομένους’
1496 368 1605 428 α’ρτω
1635 368 1748 428 μόνω

201 429 270 471 καὶ
292 426 422 469 ὕδατι.
479 440 634 466 1301va.

314 480 842 540 Pag.182,13.1102.2.02
863 481 907 525 δὲ
926 483 1033 525 καὶ
1020 483 1133 538 ἕτερα
1159 487 1307 538 περιῆν
1326 480 1468 539 τᾶνδρὶ
1490 482 1539 525 τοὶ
1557 482 1748 539 χρηστά]

201 544 316 584 Hanc
347 543 586 589 sectionem,
618 548 658 581 et
686 548 859 593 quatuor
893 549 1128 594 sequentes,
1158 543 1434 595 suppeditavit
1463 543 1576 581 nobis
1609 543 1748 583 Codex

200 602 362 654 Regius,
425 602 599 640 Deerant
627 599 732 638 enim
762 599 805 637 in
836 599 1018 638 editione
1047 599 1263 639 Wolfiana:
1302 601 1358 639 ita
1391 606 1524 639 autem
1566 600 1745 650 deerant,

199 667 246 699 ut
266 667 398 698 tamen
421 658 600 698 narratio
631 657 824 695 continua
850 664 975 706 esset,
1005 671 1082 697 nec
1106 657 1310 697 defectum
1341 657 1453 696 hunc
1481 657 1612 696 hiatus
1639 660 1747 698 unus

201 723 402 768 argueret.
462 717 593 756 Erunt
623 715 815 765 fortasse,
849 715 916 767 qui
943 716 1100 754 facinus
1130 716 1233 754 illud
1257 715 1440 754 monachi
1460 716 1628 754 alicuius
1661 730 1747 755 esse

201 775 438 829 opinentur,
469 772 762 813 monachorum
787 787 919 812 mores
943 773 1073 812 notari
1096 786 1213 824 aegre
1236 773 1414 812 ferentis.
1473 774 1558 825 Ego
1578 772 1678 812 haec
1697 774 1745 812 ab

198 834 289 887 ipso
323 834 504 884 Gxegora
535 832 604 871 vel
632 831 763 870 recisa
791 844 876 870 esse
903 831 1086 870 existimo
1122 845 1173 870 ex
1200 830 1331 884 prima
1359 831 1557 882 editione,
1597 832 1662 871 vel
1694 831 1747 871 ad

198 892 414 944 repetitum
441 903 542 943 opus
567 889 739 928 adiecta.
768 902 920 927 BOIV1N.

314 942 716 1002 Pag.186‚17.’Ev
735 942 896 995 τούτοις
920 943 994 999 μὲν
1013 948 1098 994 τοῖς
1123 940 1298 1000 χρόνοις]
1311 944 1448 999 Pachy
1452 959 1550 985 mer.
1564 945 1630 985 lib.
1641 945 1745 985 VIII

200 1020 288 1060 cap.
315 1009 380 1048 19.
402 1008 470 1048 20.
502 1005 571 1044 lib
595 1006 646 1043 X.
668 1017 755 1056 cap
779 1008 814 1046 1.
873 1017 1049 1043 DUCANG.

313 1065 417 1117 Pag.
451 1066 553 1112 187,
585 1059 770 1106 19.Το
793 1060 885 1115 περὶ
919 1060 1243 1113 Θεσσαλονίκην]
1276 1059 1381 1108 Quia
1411 1060 1517 1099 forte
1548 1059 1685 1100 haec'
1673 1075 1744 1100 im-

198 1120 304 1176 perii
331 1120 571 1160 Graecanici
595 1133 687 1172 pars
721 1119 795 1158 sub
817 1120 966 1158 Latinis
996 1118 1309 1171 imperatoribus
1335 1119 1447 1170 regni
1479 1119 1640 1157 titulum
1666 1118 1746 1157 ha-

198 1181 364 1229 buerat,
396 1192 487 1217 cum
511 1179 553 1217 in
575 1177 772 1215 Bonifacii
796 1177 845 1217 ΙΙ.
866 1177 1212 1215 Montferratensis
1237 1175 1480 1215 Marchionis
1506 1184 1655 1216 sortem
1675 1177 1746 1216 illa

200 1238 340 1284 cessit,
372 1236 487 1275 cuius
512 1235 672 1288 quidem
694 1248 827 1285 regem
857 1248 899 1273 se
932 1233 1067 1286 quoad
1088 1234 1192 1272 vixit
1214 1233 1434 1285 inscripsit.
1481 1248 1654 1273 nncANc.

313 1292 413 1347 Pag.
448 1296 548 1342 189,
579 1296 618 1335 7.
665 1289 877 1341 Τοιαύταις
895 1287 1083 1333 ε’δεδωκει
1106 1292 1375 1367 φιλοτιμίαις]
1411 1292 1601 1344 Supple
1583 1289 1741 1335 εαυτόν

199 1351 302 1393 Vide
329 1357 515 1391 annotata
538 1350 591 1389 ad
612 1363 700 1402 pag.
719 1351 758 1393 5.
782 1350 826 1389 Β.
883 1363 1035 1388 1301V1N.

314 1411 418 1462 Pag.
453 1411 553 1457 190,
587 1411 650 1449 10.
716 1409 779 1462 Τῷ
801 1409 882 1462 νεῷ
907 1410 982 1448 τοῦ
1000 1406 1225 1459 Σπουδίου]
1269 1407 1325 1445 De
1355 1419 1433 1458 qua
1465 1407 1563 1446 aede
1590 1407 1742 1459 egimus

120 1508 122 1510 ,
198 1468 243 1507 in
266 1467 568 1518 Constantinop.
591 1463 739 1505 Christ.
760 1464 825 1506 lib.
851 1464 918 1504 IV.
940 1471 1038 1504 seet.
1061 1464 1126 1503 IV.
1149 1479 1188 1505 n.
1214 1465 1279 1506 15.
1338 1478 1518 1503 nucANe.

314 1526 420 1578 Pag.
454 1526 556 1573 190,
587 1523 652 1566 15.
709 1519 820 1563 Ἐπεὶ
850 1520 894 1564 δὲ
924 1521 1043 1574 τέως]
1081 1521 1317 1575 Pachymer.
1338 1522 1408 1561 lib.
1436 1521 1535 1561 VIII.
1559 1535 1648 1575 cap.
1676 1525 1742 1566 18,

199 1596 373 1623 nucANe.

313 1642 419 1692 Pag-
453 1642 555 1688 191,
587 1641 626 1680 3.
685 1633 794 1678 Μετ’
819 1653 867 1679 ου
892 1634 1022 1690 πολυ]
1054 1635 1288 1688 Pachymer.
1317 1634 1391 1675 lib.
1421 1634 1531 1675 VIII.
1562 1650 1648 1688 cap.
1676 1638 1741 1679 13.

203 1698 268 1742 14.
291 1698 358 1741 15.
382 1700 447 1739 16.
476 1700 544 1739 21.
567 1699 634 1738 22.
654 1699 722 1739 23.
742 1694 809 1738 24.
839 1709 1013 1736 DUCANG.
1075 1694 1330 1750 Παραίτησιν
1352 1692 1554 1747 ἔγγραφον
1575 1695 1742 1735 δίδωσιν

203 1755 227 1798 ὁ
203 1770 504 1808 οπατριαρχης
530 1749 798 1819 Ἀθανάσιος]
831 1753 1067 1818 Pachymer.
1097 1753 1166 1791 lib.
1195 1751 1245 1789 ΙΙ.
1281 1764 1366 1803 cap.
1391 1752 1538 1790 XXIV.
1599 1752 1741 1791 Obiter

200 1814 447 1862 notandum,
478 1817 524 1850 ut
553 1811 753 1862 Gzegoras
782 1812 822 1850 in
856 1811 1117 1850 Athanasium
1146 1808 1267 1850 valde
1300 1821 1525 1860 propensus
1551 1809 1650 1860 fuit,
1684 1809 1740 1848 ita

201 1870 425 1923 Pachymex
429 1884 487 1909 ern
515 1869 563 1908 ab
585 1870 727 1909 eodem
749 1869 1030 1908 alienissimum
1051 1868 1183 1907 fuisse.
1241 1879 1394 1906 1301va.

315 1925 787 1981 Pag.191,14.E2'9
806 1924 851 1967 τὸ
871 1926 963 1981 περὶ
984 1925 1027 1967 τὸ
1050 1922 1311 1979 Ξηρόλοφον]
1343 1924 1403 1962 Ita
1423 1924 1489 1965 lib
1499 1923 1586 1962 VII.
1603 1937 1689 1976 cap.
1703 1926 1740 1966 3.

198 1989 270 2029 20.
303 1986 351 2024 de
386 1983 624 2038 Xerolopho
657 1985 806 2036 egimus
839 1985 977 2023 multis
1010 1985 1052 2023 in
1086 1983 1390 2034 constantinop.
1430 1982 1575 2020 Christ.
1608 1981 1676 2020 lib.
1709 1982 1740 2021 Ι.

205 2039 292 2095 cap.
314 2041 381 2084 24.
403 2056 443 2082 n.
463 2045 501 2085 9.
561 2042 682 2091 Quod
714 2056 812 2082 vero
838 2042 940 2080 illud
971 2041 1094 2081 suerit
1116 2039 1402 2080 monasterium
1433 2040 1539 2078 circa
1568 2039 1741 2078 Xerolo-

201 2100 327 2154 phum
354 2100 483 2139 fateor
508 2113 570 2138 me
590 2100 756 2139 nescire.
814 2100 1027 2152 Perperam
1045 2099 1247 2151 interpres
1267 2098 1309 2136 in
1327 2098 1607 2136 monasterium
1627 2110 1752 2148 suum,

202 2154 477 2210 Xerolophum
505 2157 647 2207 vertit,
678 2171 770 2196 cum
800 2158 909 2197 circa
937 2155 1212 2210 Xerolopkum
1244 2161 1402 2195 vertere
1425 2154 1651 2203 debuisset,
1681 2153 1739 2193 uti

202 2214 467 2267 reposuimus.
525 2214 789 2267 Pachymeres
811 2214 932 2254 habet
955 2214 999 2256 ἐν
1014 2217 1066 2271 τῇ
1088 2215 1173 2270 ἰδίᾳ
1192 2215 1312 2269 μονῇ,
1343 2212 1452 2265 quod
1472 2212 1633 2264 quidem
1653 2224 1743 2251 mo-

203 2271 426 2311 nasterium
455 2271 503 2310 ab
532 2272 604 2310 illo
631 2278 907 2311 constructum
930 2273 1086 2322 fuerat,
1117 2277 1164 2310 ut
1193 2270 1396 2310 Phranzes
1423 2270 1493 2309 lib.
1523 2269 1551 2308 I.
1587 2283 1676 2322 cap.
1697 2271 1737 2310 9.

204 2329 341 2369 tradit.
399 2327 437 2368 Is
456 2329 560 2370 enim
578 2330 621 2369 in
644 2336 777 2369 monte
799 2330 911 2370 Gano
936 2336 1051 2369 antea
1075 2334 1345 2371 commoratus
1370 2328 1520 2377 fuerat,
1549 2333 1596 2366 ut
1614 2326 1737 2366 iidem

205 2386 470 2440 Pachymeres
494 2386 677 2439 cap-15.
700 2394 739 2426 et
758 2387 958 2428 Plnanzes
980 2388 1051 2427 lib.
1073 2387 1105 2426 I.
1127 2400 1214 2440 cap.
1234 2390 1272 2429 7.
1293 2385 1470 2425 tradunt.
1505 2398 1681 2424 numne.

316 2446 656 2498 Pag.191,17.
710 2442 873 2500 Χάρτην
902 2462 977 2500 γαρ
999 2441 1196 2497 εἰληφως,
1226 2439 1456 2498 γράμμασιν
1485 2442 1605 2492 ἰδίοις
1630 2440 1739 2484 ἐκτί-

206 2506 334 2554 θησιν
357 2500 578 2554 ἐπιτίμιον]
620 2502 764 2542 Exstat
789 2504 832 2542 in
864 2503 1013 2542 Codice
1042 2501 1190 2553 Regio,
1222 2501 1319 2540 olim
1346 2500 1591 2550 Tellefimm,
1632 2499 1737 2538 inter

206 2559 404 2612 opuscula
435 2557 663 2610 Athanasii,
708 2561 944 2614 παραίτησις
980 2562 1054 2613 τῆς
1090 2556 1251 2613 πρώτης
1287 2559 1568 2612 πατριαρχείας
1598 2552 1735 2606 αὐτοῦ,

207 2630 326 2668 quam
345 2631 395 2655 ex
413 2609 483 2655 illa
505 2615 644 2655 charta
671 2616 913 2671 descriptam
934 2617 1056 2657 fuisse
1076 2616 1208 2667 arguit
1228 2617 1315 2669 ipsa
1341 2616 1561 2656 verborum
1584 2615 1736 2653 sormu-

205 2673 256 2724 la,
280 2687 383 2727 quae
400 2679 532 2715 tamen
549 2674 591 2712 in
611 2675 746 2714 multis
767 2675 924 2715 diversa
946 2682 1008 2715 est
1027 2675 1075 2714 ab
1096 2688 1140 2713 ea
1153 2705 1164 2724 ,
1181 2687 1284 2726 quae
1307 2680 1440 2713 exstat
1460 2672 1567 2727 apud
1579 2671 1735 2723 Pachy-

206 2744 366 2771 merem.
425 2731 473 2770 In
497 2731 644 2772 Codice
661 2732 785 2783 Regio
814 2733 871 2772 sic
896 2733 1062 2784 legitur:
1099 2734 1180 2784 Τῆς
1209 2734 1390 2799 Χριστον
1418 2730 1643 2783 ἐκκλησίας,
1675 2723 1737 2776 οἷς

207 2785 325 2837 αυτὸς
353 2785 438 2830 Οἵδε
467 2790 654 2859 κρίμασι,
693 2805 770 2841 την
799 2791 997 2843 φροντίδα
1026 2785 1258 2842 δεξάμενοι,
1302 2783 1378 2830 οὐκ
1405 2787 1747 2855 ἐξηφαλίσθημεν’

205 2848 281 2887 τοῦ
315 2841 418 2899 μήτε
454 2861 550 2896 τους
587 2846 842 2901 σχιζομένους
878 2850 952 2900 τῆς
990 2846 1202 2902 ἐκκλησίας
1232 2848 1411 2901 Χριστοῦ
1437 2844 1508 2888 καὶ
1542 2838 1734 2899 ὖβριστας
