1754 3164
174 184 307 232 1292
713 181 1203 229 ANNOTATIONES.

171 298 212 336 id
236 296 344 349 quod
366 296 561 345 Gregoras
578 290 688 343 ipse,
724 290 766 329 ni
793 289 938 338 fallor,
972 288 1111 329 sensit.
1169 287 1336 327 Homeri
1361 285 1626 335 Scholiastes‚
1657 284 1707 323 ad

170 353 278 393 hunc
303 354 507 406 Odysseae
527 350 564 390 δ.
590 351 686 392 621.
717 350 898 398 versum,

338 425 600 484 Δαιτυμόνες-
617 424 659 470 δ’
689 429 732 478 ές
760 423 912 482 δώματ’
941 426 1035 468 ἰ’σαν
1063 424 1183 466 θείου
1214 425 1426 478 βασιλῆος,

173 509 418 566 δαιτυμόνας
436 511 726 564 interpretatur
747 505 998 560 ἓστιάτοραςε
1029 513 1068 546 et
1092 506 1176 546 vim
1205 512 1422 558 utrumque
1444 504 1706 557 significandi,

168 571 375 611 convivam
403 583 546 622 nempe
579 575 617 607 et
650 568 956 615 convivator-em,
996 566 1031 604 ei
1059 564 1261 604 vocabulo
1298 569 1529 615 competere
1558 563 1708 601 docent

166 626 474 680 Lexicographi.
514 627 662 664 Tamen
689 625 798 678 apud
819 623 1058 675 Gregorium
1081 622 1320 661 Nazianzen.
1345 620 1456 663 Orat.
1476 620 1705 659 XXXVIII.

166 681 360 739 ἑστιάτωρ
383 691 423 723 et
445 681 650 736 δαιτυμῶν
673 688 956 735 opponuntur:
986 681 1108 719 immo
1130 687 1170 719 et
1189 679 1299 732 apud
1332 679 1551 730 Gregoram
1573 678 1705 730 ipsum

165 741 268 782 Hist.
290 742 360 781 lib.
382 742 530 780 XXIII.
548 754 639 794 pag.
661 740 757 782 582.
776 740 849 779 lin.
870 738 942 777 ult.
1000 750 1154 777 nowm.
1282 787 1300 795 -
1376 740 1378 743 ’

282 802 379 852 Pag·
412 802 515 848 869,
544 803 580 841 1.
627 795 775 839 ’Ἀλλου
808 794 881 850 μὲν
914 796 1010 843 ἴσως
1044 793 1097 835 ἄν
1130 810 1238 842 τινος
1269 795 1325 845 ἠν
1360 792 1462 845 etc.]
1507 794 1705 845 Gregoras

165 856 281 896 initio
298 856 420 895 huius
440 856 535 894 libri
556 870 601 895 ea
620 855 779 907 repetit,
813 868 915 906 quae
940 853 980 891 in
1003 853 1080 891 fine
1108 851 1327 904 superioris
1348 851 1424 890 iam
1448 851 1563 889 dixit.
1623 851 1704 890 Ita-

166 927 245 967 que
267 921 335 953 aut
358 914 488 966 prima
509 913 622 963 haec,
654 919 723 951 aut
747 912 816 950 illa
838 911 978 950 ultima
1006 909 1221 949 recidenda
1247 915 1352 948 sunt.
1391 905 1566 958 'fnourm

284 974 380 1025 Pag.
409 975 513 1022 870,
547 974 612 1012 16.
665 964 741 1010 Ἦν
769 966 844 1023 γοῖρ
870 972 954 1016 τοῖς
980 968 1147 1017 οἰκείοις
1166 963 1335 1020 ὀνείροις
1357 966 1563 1021 προσέχων
1585 963 1608 1007 ὁ
1636 962 1704 1006 ἅν-

163 1028 358 1084 θρωπος]
390 1028 490 1067 Vide
512 1033 699 1067 annotata
724 1027 774 1066 ad
796 1040 885 1079 pag.
908 1026 1004 1069 650.
1027 1027 1069 1065 E.
1091 1026 1210 1064 infra.
1271 1037 1426 1078 eorvis.

281 1088 376 1139 Pag.
407 1088 511 1136 871,
540 1089 581 1128 7.
647 1087 727 1137 Τῆς
748 1079 962 1135 παρούσης
982 1082 1143 1135 μετέστη
1166 1081 1292 1135 ζωῆς]
1322 1080 1502 1120 Isidorus
1527 1081 1703 1134 patriar·-

165 1142 330 1187 chatum
363 1143 479 1181 inivit
503 1157 607 1181 anno
631 1141 726 1182 Chr.
748 1141 1047 1180 MCCCXLVII.
1106 1141 1218 1179 Sedit
1241 1154 1366 1178 annos
1396 1138 1519 1189 duos,
1550 1152 1703 1178 menses

164 1206 316 1253 septem
344 1207 383 1238 et
406 1200 492 1238 dies
514 1199 769 1252 quindecim3
802 1205 849 1236 ut
877 1204 1034 1237 constat
1063 1211 1113 1237 ex
1144 1197 1291 1236 Codice
1314 1197 1393 1236 MS.
1418 1210 1499 1249 quo
1521 1210 1618 1235 usus
1644 1202 1704 1235 est

162 1257 266 1298 Phil.
295 1257 491 1296 Labbeus.
538 1257 640 1296 Vide
670 1256 918 1309 Apparatum
952 1256 1106 1294 Histor.
1142 1256 1312 1307 Byzant.
1345 1267 1436 1306 pag.
1466 1257 1535 1296 37.
1595 1255 1701 1305 Ergo

162 1314 393 1368 patriarcha
409 1328 501 1353 esse
522 1315 640 1353 desiit
663 1328 725 1354 an.
752 1313 843 1353 Chr.
866 1313 1148 1354 MCCCXLIX.
1174 1318 1358 1351 exeunte.
1416 1325 1571 1351 1301vm.

280 1374 375 1425 Pag-
406 1374 510 1420 871,
544 1375 609 1414 12.
665 1367 762 1412 Ἀπό
793 1368 1002 1424 σκαπάνης
1032 1369 1136 1424 ὁμοῦ
1165 1386 1203 1411 κ.
1233 1385 1269 1410 τ.
1297 1368 1359 1421 λ.]
1388 1369 1454 1408 Sic
1480 1382 1601 1421 supra
1630 1368 1701 1410 lib.

162 1427 231 1470 III.
261 1442 350 1481 cap.
369 1431 408 1471 3.
441 1435 536 1469 sect.
559 1432 599 1472 6.
657 1441 814 1467 Borvm.

276 1484 378 1539 Pag·
410 1489 515 1536 873,
549 1489 617 1529 14.
680 1488 769 1526 Τῶν
789 1482 1018 1526 ἐπισκόπων
1037 1486 1110 1538 τῆς
1133 1482 1231 1532 τέως
1251 1482 1475 1537 σωζομένης
1495 1483 1699 1536 ἐπαρχίας]

163 1543 232 1582 Sic
253 1542 359 1581 infra
379 1556 466 1595 cap.
487 1543 555 1582 ΙΙΙ.
581 1549 679 1582 sect.
700 1546 740 1586 3.
770 1539 943 1595 κάπειδὴ
966 1538 1131 1598 Θρᾴκης
1162 1540 1346 1583 ἐπέκεινα
1375 1543 1525 1582 πλείων
1552 1539 1627 1582 οὐκ
1645 1537 1700 1594 ἦν

163 1599 332 1654 ἐπαρχία
349 1598 577 1652 Ῥωμαίοις,
608 1597 757 1654 μόνους
775 1598 870 1649 τούς
893 1597 1120 1656 Θρᾳκικοὺς
1146 1595 1274 1647 εὐθὺς
1299 1598 1594 1652 μεταπέμπεται
1613 1599 1701 1640 ἔπι-

164 1654 358 1707 σκόπους.
387 1657 487 1697 Vide
510 1665 548 1697 et
567 1658 637 1699 lib.
659 1658 773 1696 XXI.
793 1672 878 1710 cap.
901 1658 974 1698 ult.
994 1657 1061 1696 ubi
1087 1657 1138 1696 de
1155 1656 1315 1709 imperii
1339 1655 1486 1695 finibus
1508 1657 1578 1695 illo
1600 1663 1701 1696 tem-

161 1729 261 1768 pore
284 1715 402 1754 valde
427 1716 617 1767 angustis.
673 1729 825 1754 1301vm.

206 1794 210 1799 ·
277 1770 444 1812 Ibidem.
511 1775 592 1826 Τῆς
617 1771 714 1822 τέως
740 1770 966 1826 σωζομένης
1002 1787 1041 1813 κ·
1069 1787 1106 1812 τ.
1136 1769 1203 1824 L]
1258 1769 1325 1808 Sic
1368 1769 1474 1809 infra
1514 1785 1602 1824 cap.
1627 1771 1698 1813 III.

162 1835 260 1870 sect.
283 1831 325 1873 3.
384 1844 542 1872 Bowm.
1268 1857 1272 1862 -

279 1890 375 1940 Pag.
405 1890 510 1937 876,
541 1891 581 1930 7.
619 1883 863 1940 -ἏνωτέρωῚ
894 1885 980 1924 Lib.
1000 1884 1106 1925 XIV.
1127 1898 1213 1938 cap.
1236 1889 1275 1928 7.
1333 1898 1485 1925 norvm.

279 1946 375 1996 Pag.
402 1947 506 1994 876,
536 1948 607 1987 23.
670 1947 752 1985 Τοῦ
785 1942 921 1995 ἔτους]
969 1942 1102 1982 Mense
1132 1942 1379 1996 Septembri,
1419 1957 1524 1982 anno
1554 1943 1696 1983 mundi

161 2000 288 2043 6859.
318 2000 491 2040 ineunte.
548 2015 704 2041 BOIVIN.

279 2060 376 2110 Pag.
407 2061 489 2101 877
500 2088 510 2108 ‚
540 2062 582 2101 2.
637 2054 703 2107 Ἐς
723 2053 945 2106 Βυζάντιον
969 2073 1005 2099 κ.
1027 2073 1061 2097 τ.
1083 2056 1143 2110 L]
1175 2057 1304 2098 Bizar.
1334 2057 1384 2096 de
1410 2056 1519 2097 bello
1542 2057 1696 2098 Veneto

161 2113 232 2153 lib.
260 2113 312 2153 ΙΙ.
369 2129 525 2155 BOIVIN.

280 2174 375 2224 Pag.
409 2174 513 2222 877,
547 2175 611 2214 12.
642 2169 732 2212 ”Eu
749 2187 790 2213 τε
812 2172 1049 2226 Χερσῶνος]
1080 2172 1176 2211 Eius
1197 2171 1368 2211 nominis
1388 2172 1486 2211 urbs
1504 2172 1546 2210 in
1568 2171 1695 2211 Cher-

162 2241 305 2267 soneso
321 2228 494 2266 Taurica
516 2244 536 2268 a
557 2228 807 2281 Geographis
827 2230 1016 2282 ponitur,
1049 2243 1174 2282 eaque
1195 2229 1434 2283 episcopalis
1462 2229 1576 2269 sedes
1601 2231 1694 2270 fuit.

159 2284 265 2326 Vide
279 2292 465 2324 annotata
482 2286 531 2324 ad
547 2300 636 2339 pag.
656 2289 751 2329 309.
768 2288 813 2326 E.
871 2300 1029 2327 1301V115.

279 2345 375 2396 Pag.
401 2346 505 2393 877,
537 2344 602 2385 15.
662 2343 848 2398 Μελέτην
866 2344 1021 2397 ἔχοντες
1046 2341 1143 2385 ὅσον
1163 2339 1322 2385 ου’δέπω
1339 2342 1407 2384 καὶ
1426 2341 1606 2399 τριήρεσι
1625 2357 1694 2386 συ-

160 2402 276 2453 χναῖς
298 2397 369 2441 τὸν
400 2394 547 2452 αὐχένα
576 2402 650 2440 τοῦ
674 2398 839 2442 Πόντου
868 2405 1002 2455 συγκλ.
1031 2401 1101 2442 καὶ
1125 2399 1263 2442 τὸτοῦ
1280 2400 1410 2454 Σαρ.]
1441 2403 1692 2455 Interpreta-

160 2463 233 2511 tus*
249 2470 336 2495 sum
349 2486 360 2507 ,
390 2465 426 2495 et
450 2455 629 2512 iamfere
648 2457 941 2497 meditabantur
957 2457 1140 2512 plurimis
1157 2457 1378 2497 triremibus
1404 2461 1521 2499 Ponti
1535 2459 1691 2515 fauces

161 2512 360 2564 obsidere,
391 2523 509 2568 atque
532 2515 573 2552 in
599 2514 810 2568 Sarapidis
829 2514 940 2571 fano
970 2516 1220 2567 tyrannicum
1245 2514 1534 2571 violentiamque
1555 2527 1691 2569 porto-

81 2578 84 2585 '
161 2571 262 2608 rium
284 2571 478 2625 imponere
499 2571 562 2620 iis,
585 2572 654 2625 qui
680 2578 754 2612 etc.
798 2573 943 2612 Videat
968 2573 1096 2611 lector
1118 2587 1167 2611 an
1193 2573 1325 2622 malit,
1356 2583 1391 2611 et
1411 2574 1491 2612 iam
1506 2573 1594 2628 fere
1615 2590 1691 2612 me-

160 2624 405 2677 ditabantur,
434 2642 578 2681 magno
603 2628 816 2668 triremium
841 2645 1000 2669 numero
1023 2628 1186 2669 obsessis
1206 2631 1330 2669 Ponti
1333 2628 1534 2685 faucibus
1556 2640 1592 2668 et
1622 2629 1689 2669 Se-

160 2682 313 2736 rapidis
320 2683 444 2740 fano,
475 2685 722 2738 tyrannicum
742 2685 1027 2741 violentumque
1044 2687 1263 2740 portorium
1291 2688 1486 2739 imponere
1509 2688 1579 2736 iis,
1620 2688 1690 2741 qui

159 2746 236 2835 ἓξ.
283 2742 339 2804 IJe
376 2742 578 2794 Serapidis
608 2743 701 2781 fano
727 2743 821 2783 vide
852 2744 1030 2796 Gyllium
1060 2743 1130 2784 lib.
1160 2743 1191 2784 I.
1226 2756 1315 2797 cap.
1343 2748 1384 2786 2.
1426 2744 1477 2784 de
1506 2745 1687 2798 Bosporo

223 2811 345 2836 raelo.
402 2812 558 2840 ΒοῑνῐΝ.

272 2858 368 2909 Pag.
398 2858 500 2904 880,
533 2860 603 2901 20.
662 2853 893 2910 Εἰληφόσι]
924 2859 1003 2897 Pro
1033 2853 1254 2911 εἰληφότες.
1311 2870 1465 2899 1³01vm.
