1794 3172
268 131 296 178 ,1
308 129 331 176 1
339 128 404 178 44
565 155 567 158 ·
684 135 1001 181 NICEPHORI
1031 136 1356 183 GREGORAE

50 259 87 293 Α.
108 259 153 292 Μ.
172 256 264 294 6859
277 246 467 304 λέγοντας
480 280 493 301 ,
524 245 663 302 ἁγίους
684 244 758 289 οῦκ
776 244 826 289 ἂν
845 243 971 290 εἶναι·
1014 245 1207 306 οὐδὲγὰρ
1231 247 1282 292 ἄν
1308 265 1407 292 ποτε
1437 257 1588 308 φαῖμεν
1613 250 1744 308 ἧμεῖς,

100 304 205 342 Imm*
233 315 368 386 Εοὔτε
396 317 449 360 τὰ
481 315 743 371 διειλημμένα
773 314 986 371 πνεύματα
998 349 1012 371 ,
1051 316 1199 362 οὔκουν
1230 318 1326 361 οὐδὲ
1345 318 1422 369 τὰς
1441 327 1528 370 τοῖς
1555 321 1748 375 κτίσμασι

275 386 492 441 διδομένας
517 383 691 441 χάριτάς
721 402 765 428 τε
792 387 860 428 καὶ
891 387 1090 444 ἐνεργείας
1122 388 1166 430 ἐκ
1192 392 1267 431 τοῦ
1298 388 1454 439 παντὸς
1485 391 1657 444 αἵῶνος,
1692 389 1748 442 ὥς

272 457 346 500 οὐκ
368 454 442 499 εἶεν
463 455 568 498 κατὰ
591 455 638 498 τὸ
661 455 963 512 ἀναμφίλεκτον
985 456 1171 500 ἅκτιστα.
1222 459 1257 500 εἲ
1275 457 1354 514 γὰρ
1377 459 1444 500 καὶ
1464 459 1565 502 θεὸν
1589 457 1749 503 διδόναι

270 525 413 569 κτιστιὶ
434 526 755 582 συγχωροίημεν,
779 526 823 567 τί
840 524 890 568 ἂν
910 526 969 583 εἴη
993 526 1041 574 τὸ
1063 531 1137 582 τῆς
1155 528 1275 577 θείας
1294 525 1497 584 ὑπεροχῆς
1516 529 1778 586 ἐξαι’ρετον,·5

270 599 394 638 τοῦτο
425 598 504 651 γὰρ
534 596 601 637 καὶ
636 591 876 651 ἀνθρώποις
898 594 1025 646 ἴξεστι
1050 603 1176 639 ποιεῖν
1204 596 1289 650 ἀεὶ,
1324 598 1391 639 καὶ
1423 595 1580 640 διδόναι
1608 596 1669 648 οἷς
1698 598 1749 642 ἄν

270 682 332 716 τις
353 664 489 708 ἐθέλοι
513 662 647 708 ὁπόσα
664 663 715 707 ἂν
729 668 811 707 τῶν
831 667 1094 723 προσκαίρων
1116 667 1182 708 καὶ
1206 664 1285 709 ὅσα
1303 670 1385 708 τῶν
1405 664 1638 721 κτισμάτων
1653 668 1750 710 ἐθέ-

229 740 347 779 moa.
394 733 495 784 θεὸς
524 729 598 777 οῦν
629 733 820 784 ἄκτιστος
848 734 1020 778 ἄκτιστα
1046 736 1179 791 διδοίη
1202 734 1253 779 ἂν
1275 735 1380 778 κατὰ
1403 735 1450 778 τὸ
1474 735 1589 787 εῗκός.
1637 739 1671 780 εἶ
1705 736 1754 780 δέ

270 822 331 854 τις
353 803 488 854 ἄλλως
509 804 644 847 ἐθέλοι
664 804 803 860 λέγειν,
831 803 1069 861 ἀπόβλητος
1090 804 1140 848 ἂν
1158 805 1217 861 εἴη
1235 803 1334 861 ἡμῖν
1352 806 1395 848 ἐκ
1415 803 1569 856 παντός
1587 823 1629 862 γε
1650 805 1751 863 τρό-

270 891 350 917 που
364 907 377 928 ,
409 872 485 916 κᾶν
505 873 683 930 οὐρανοῦ
701 878 832 928 βοῶσι
849 877 1045 931 βρονταὶ,
1084 874 1158 918 κᾶν
1179 882 1357 930 στοιχεῖα
1378 872 1514 918 πάντα
1537 874 1749 932 φωνήεντα
1763 881 1794 916 1(

272 941 536 987 καταστάντα
559 943 654 1000 λέγῃ
674 945 807 988 ταυτί.
881 936 975 1004 (B.)
1006 945 1132 1000 Ἐμοῦ
1163 945 1207 987 δὲ
1233 948 1317 987 τῶν
1346 943 1469 1001 ἁγίων
1495 947 1750 1001 προκομίζειν

275 1015 570 1070 ἐπιχειροῦντος
587 1013 663 1063 τὰς
684 1015 879 1068 βίβλους,
912 1016 1050 1058 ἐκεῖνοι
1069 1015 1176 1070 μηδὲ
1193 1014 1340 1071 μικρὸν
1358 1018 1457 1070 γοῦν
1480 1013 1763 1069 ἀνασχόμενοι-

277 1083 575 1138 ἐξανέστησαν,
614 1082 770 1139 πολλὴν
801 1085 902 1138 ἐμοῦ
942 1084 1207 1139 καταχέοντες
1233 1082 1383 1140 χλεύην
1411 1086 1478 1127 καὶ
1506 1082 1675 1127 πλεῖστά
1707 1102 1751 1127 τε

275 1153 457 1210 λέγοντες
477 1152 594 1210 ἕτερα
623 1154 690 1195 καὶ
718 1150 814 1206 „ufic
838 1150 1015 1196 ἀσύνετα
1035 1156 1139 1213 δρᾷς
1161 1154 1265 1196 κατὰ
1291 1157 1490 1206 σεαυτοῦ,
1523 1158 1752 1206 βασιλικοῖς

120 1227 162 1263 Ρ.
180 1226 251 1263 716
275 1220 561 1279 ἀντιπράττων
581 1220 907 1279 προστάγμασιν,
945 1223 1033 1274 ἐξὸν
1052 1221 1222 1266 ἐνδόντα
1242 1222 1579 1280 βραχῦμείζονος
1597 1222 1623 1277 ἦ
1645 1223 1749 1266 κατὰ
1764 1229 1794 1267 1έ

256 1292 350 1348 *τὴν
386 1293 482 1349 πρὶν
514 1290 735 1335 ἀπολαύειν
765 1291 970 1347 εὐμένειαν
980 1326 992 1346 ,
1026 1292 1069 1336 ἔκ
1099 1310 1142 1335 τε
1176 1293 1380 1347 βασιλέων
1407 1294 1474 1335 καὶ
1505 1295 1748 1347 βασιλίδων,

275 1363 343 1406 καὶ
370 1360 457 1417 ἅμα
481 1361 585 1418 πρὸς
605 1359 795 1416 πάντων,
835 1361 924 1406 ὅσοι
956 1380 998 1406 τε
1030 1366 1112 1406 τῶν
1146 1366 1423 1418 συγκλητικῶν
1453 1364 1519 1404 καὶ
1548 1360 1638 1405 ὅσοι
1668 1366 1751 1405 τῶν

275 1432 410 1481 ἄλλως
429 1429 603 1486 ἐχόντων
625 1433 768 1481 αἰδοῦς
789 1433 857 1474 καὶ
878 1436 1009 1488 τιμῆς.
1035 1433 1114 1474 καὶ
1133 1432 1207 1486 μὲν
1229 1431 1280 1487 δὴ
1301 1429 1545 1489 κεφάλαιον,
1572 1430 1748 1488 ἔφασαν,

216 1555 218 1557 ¹
275 1501 381 1545 ἴστω
405 1516 468 1544 σοι
495 1505 619 1544 τοῦτο
648 1505 731 1544 τῶν
762 1499 918 1557 λόγων,
958 1500 1014 1553 ῶς
1043 1502 1239 1556 ἐπιμένων
1266 1499 1398 1558 ταύτῃ
1421 1505 1473 1559 τῇ
1504 1499 1752 1558 σκληρότητι

273 1575 438 1615 πολλῶν
467 1571 541 1626 μὲν
574 1568 753 1628 στερήσῃ
785 1575 868 1614 τῶν
900 1570 1097 1627 ἀγαθῶν,
1141 1574 1303 1614 πολλῶν
1335 1571 1379 1613 δὲ
1406 1569 1641 1628 πειραθήσῃ
1668 1574 1794 1613 τῶνΞ(

276 1645 497 1699 λυπηρῶν·
535 1642 603 1683 καὶ
632 1639 719 1695 ἅμα
750 1644 832 1684 τῶν
862 1641 937 1695 μὲν
969 1646 1053 1685 σῶν
1083 1639 1212 1697 λόγων
1244 1639 1333 1684 ὅσοι
1365 1639 1432 1683 ἐπ.3
1465 1641 1678 1695 ἐκκλησίας
1711 1641 1752 1682 ἐν

237 1718 368 1762 Βταΐς
394 1714 477 1755 τῶν
501 1708 625 1767 ἁγίων
651 1707 999 1767 ἄναγινώσκονται
1026 1709 1232 1767 μνήμαις,
1261 1714 1343 1768 πῦρ
1373 1707 1600 1766 δαπανήσει
1630 1708 1753 1753 πολέ-

370 1814 426 1859 16.
450 1818 639 1868 εὐμενείας
657 1821 746 1857 coni.
768 1821 881 1869 Capp.
976 1825 1034 1860 20.
1059 1820 1261 1870 στερεθήσῃ
1281 1820 1370 1858 coni.
1387 1821 1499 1868 Capp-

277 1915 425 1959 ,‚Sancti
444 1921 543 1958 sunt,
568 1919 604 1951 et
621 1915 672 1950 sic
687 1916 755 1950 ista
772 1927 839 1950 non
862 1915 1041 1959 dixerunt3
1069 1916 1124 1951 vel
1147 1916 1215 1950 ista
1233 1915 1414 1957 dixerunt,
1439 1925 1482 1948 ac
1499 1911 1646 1958 proinde
1665 1912 1755 1946 San-

279 1962 328 1996 cti
349 1974 417 1996 uon
435 1969 525 1996 sunt.
572 1962 672 1998 Absit
689 1962 788 2005 enim,
813 1965 853 1996 ut
871 1962 1024 1997 dicamus
1046 1974 1214 2008 unquam,
1239 1974 1305 1996 non
1324 1974 1400 1996 esse
1424 1960 1526 1995 dubio
1556 1959 1674 2005 procul
1700 1959 1755 1993 in-

280 2012 419 2052 creata,
442 2012 512 2043 tum
531 2009 591 2044 illa
608 2009 717 2044 sancti
737 2009 890 2054 Spiritus
909 2010 1009 2051 dona,
1027 2021 1115 2056 quae
1136 2010 1231 2044 Deus
1251 2009 1348 2043 varie
1370 2005 1560 2048 distribuit,
1578 2010 1648 2040 tum
1672 2017 1755 2051 gra-

280 2054 350 2089 tias
369 2059 405 2089 et
422 2056 654 2101 operationes,
671 2067 756 2101 quas
777 2055 819 2090 ab
840 2055 928 2089 omni
951 2067 1036 2090 aevo
1065 2055 1232 2091 creaturis
1253 2055 1411 2100 largitur.
1458 2053 1549 2088 Nam
1571 2052 1601 2086 si
1621 2057 1756 2086 creatas

281 2113 340 2136 res
361 2101 436 2135 dari
456 2103 556 2137 etiam
575 2115 596 2137 a
617 2102 692 2137 Deo
710 2103 914 2144 fateremur,
939 2102 1021 2147 quid
1042 2103 1176 2148 egregii
1195 2108 1335 2148 praeter
1353 2105 1494 2135 caetera
1513 2103 1548 2134 et
1566 2098 1680 2134 eximii
1700 2098 1757 2132 di·-

282 2148 362 2182 vina
378 2148 537 2183 maiestas
552 2149 723 2184 haberet?
748 2148 825 2182 Hoc
842 2148 929 2183 enim
944 2150 1060 2184 facere
1079 2161 1212 2195 semper
1229 2148 1296 2194 ipsi
1313 2147 1463 2182 homines
1481 2151 1645 2192 possunt3
1663 2155 1758 2179 nem-

282 2205 330 2241 pe
352 2195 562 2239 quibuslibet
587 2197 670 2230 dare
692 2198 861 2241 quotquot
882 2196 1090 2241 temporaria
1117 2202 1152 2230 et
1180 2207 1404 2241 quaecunque
1439 2197 1558 2228 creata
1586 2191 1755 2237 quispiam

282 2240 442 2276 voluerit.
490 2242 586 2276 Deus
605 2242 746 2288 itaque,
768 2253 843 2275 cum
861 2241 907 2276 sit
924 2242 1109 2284 increatus,
1133 2254 1196 2288 par
1213 2247 1267 2276 est
1287 2246 1325 2276 ut
1338 2241 1492 2275 increata
1510 2238 1690 2283 largiatur.
1715 2237 1756 2271 Si

282 2287 364 2334 quis
384 2290 496 2322 autem
522 2289 621 2323 aliter
645 2288 739 2334 loqui
764 2288 870 2330 velit,
895 2289 986 2323 hunc
1006 2290 1094 2324 omni
1124 2300 1265 2334 prorsus
1295 2287 1430 2323 ratione
1454 2285 1647 2325 reiicimus,
1672 2284 1756 2318 licet

283 2334 444 2369 caelestis
461 2334 645 2369 tonitruum
666 2335 791 2369 clamor
811 2335 969 2371 audiatur
982 2361 992 2378 ‚
1016 2336 1100 2372 licet
1120 2336 1231 2370 omnia
1248 2345 1383 2380 quoque
1401 2334 1566 2367 elementa
1587 2331 1673 2365 fiant
1692 2342 1756 2364 vo-

283 2381 372 2416 calia
391 2384 428 2415 et
443 2381 577 2417 isthaec
599 2380 810 2426 proferant·⁷’
859 2382 944 2427 (Il.)
969 2384 1054 2418 Cum
1075 2394 1157 2417 vero
1182 2393 1234 2416 me
1253 2381 1467 2425 accingerem
1494 2378 1537 2413 ad
1558 2376 1756 2412 afferendos

281 2431 477 2462 sanctorum
506 2428 650 2463 Patrum
670 2427 795 2469 libros,
819 2428 872 2462 illi
901 2440 944 2464 ne
968 2430 1137 2464 tantillum
1164 2427 1300 2473 quidem
1323 2425 1535 2461 sustinuere:
1560 2423 1622 2477 sed
1640 2423 1757 2457 statim

283 2477 528 2516 surrexerunt,
552 2474 653 2509 valde
668 2485 722 2509 me
738 2474 942 2518 irridentes,
967 2481 1004 2511 et
1021 2477 1106 2510 haec
1125 2475 1216 2509 inter
1235 2473 1301 2508 alia
1319 2472 1464 2518 plurima
1482 2470 1564 2506 mihi
1583 2471 1756 2504 dixerunt.

283 2520 388 2563 „Nae
405 2525 445 2556 tu
456 2520 489 2563 ,''
510 2521 732 2567 inquiebant,
756 2523 1016 2567 „imprudenter
1042 2526 1078 2557 et
1097 2521 1301 2567 insipienter
1327 2519 1494 2554 adversus
1515 2519 1619 2552 temet
1644 2516 1756 2570 ipsum

285 2567 383 2612 agis,
407 2567 499 2613 quod
518 2567 749 2603 sanctionibus
769 2568 999 2614 imperatoriis
1015 2568 1183 2610 obsistas3
1211 2578 1285 2601 cum
1303 2566 1426 2601 liceret
1446 2564 1496 2610 (si
1516 2564 1617 2610 paulo
1635 2573 1758 2597 remis-

284 2613 355 2648 sior
383 2615 505 2660 esses)
540 2615 642 2660 longe
671 2614 833 2649 maiorem
865 2627 963 2660 quam
998 2621 1101 2650 antea
1125 2614 1388 2660 imperatorum,
1421 2610 1696 2657 imperatricum,
1720 2613 1758 2643 et

286 2659 432 2696 omnium
456 2661 651 2707 quicunque
670 2661 727 2695 vel
746 2661 911 2696 senatorii
932 2667 1012 2697 sunt
1039 2660 1190 2703 ordinis,
1216 2660 1272 2694 vel
1299 2659 1413 2705 aliqua
1437 2657 1607 2703 dignitate
1626 2655 1694 2689 alia
1721 2656 1759 2709 et

286 2706 417 2742 honore
449 2708 606 2754 fulgent,
637 2707 911 2742 benevolentiam
950 2708 1126 2754 consequi.
1184 2706 1366 2741 Caeterum
1390 2703 1568 2750 (aiebant)
1593 2712 1757 2736 sermonis

286 2754 396 2787 nostri
417 2766 545 2789 summa
560 2754 619 2790 illa
638 2754 706 2788 sit:
735 2753 766 2788 si
783 2753 833 2789 ita
853 2754 1045 2789 obstinatus
1066 2753 1315 2800 permanseris,
1339 2752 1520 2787 multorum
1539 2749 1676 2795 quidem
1694 2747 1758 2781 bo-

285 2809 405 2835 norum
430 2800 597 2837 iacturam
622 2800 753 2843 facies,
785 2800 893 2835 multa
916 2813 1000 2836 vero
1020 2801 1135 2836 tristia
1151 2799 1306 2845 malaque
1323 2797 1479 2833 habebis.
1524 2795 1643 2836 Adde,
1667 2792 1760 2839 quod

278 2857 460 2884 ,sermones
480 2851 560 2884 tuos
577 2858 713 2892 omum,
737 2847 797 2895 qui
817 2858 881 2894 per
903 2848 1012 2885 festos
1036 2848 1240 2884 Sanctorum
1265 2845 1340 2881 dies
1359 2844 1397 2880 in
1415 2843 1563 2880 ecclesia
1585 2841 1759 2887 leguntur.
