1794 3172
225 153 329 203 636
641 155 955 203 NICEPHORI
987 153 1310 199 GREGORAE

3 283 42 316 A.
61 281 105 315 M.
130 269 507 329 685οὄλιγανδρίαν·
544 269 610 312 καὶ
653 264 814 317 τούτοις
854 262 1078 321 ἐπιστήσας
1115 262 1378 322 στρατηγοὺς
1407 262 1604 323 Ἰωάννην
1632 266 1707 309 τὸν

46 329 115 362 Iud·
133 330 179 364 ¹⁰
214 340 405 398 ’Ἀγγελον
415 373 428 393 ,
465 340 532 382 καὶ
551 337 640 381 ὅσοι
661 336 774 395 αὐτῷ
795 333 1075 393 παραπλήσιοι
1096 333 1172 390 τήν
1193 351 1235 377 τε
1255 334 1451 389 πολέμιον
1473 343 1618 394 πεῖραν
1638 337 1708 378 καὶ

226 411 302 467 τὴν
332 414 406 454 τοῦ
433 408 573 466 γε’νους
600 403 707 463 ἦσαν
740 403 938 462 ἐγγύτητα
952 438 965 458 ,
1013 404 1088 460 τὴν
1108 408 1191 446 τῶν
1211 404 1405 447 ἐναντίων
1419 406 1567 448 *ἵστατο
1592 423 1706 462 περι-

185 481 359 537 Βμένων
379 479 541 535 ἔφοδον.
579 473 943 533 ἀντιπαρετάττετο
970 474 1044 529 μὲν
1073 473 1151 531 γὰρ
1176 474 1220 515 ἐκ
1243 473 1429 530 θατέρου
1454 475 1522 517 καὶ
1543 472 1706 517 ὃἈπό-

224 565 386 598 καυκος.
422 549 477 597 εἷς
499 544 642 603 χεῖρας
674 545 721 587 δ’
759 542 882 599 ὁμόσε
902 545 1002 586 ἴέναι
1021 545 1161 601 σφίσιν
1182 543 1230 586 οὗ
1247 541 1364 598 μάλα
1388 542 1566 599 ἐτόλμα,
1607 544 1736 594 τούς5

223 620 314 675 περὶ
336 617 408 660 τὸν
426 615 600 672 βασιλέα
628 614 790 670 βλέπων
813 612 982 663 ὁπλίτας
1016 613 1145 655 πολὺν
1177 612 1250 655 τὸν
1284 613 1326 655 ἓν
1359 617 1412 671 τῇ
1433 611 1548 671 μάχῃ
1566 613 1707 668 θυμὸν

225 687 424 736 πνέοντας
458 686 526 728 καὶ
567 684 656 739 ἅμα
684 684 760 739 τὴν
792 683 932 739 ψυχὴν
968 684 1010 733 ἐξ
1042 680 1312 739 ἀπογνώσεως
1334 681 1508 739 ἑτοίμως
1538 683 1710 738 ἔχοντας

229 756 404 814 ἀφιέναι.
446 752 549 813 (Γ.)
571 753 701 798 ’Ὀθεν
726 753 860 810 ἠρέμα
880 754 1130 810 συστραφεὶς
1151 749 1270 810 ἀπῄει
1291 754 1612 810 συντεταγμένος
1631 752 1707 809 τὴν

226 827 290 870 ἐπὶ
311 823 574 883 Τριβαλλοὺς
596 822 616 866 ὃ
637 823 843 878 βασιλεὺς,
875 826 950 865 τοῦ
971 821 1181 879 προδήλου
1201 826 1330 865 κακοῦ
1347 823 1395 865 τὸ
1415 821 1709 881 ἀμφισβητού-

96 908 352 953 Ρ.396μενον
381 891 664 952 προελόμενος.
713 897 796 935 τῶν
821 891 899 949 γὰρ
931 890 1178 949 ἀλλοφύλων
1209 893 1330 943 ἐνίοις
1364 892 1482 948 ἴσμεν
1511 891 1709 942 πολλάκις
1723 905 1766 941 10

207 965 301 1022 ’τὴν
330 966 374 1008 ἐκ
408 960 683 1022 περιστάσεως
709 959 894 1005 ἑκούσιον
930 962 1173 1020 καταφυγὴν
1205 963 1601 1020 δυσωπητικωτὲραν
1621 978 1709 1012 πως

98 1054 143 1089 ν,
154 1053 221 1092 321
233 1033 446 1094 γινομένην
476 1032 578 1090 πρὸς
609 1030 767 1084 οἶκτον,
816 1031 973 1086 νέμεσιν
1003 1032 1101 1082 ἴσως
1133 1029 1285 1075 δεδιόσι
1327 1030 1460 1088 δήπου
1493 1032 1710 1090 θειοτέραν

231 1106 299 1149 καὶ
332 1104 598 1160 ἀνθρωπίνην
627 1103 756 1144 αῗδῶ·
802 1100 828 1157 ἢ
859 1099 982 1158 φύσιν
1012 1099 1248 1160 ἀπόρρητον
1279 1101 1356 1157 ἔχει
1387 1102 1502 1156 τινὰ,
1550 1103 1711 1145 πείθειν

233 1174 332 1225 τοὺς
355 1173 568 1222 πλείστους
590 1169 803 1214 ὃπώσποτε
820 1171 1089 1228 δυναμένην,
1128 1172 1227 1222 τούς
1254 1170 1621 1229 προηυτυχηκότας
1649 1173 1712 1215 οῗ-

230 1243 422 1302 κτείρειν,
454 1241 553 1285 ὅταν
577 1239 597 1284 ὃ
618 1242 710 1296 βίος
730 1241 870 1291 αὐτοῖς
896 1242 936 1291 ἒς
956 1241 1151 1284 τάναντία
1179 1240 1377 1300 χωρήσῃ,
1416 1244 1483 1285 καὶ
1504 1242 1563 1298 μὴ
1583 1243 1625 1285 ἓν
1650 1245 1709 1300 τῷ
1724 1255 1767 1291 15

229 1312 504 1373 φθονουμένῳ
534 1315 608 1368 τῆς
636 1308 761 1367 τύχης
782 1308 1034 1362 ἀσαλεύτους
1053 1311 1123 1369 ἔχῃ
1146 1312 1222 1362 τὰς
1252 1309 1387 1370 ἅβρας
1408 1314 1622 1369 κρηπῖδας.
1660 1311 1710 1354 τὸ

197 1383 285 1434 Βδ’
323 1380 533 1440 ὁμόφυλον
543 1414 557 1434 ,
595 1379 706 1432 ἅπαξ
741 1385 815 1423 τοῦ
847 1378 1002 1432 εἰκότος
1034 1381 1288 1440 ἀπορραγὲν,
1337 1380 1560 1439 ἀνήκεστον
1582 1379 1639 1432 ὥς
1658 1380 1712 1425 τὰ

236 1452 372 1496 πολλὰ
410 1452 661 1494 καθίσταται
701 1450 804 1507 πρὸς
840 1450 964 1508 ὀργὴν
1004 1453 1071 1494 καὶ
1096 1450 1220 1507 χύσιν
1259 1452 1435 1507 αἰζιιατος
1474 1456 1706 1508 συγγενοῦς.

239 1520 334 1582 (Δ.)
371 1523 543 1580 Σπουδῇ
565 1522 702 1563 τοίνυν
733 1520 807 1576 τὴν
835 1518 978 1578 πρόσω
1019 1521 1168 1574 διαβὰς
1200 1523 1368 1579 πορείαν
1399 1523 1484 1565 ε’κεῖ
1509 1539 1589 1565 που
1621 1522 1714 1578 περὶ

233 1584 332 1642 τοὺς
353 1590 501 1648 ὅρους,
541 1589 613 1640 οὓς
645 1588 672 1646 ἦ
699 1591 955 1647 κακοπραγία
979 1588 1192 1646 Ῥωμαίων
1219 1591 1450 1650 ἀφελομένη
1486 1591 1712 1650 παρέσχετο
1724 1606 1770 1642 20

238 1664 513 1718 Τριβαλλοῖς,
551 1659 627 1715 τὴν
653 1657 781 1702 νύκτα
813 1664 952 1702 πᾶσαν
983 1660 1207 1716 ηὐλίσατο,
1256 1663 1380 1705 ἐκεῖνο
1413 1661 1462 1705 τὸ
1491 1663 1712 1705 Λεωνίδου

236 1735 311 1774 τοῦ
333 1726 622 1788 Σπαρτιάτου,
661 1733 734 1772 τοῦ
752 1730 794 1771 ἓν
819 1728 1121 1787 Θερμοπύλαις,
1159 1730 1265 1789 πρὸς
1287 1731 1386 1782 τούς
1409 1733 1581 1781 οἰκείους
1600 1730 1715 1774 ἀντι-

202 1796 432 1860 (ςστρόφως
455 1796 757 1857 φθεγξάμενος·
776 1801 927 1854 »δεῦτε
953 1798 1246 1857 δειπνήσωμεν,
1269 1802 1340 1845 ἵνα
1363 1801 1405 1845 ἓν
1424 1800 1528 1864 ᾅδου
1542 1798 1715 1860 ἀριστή-

238 1935 319 1980 pter
348 1933 516 1969 hominum
550 1933 777 1979 paucitatem3
810 1934 914 1972 duces
935 1934 979 1970 iis
1005 1934 1166 1983 praeficit
1201 1934 1361 1972 Ioannem
1384 1935 1551 1982 Angelum
1585 1947 1717 1981 eosque

239 1992 368 2024 omnes,
401 1980 461 2026 qui
489 1981 633 2026 proximi
652 1988 724 2016 tum
751 1983 803 2018 rei
830 1983 976 2018 bellicae
999 1983 1233 2029 experientia,
1266 1988 1338 2018 tum
1365 1982 1570 2028 cognatione
1601 1988 1716 2017 erant.

239 2025 374 2061 Deinde
395 2026 542 2061 bostium
568 2028 750 2064 adventum
772 2029 928 2064 immotus
949 2035 1141 2077 exspectat.
1188 2030 1305 2065 Aciem
1328 2030 1415 2064 enim
1437 2041 1480 2065 ex
1497 2029 1642 2064 adverso
1660 2029 1718 2063 in-

239 2074 400 2107 struebat
421 2079 457 2107 et
480 2077 698 2119 Apooaucus:
733 2087 866 2111 manum
894 2081 1007 2111 autem
1037 2089 1111 2112 cum
1137 2077 1205 2112 illis
1233 2089 1415 2112 conserere
1444 2088 1512 2111 non
1538 2076 1716 2111 admodum

240 2118 409 2162 audebat,
442 2131 515 2154 cum
541 2121 675 2155 videret
700 2134 772 2166 eos,
801 2122 860 2169 qui
885 2124 1125 2169 imperatorem
1142 2125 1264 2158 armati
1281 2124 1567 2165 circumstabant,
1590 2123 1715 2158 bellico

240 2165 365 2200 ardore
403 2166 520 2212 plenos
545 2171 581 2201 et
605 2180 646 2201 eo
673 2169 832 2203 redactos
870 2170 1132 2216 desperatione,
1175 2176 1215 2205 ut
1241 2171 1285 2205 ad
1308 2171 1548 2205 effundendam
1573 2170 1716 2204 animam

240 2212 354 2267 parati
382 2217 506 2247 essent.
552 2214 652 2258 (ΙΙΙ.)
674 2215 843 2250 Paulatim
870 2216 988 2263 itaque
1017 2229 1205 2252 conversus
1240 2217 1429 2263 imperator
1462 2217 1506 2251 ad
1540 2217 1716 2251 'tribanos

239 2261 411 2293 mstructa
431 2259 504 2293 acie
535 2272 610 2294 sese
634 2261 704 2295 reci
730 2262 844 2305 iebat,
868 2264 955 2298 malo
978 2264 1130 2299 evidenti
1158 2265 1359 2310 praeferens
1386 2264 1509 2299 malum
1536 2264 1716 2298 incertum.

240 2303 295 2340 Ad
318 2308 478 2340 'externas
497 2306 584 2340 enim
613 2317 698 2351 quas
725 2319 777 2342 am
797 2314 917 2353 gentes
941 2310 999 2356 qui
1027 2312 1064 2345 in
1092 2311 1287 2346 calamitate
1315 2316 1438 2357 sponte
1463 2322 1524 2345 sua
1550 2310 1718 2355 confuge-

239 2351 332 2393 rint,
357 2363 472 2386 eorum
493 2352 716 2388 conditionem
737 2354 914 2399 plurimum
939 2357 1065 2392 scimus
1083 2358 1234 2392 valuisse
1258 2369 1500 2403 saepenumero
1521 2357 1565 2391 ad
1583 2356 1719 2390 miseri-

241 2397 392 2433 cordiam
415 2409 457 2433 ex
473 2398 682 2433 verecundia
699 2400 931 2437 excitandam:
958 2415 1033 2438 cum
1052 2404 1134 2439 illae
1154 2405 1312 2439 nationes
1334 2409 1536 2439 vererentur
1568 2404 1719 2437 fortasse

240 2447 278 2480 et
295 2443 442 2479 divinam
467 2444 735 2490 indignationem
748 2471 758 2487 ‚
780 2451 816 2481 et
838 2448 1120 2485 existimationem
1142 2451 1331 2493 hominum,
1357 2462 1446 2497 quae
1462 2451 1530 2485 vim
1547 2449 1719 2495 quandam

239 2501 398 2525 arcanam
418 2491 524 2526 habet
542 2491 771 2536 persuadendi
790 2493 962 2540 plerisque
983 2497 1099 2531 nescio
1120 2497 1300 2544 quomodo,
1324 2503 1364 2532 ut
1382 2509 1508 2538 eorum,
1533 2497 1595 2542 qui
1616 2501 1720 2531 antea

237 2535 438 2580 floruerint,
460 2538 709 2580 misereantur3
743 2542 814 2573 tum
833 2540 1014 2584 videlicet,
1047 2555 1124 2578 cum
1148 2544 1259 2579 relata
1281 2548 1334 2578 est
1355 2549 1449 2579 retro
1470 2544 1628 2585 fortuna,
1652 2555 1718 2578 nec

238 2583 383 2628 gradum
400 2583 551 2619 invidiae
570 2584 751 2619 obnoxium
771 2585 907 2621 immota
925 2590 1048 2631 tenuit,
1067 2591 1261 2625 tenerrimis
1279 2591 1361 2625 talis
1378 2589 1465 2625 male
1483 2591 1580 2624 fulta.
1612 2590 1720 2624 Cives

238 2633 374 2684 autem,
397 2630 578 2684 ubi-semel
597 2631 651 2665 fas
673 2631 854 2677 abruptum
873 2638 945 2677 est,
968 2635 1202 2682 implacabiles
1223 2642 1264 2671 ut
1281 2637 1461 2682 plurimum
1486 2636 1659 2678 existunt,
1683 2636 1721 2670 in

237 2685 325 2710 nram
343 2687 383 2712 ac
402 2675 525 2711 ciwum
547 2677 686 2712 caedem
701 2677 814 2714 effusi.
861 2681 962 2725 (lv.)
986 2683 1174 2718 Celerrime
1192 2684 1311 2729 itaque
1328 2683 1480 2729 spatium
1503 2683 1722 2717 interiectum

236 2732 313 2756 cum
329 2723 608 2765 transcurrisset,
634 2723 726 2759 cirea
746 2725 853 2760 ferme
872 2726 950 2761 illos
973 2727 1080 2771 fines,
1104 2741 1189 2776 quos
1211 2731 1355 2765 adversa
1377 2730 1516 2765 fortuna
1544 2731 1721 2775 ademptos

238 2767 402 2804 Romanis
418 2769 462 2804 ad
481 2769 656 2805 Triballos
674 2772 917 2815 transtulerat,
944 2786 1006 2819 per
1026 2780 1132 2810 totam
1151 2781 1376 2811 commoratus
1392 2782 1447 2811 est
1464 2781 1610 2818 noctem,
1635 2775 1723 2810 illud

239 2814 417 2851 Leonidae
439 2816 622 2862 Spartani,
657 2817 715 2862 qui
744 2819 789 2852 ad
810 2818 1059 2867 Thermopylas
1087 2823 1278 2867 pugnavit,
1311 2824 1402 2868 apud
1430 2823 1616 2858 familiares
1639 2834 1722 2856 auos

238 2871 428 2908 usurpans,
452 2874 619 2900 converso
642 2864 823 2900 verborum
843 2866 974 2904 ordine.
1021 2869 1181 2912 „Adeste
1211 2870 1269 2906 hic
1285 2881 1489 2913 coenemuS,
1512 2874 1552 2905 ut
1572 2869 1610 2904 in
1627 2869 1722 2904 Orco
