1794 3172
271 132 374 196 966
670 153 988 199 NICEPHORI
1011 152 1338 199 GREGORAE

49 274 88 306 Α.
106 274 150 307 Μ.
168 273 261 311 6859
272 262 461 322 ἀγνοίας,
501 260 692 323 καθάπερ
713 265 781 307 καὶ
802 264 1008 322 στρουθοὶ
1026 265 1095 308 καὶ
1116 261 1259 321 ἲχθῦες
1284 264 1422 327 ῥᾷστα
1448 273 1542 319 ταῖς
1563 272 1647 312 τῶν
1667 272 1754 325 θη-

106 320 213 358 lnd.4
271 338 428 393 ρευτῶν
456 332 694 379 ἁλίσκονται
729 336 916 391 παγίσιν,
956 332 1132 393 ὁρῶντες
1156 336 1232 390 μὲν
1265 335 1340 379 τὸν
1372 334 1521 392 δόλον,
1558 337 1608 381 οὔ
1628 355 1753 381 συνο-

271 408 422 462 ρῶντες
454 405 499 447 δὲ
528 404 604 461 τὴν
636 403 752 447 ἔνδον
772 404 985 462 μηχανὴν,
1021 406 1088 448 καὶ
1124 409 1183 465 τῷ
1210 406 1286 460 μὲν
1311 404 1420 465 δόλῳ
1451 404 1752 465 προσφύονται,

268 478 321 531 τῇ
340 471 582 532 ὑποκειμένῃ
605 474 650 517 δὲ
672 474 908 530 συνέχονται
928 478 1108 533 μηχανῇ.
1156 475 1226 518 διὰ
1254 475 1307 532 δὴ
1336 480 1470 519 ταῦτα
1498 478 1566 519 καὶ
1594 476 1753 533 γέλωτα

267 542 531 600 ὀφλισκάνων
569 546 732 604 μειδιᾷν
759 546 835 600 μὲν
866 549 926 603 τῷ
958 543 1169 604 προσώπῳ
1199 547 1315 589 δοκεῖ
1337 547 1404 593 καὶ
1437 545 1584 599 αὐτὸς,
1620 546 1780 589 δεινόνό

268 613 314 655 δ’
340 614 382 655 ἐν
408 615 559 674 καρδία
578 616 645 657 καὶ
669 616 824 665 παντὸς
846 613 1002 672 ἡγεῖται
1023 614 1214 659 θανάτου
1231 617 1391 670 μεῖζον·
1429 617 1496 658 καὶ
1521 615 1596 672 τὴν
1621 609 1751 671 ἧτταν

229 683 312 734 Ὲὲξ
330 682 530 739 ἀληθείας
559 682 844 742 καρπούμενος
876 686 1107 743 διαπριέται
1133 683 1212 728 ὑπ’
1246 685 1393 742 ὀργῆς·
1426 686 1492 728 καὶ
1517 683 1753 740 ἀμύνεσθαι

263 751 517 810 βουλόμενος
534 755 632 809 μὲν,
673 754 720 797 οὗ
742 753 971 810 δυνάμενος
992 756 1061 808 δὲ,
1098 753 1292 812 καθάπερ
1314 757 1371 805 εἷς
1393 754 1550 798 ἀσπίδα
1579 756 1646 797 καὶ
1669 761 1753 797 τεΐα

251 840 339 879 ,χος
366 822 612 881 καταφεύγει
643 824 715 867 τὸν
739 825 940 879 βασιλέα,
979 823 1096 881 μάλα
1125 830 1330 883 θρασεῖαν
1351 826 1420 868 καὶ
1442 822 1749 880 διαβάλλουσαν

265 891 513 951 ἐπαγόμενος
546 898 760 951 γλῶτταν·
810 897 878 938 καὶ
909 893 1066 939 οὗτωσί
1091 913 1203 948 πως,
1248 895 1374 938 οἱονεί
1408 912 1486 938 τινι
1525 896 1746 953 πανοπλίᾳ,
1763 902 1794 935 1(

265 968 317 1022 τῇ
335 967 529 1021 βασιλικῇ
549 961 867 1020 καταχρώμενος
888 965 1111 1027 amenta,
1144 972 1231 1015 τοῖς
1258 968 1423 1008 νικῶσιν
1446 964 1750 1023 ἀντιπεριξστξὶν

113 1037 154 1072 P.
173 1037 243 1075 607
265 1033 341 1089 τὴν
362 1027 493 1090 ἧτταν
514 1034 629 1076 δοκεῖ
635 1048 644 1057 ·
682 1033 875 1092 καθάπερ
897 1035 951 1078 τὰ
971 1035 1134 1093 βρέφη,
1174 1033 1278 1092 ἅπερ
1301 1032 1423 1078 ὁπότε
1452 1041 1542 1084 ταῖς
1573 1037 1656 1076 τῶν
1676 1050 1749 1089 γο-

264 1103 367 1147 νέων
393 1104 534 1160 χερσὶν
561 1100 786 1159 ἀνεχόμενα
826 1111 915 1156 τοῖς
945 1103 1211 1161 οἱοισδήτισιν
1245 1104 1410 1148 ἀστείου
1443 1102 1564 1161 χάριν
1593 1100 1751 1160 ἀνδρά-

266 1189 332 1216 σιν
364 1173 680 1231 ἒπιρῥιπτεῖται,
711 1175 846 1232 χαίρει
874 1192 919 1218 τε
949 1177 1018 1218 καὶ
1047 1173 1133 1218 οἷον
1165 1172 1434 1231 ἓπαγάλλεται
1454 1178 1505 1231 τῇ
1526 1175 1642 1230 νίκῃ,
1681 1173 1750 1215 καὶ

265 1242 342 1293 τὰς
368 1249 510 1300 χεῖρας
539 1243 753 1301 ἓπικροτεῖ.
801 1244 875 1288 τὸν
905 1245 985 1303 γὰρ
1014 1244 1141 1288 αὐτὸν
1175 1245 1243 1287 καὶ
1282 1238 1403 1294 οὗτος
1433 1241 1589 1301 τρόπον
1618 1246 1747 1285 ποιῶν
1761 1250 1794 1284 15

265 1310 327 1363 ὡς
349 1312 421 1370 ἐφ’
444 1310 793 1370 ὁμολογουμέναις
821 1322 912 1366 ταῖς
929 1317 1058 1365 νίκαις
1080 1318 1251 1374 σκιρτᾷ,
1286 1315 1353 1356 καὶ
1383 1312 1456 1356 οὐκ
1477 1314 1650 1355 αἰδεῖται
1673 1329 1748 1367 νη-

264 1379 399 1438 πιώδη
421 1380 750 1438 μνηστευόμενος
770 1382 905 1444 ἑαυτῷ
928 1382 1198 1441 καυχήματα,
1240 1385 1308 1425 καὶ
1331 1381 1399 1426 οἷα
1421 1381 1497 1425 κᾶν
1523 1389 1620 1432 παῖς
1644 1383 1749 1438 δρα-

260 1456 372 1508 χμῆς
399 1453 443 1495 ἐκ
473 1457 547 1508 τῆς
578 1451 814 1511 ὀρχήστρας
838 1453 865 1510 ’ἢ
897 1454 1049 1508 ὀβολοῦ
1080 1455 1287 1511 πρίασθαι
1315 1453 1568 1508 αἰσχυνθείη.
1614 1449 1747 1508 γράμ-

224 1529 368 1576 Βμασι
391 1521 470 1579 γὰρ
491 1522 636 1578 σχεδὸν
663 1521 926 1568 παντάπασιν
955 1524 1203 1580 ἀνομίλητον
1230 1521 1426 1580 εὑρίσκων
1458 1521 1584 1565 αὐτὸν
1619 1521 1749 1571 ἄλλας

111 1601 159 1637 V.
174 1598 243 1638 491
268 1609 310 1634 τε
337 1593 482 1648 τίθησι
501 1590 763 1646 συσκευάζων
785 1594 984 1649 διαβολὰς
1002 1596 1069 1637 καὶ
1089 1593 1224 1654 ῥᾷστα
1247 1594 1494 1646 δεδίττεται,
1537 1592 1794 1645 βασιλείαςὲ(

263 1659 619 1719 προφασιζόμενος
640 1663 852 1718 κίνδυνον,
889 1667 923 1707 εἲ
941 1661 1256 1721 ἐπικρατέστερά
1280 1679 1367 1713 πως
1392 1661 1443 1705 τὰ
1464 1665 1547 1705 τῶν
1580 1660 1746 1703 ἀντιθέ-

262 1748 346 1775 των
369 1731 509 1788 λογικά
521 1730 802 1790 προβλήματα
817 1734 971 1790 γένοιτο
987 1749 997 1758 ·
1023 1736 1090 1777 καὶ
1114 1732 1223 1777 οὕτω
1237 1731 1480 1792 κατεπᾴδων
1505 1732 1572 1774 καὶ
1594 1733 1746 1788 παρεξ-

263 1799 374 1858 άγων
408 1801 462 1845 τὰ
496 1796 584 1845 ὦτα
615 1804 808 1858 διηνεκῶς
826 1819 834 1827 “
855 1803 991 1864 ῥᾷστα
1020 1803 1124 1860 πρὸς
1160 1803 1208 1846 τὸ
1250 1801 1503 1858 βουλόμενον
1538 1800 1616 1855 ἔχει
1647 1817 1746 1843 συν-

264 1868 557 1928 εφελκόμενον·
595 1871 768 1915 κᾶπειτα
803 1874 908 1928 μετὰ
936 1871 1093 1930 γαύρου
1132 1874 1199 1916 καὶ
1230 1870 1437 1929 μετεώρου
1473 1870 1640 1927 περιϊών
1669 1874 1745 1912 τοῦ

231 1938 411 1996 Οῆθους
439 1942 508 1983 καὶ
535 1945 612 1983 τοῦ
643 1939 910 2000 φρονήματος
947 1942 1046 1999 ὅλην
1069 1943 1135 1984 ἐπὶ
1165 1946 1241 1998 τῆς
1264 1939 1421 1999 ὀφρύος
1451 1939 1579 1984 οἴεται
1609 1939 1794 1998 φέρεινὲε

265 2036 326 2083 qui
348 2036 583 2074 insidiantium
605 2039 738 2086 laqueis
759 2040 862 2076 facile
883 2040 1109 2083 irretiuntur,
1146 2044 1183 2074 et
1206 2052 1280 2075 cum
1304 2050 1417 2074 escam
1439 2037 1600 2081 videant,
1633 2039 1746 2073 laten-

264 2088 334 2118 tem
357 2083 453 2118 intus
477 2085 611 2121 hamum
635 2098 702 2122 non
725 2087 865 2129 vident,
891 2087 1069 2134 adeoque,
1093 2099 1175 2122 esca
1199 2087 1438 2134 apprehensa,
1465 2087 1565 2121 hamo
1590 2086 1745 2120 subiecto

263 2130 467 2165 attinentur.
523 2133 753 2173 Quamobrem
783 2134 873 2176 iste,
908 2145 984 2169 cum
1008 2134 1190 2176 irridetur,
1222 2135 1322 2168 vultu
1347 2132 1487 2179 quidem
1510 2133 1585 2178 ipse
1609 2144 1745 2178 quoque

262 2176 445 2211 subridet:
469 2180 505 2212 at
529 2190 644 2214 secum
668 2181 778 2214 tacite
800 2180 1019 2226 indignatur,
1046 2187 1082 2216 et
1104 2181 1225 2227 quavis
1250 2185 1360 2216 morte
1384 2179 1484 2226 peius
1506 2180 1543 2214 id
1568 2179 1684 2221 ducit,
1710 2182 1746 2214 et

263 2223 415 2258 veritate
439 2222 515 2269 ipsa
538 2225 651 2260 victus
685 2238 773 2273 prae
805 2227 860 2262 ira
884 2228 1128 2275 disrumpitur3
1152 2233 1223 2263 tum
1247 2227 1369 2262 ulcisci
1393 2227 1503 2272 cupit,
1527 2238 1591 2261 nec
1607 2230 1746 2272 potest;

264 2269 413 2315 ideoque
435 2269 637 2307 insolentem
669 2277 705 2308 et
727 2274 922 2309 maledicam
947 2274 1097 2320 linguam
1132 2287 1246 2309 secum
1280 2274 1432 2308 afferens
1465 2274 1509 2308 ad
1542 2273 1746 2318 principem,

264 2322 428 2362 tanquam
457 2317 502 2351 ad
526 2317 683 2364 clypeum
706 2324 767 2355 aut
789 2320 833 2355 ad
859 2322 1173 2368 propugnaculum,
1209 2321 1374 2366 confugit.
1429 2320 1490 2354 Sic
1522 2319 1746 2365 imperatoria

263 2363 473 2400 auctoritate
496 2364 593 2399 velut
615 2366 762 2412 quadam
785 2372 958 2402 armatura
989 2369 1160 2404 abutendo
1193 2372 1295 2414 putat
1319 2379 1356 2401 se
1379 2378 1547 2402 conversa
1579 2365 1656 2400 vice
1690 2365 1745 2399 vi-

265 2414 397 2445 ctorem
421 2422 464 2445 ex
487 2411 581 2446 victo
606 2413 793 2448 exsistere:
819 2414 936 2449 itidem
960 2420 998 2450 ut
1020 2415 1261 2462 infantem-qui
1285 2419 1465 2460 parentum
1487 2413 1645 2448 manibus
1663 2413 1745 2446 sub-

263 2457 394 2500 levati,
421 2461 457 2492 et
478 2457 515 2492 in
538 2459 659 2493 obvios
684 2471 838 2506 quosque
860 2473 922 2506 per
947 2461 1058 2497 iocum
1080 2462 1249 2503 iactitati‚
1277 2462 1431 2507 gaudent
1454 2464 1492 2495 et
1515 2460 1611 2495 velut
1633 2458 1745 2494 victo-

262 2503 316 2539 ria
347 2504 520 2540 exsultant
549 2509 586 2540 et
616 2517 735 2541 manus
767 2509 996 2553 complodunt.
1061 2509 1151 2543 Nam
1185 2513 1220 2543 et
1250 2508 1321 2543 iste
1354 2507 1474 2543 codem
1497 2507 1617 2547 modo,
1648 2505 1744 2540 velut

264 2550 408 2585 omnium
433 2551 646 2587 confessione
667 2553 780 2588 victor
803 2555 1010 2598 declaratus,
1035 2555 1198 2598 exsultat,
1221 2566 1287 2590 nec
1309 2555 1481 2590 erubescit
1502 2552 1643 2600 puerilis
1667 2551 1744 2596 glo·
1777 2560 1789 2576 ⁸

264 2597 374 2632 riolae
404 2602 602 2634 ornamenta
632 2599 809 2635 ambitiose
839 2601 1028 2645 affectare,
1057 2602 1174 2658 qualia
1206 2603 1261 2637 vel
1294 2601 1598 2655 adolescentulum·
1614 2601 1745 2645 pudeat

265 2643 426 2679 drachma
449 2650 510 2681 aut
532 2645 632 2682 obolo
664 2658 706 2681 ex
738 2647 915 2683 orchestra
938 2661 1093 2684 mercarl.
1140 2649 1335 2684 Literarum
1363 2649 1490 2695 quippe
1511 2658 1645 2682 ommno
1670 2646 1744 2679 fere

264 2690 385 2726 rudem
419 2696 541 2727 nactus
573 2697 641 2728 tum
665 2693 751 2728 alias
776 2694 963 2729 calumnias
987 2696 1187 2741 confingit,
1205 2701 1276 2731 tum
1300 2697 1392 2731 illum
1421 2694 1580 2730 facillime
1603 2692 1744 2727 territat

265 2748 308 2771 ea
330 2738 486 2781 ratione,
511 2739 605 2785 quod
627 2740 819 2787 periclitari
842 2741 1023 2787 imperium
1047 2743 1163 2786 dicat,
1189 2744 1219 2778 si
1243 2743 1521 2778 adversariorum
1545 2742 1745 2785 argumenta

262 2782 334 2818 ullo
357 2785 455 2820 modo
479 2787 712 2832 praevaleant.
766 2787 822 2822 Ita
844 2788 924 2823 dum
948 2789 1022 2824 eius
1049 2801 1153 2825 aures
1172 2791 1247 2825 sine
1270 2790 1338 2824 fine
1362 2790 1518 2824 incantat
1541 2791 1576 2822 et
1600 2784 1743 2831 decipit,

264 2841 339 2864 eum
365 2843 573 2879 quocunque
603 2835 678 2870 vult
701 2834 861 2870 facillime
884 2836 1131 2882 obsequentem
1163 2837 1282 2872 trahit.
1339 2837 1454 2871 Ferox
1478 2834 1603 2869 deinde
1626 2837 1662 2866 et
1685 2842 1745 2864 su-

263 2877 393 2923 perbus
416 2878 600 2925 incedens,
632 2881 822 2929 animisque
845 2881 980 2925 elatus,
1014 2887 1124 2921 totam
1155 2895 1194 2920 se
1228 2884 1420 2919 arbitratur
1442 2883 1537 2918 ferre
1558 2876 1742 2927 supercilio
