1754 3164
571 204 1048 250 ANNOTATIONES.
1430 202 1561 251 1289

27 305 272 359 patriarcha.
327 306 460 360 Atque
479 308 584 348 illud
607 315 667 349 est
688 310 924 362 Concilium,
947 310 998 350 de
1019 324 1100 364 quo
1122 311 1319 363 Gregoras
1342 309 1561 367 (Historiae

28 363 99 403 lib.
119 365 231 409 XIX.
251 377 339 416 cap.
362 365 390 404 l.
415 380 457 407 n.
478 365 564 433 18)
596 374 775 408 veterem
801 369 857 408 ait
874 369 1019 408 famam
1044 369 1341 422 percrebuisse,
1369 376 1561 423 tanquam

27 419 225 460 haeresim
249 422 426 461 omnium
451 425 662 463 maximam
683 432 936 476 convectum,
968 425 1196 478 coactisque
1225 440 1276 465 ex
1297 427 1406 466 omni
1435 442 1562 481 paene

28 478 126 517 orbe
150 477 394 532 patriarchis
411 487 451 520 et
480 482 678 535 episcopis
702 483 834 522 octavi
861 490 901 523 et
925 483 1060 522 ultimi
1090 483 1260 522 Concilii
1280 497 1425 524 nomen
1446 484 1561 524 habi-

26 542 138 575 turo.
197 535 345 576 Tamen
365 537 531 577 Ioannes
560 539 850 592 Cyparissiotes
873 540 1162 580 Palamicarum
1188 541 1560 592 Transgressionum

26 593 98 633 lib.
121 594 151 631 Ι.
176 607 294 632 serm.
317 594 381 634 IV.
404 609 489 648 cap.
516 595 558 637 4.
591 597 692 636 duos
722 603 875 636 tantum
906 604 946 636 et
972 597 1113 649 viginti
1135 598 1343 649 pontifices
1367 599 1560 639 adversus

26 651 227 690 Palamam
258 651 430 692 coivisse
460 659 638 694 testatur.
699 655 755 693 De
782 661 985 708 tempore,
1016 669 1098 707 quo
1129 668 1175 694 ea
1204 655 1392 708 Synodus
1422 655 1561 695 habita

25 707 108 757 sit,
151 721 231 745 non
263 709 382 761 plane
412 717 581 751 constat.
639 711 721 762 Ego
750 711 927 751 habitam
967 718 1070 765 puto
1107 713 1269 752 circiter
1308 727 1371 753 an.
1410 713 1561 753 Christi

25 764 286 805 MCCCXLV.
345 767 461 806 Certe
484 782 569 806 eam
589 775 682 807 ante
697 769 798 808 illud
819 776 977 822 tempus
1000 775 1181 808 coactam
1203 769 1311 809 haud
1331 771 1454 810 fuisse
1477 772 1562 810 col-

25 822 167 873 ligitur
189 835 241 860 ex
260 822 388 875 ipsius
409 825 593 864 Palamae
612 825 767 876 verbis,
797 840 900 879 quae
922 833 1079 866 exstant
1106 827 1204 866 Cod.
1226 829 1319 879 Reg.
1341 829 1465 870 2409.
1485 829 1560 873 sol.

26 882 124 921 299.
142 878 210 917 ubi
231 879 290 918 ait
318 895 361 920 se
382 882 752 936 περικεκλεισμένον
772 883 838 925 ἐπὶ
861 883 979 925 δυσιν
997 882 1106 932 ὅλοις
1125 883 1322 933 ἐνιαυτοῖς
1342 882 1443 937 ἤδη·
1473 891 1560 925 tum

25 935 127 975 haec
154 936 280 986 addit,
310 934 433 980 πόσοι
462 938 506 980 δὲ
533 937 706 989 ποσάκις
732 939 830 995 πρὸς
860 936 986 982 αὕτον
1016 941 1222 995 (Ioannem
1252 941 1409 981 scilicet
1436 943 1562 995 patri·

27 992 209 1049 archam)
241 991 354 1036 εἶπόν
381 1011 423 1037 τε
450 996 518 1038 καὶ
548 1011 784 1066 γεγραφασι,
817 998 854 1039 εἰ
880 996 936 1051 μή
967 1014 1039 1046 τας
1067 1000 1252 1054 μεγίστας
1279 999 1434 1047 ἐκείνας
1464 1013 1559 1040 συν-

25 1047 146 1099 ὁδους
175 1050 368 1106 στέργεις,
408 1053 588 1107 γενέσθω
616 1052 740 1096 πάλιν
780 1055 916 1109 ἑτέρα,
967 1050 1098 1108 μόνον
1127 1055 1170 1097 ἐκ
1203 1059 1284 1097 τῶν
1313 1056 1469 1097 ἱκανων
1507 1054 1558 1097 τοὶ

25 1111 191 1149 τοιαῦτα
228 1113 419 1167 συνορᾶν.
468 1110 494 1153 o‘
525 1110 570 1153 δὲ
604 1112 672 1153 καὶ
710 1112 867 1161 ἐκείνας
903 1112 1006 1183 ᾳζησὶ
1044 1112 1241 1168 στέργειν,
1287 1113 1356 1153 καὶ
1393 1111 1465 1154 τόν
1493 1109 1560 1155 ἐπ’

26 1165 198 1215 ἐκείναις
231 1167 503 1237 γεγραμμένον
530 1165 653 1239 τόμον
689 1166 851 1211 οἷθετεῖν
880 1186 935 1222 μη
978 1166 1204 1211 δύνασθαι·
1245 1170 1316 1210 καὶ
1346 1167 1406 1211 δι’
1434 1186 1561 1242 εργων

25 1222 96 1264 καὶ
125 1220 253 1291 λόγων
279 1220 431 1279 οἶκυροῖ
453 1223 502 1266 τὰ
531 1222 632 1281 παρ’
657 1226 823 1268 ἐκείνων
850 1223 1061 1294 ἐγγράφως
1087 1226 1356 1281 κεκυρωμένα,
1386 1228 1455 1268 καὶ
1480 1244 1559 1278 προ

24 1283 107 1321 τῶν
138 1276 322 1323 συνόδων
350 1282 515 1324 ἐκείνων
544 1284 588 1325 ἐν
616 1286 676 1338 τῷ
705 1283 966 1354 ἆγιωρειτικῷ
994 1281 1104 1341 τόμω
1146 1283 1404 1352 διειλημμένα
1422 1283 1561 1338 μηδὲν

25 1332 172 1391 ἧττον·
213 1338 283 1379 καὶ
312 1337 390 1394 πρὸ
419 1357 566 1382 τουτου
595 1339 742 1392 πάλιν,
783 1342 827 1383 ἐν
857 1337 995 1390 αὐτοῖς
1031 1346 1117 1391 τοῖς
1145 1338 1467 1395 θεοπαραδότοις
1493 1346 1561 1383 λο-

25 1396 152 1449 γίοις,
195 1391 277 1436 κᾶν
302 1401 387 1446 τοῖς
415 1397 540 1468 ἱεροῖς
567 1401 650 1439 τῶν
677 1395 897 1470 θεοφόρων
924 1397 1108 1468 πατέρων
1137 1396 1435 1472 συγγράμμασι.
1469 1395 1560 1440 τού-

24 1469 106 1493 των
135 1468 212 1494 ουν
241 1450 434 1496 ἇπαντων
464 1471 540 1497 ουκ
567 1452 651 1496 οἷδ’
680 1473 789 1505 οπως
818 1472 938 1505 ουτος
967 1452 1167 1527 ἀλογήσας
1195 1454 1363 1509 ἆρτίως,
1397 1456 1455 1506 εἷς
1482 1472 1560 1509 την

25 1509 241 1562 ἐκκλησίαν
280 1506 406 1560 αυθις
436 1508 676 1583 εἰσήγαγεν,
721 1511 748 1554 ἃ
776 1518 864 1562 ταῖς
899 1513 1267 1585 προϋπηργμέναις
1293 1510 1560 1567 α’πηγόρευται

26 1565 238 1616 συνόδοις,
279 1568 350 1609 ἵνα
389 1566 446 1636 μή
482 1566 613 1623 μόνον
641 1568 671 1623 ἦ
699 1572 877 1611 πολιτεία
918 1571 1020 1622 φεῦ,
1058 1566 1164 1611 ἀλλὰ
1203 1570 1273 1611 καὶ
1310 1588 1336 1623 η
1368 1570 1558 1621 ἐκκλησία

24 1640 97 1665 του
124 1627 242 1675 θεοῦ,
272 1622 461 1683 στασιάζη
490 1642 532 1668 τε
559 1643 629 1667 και
657 1625 894 1680 ταράττηται
924 1633 1002 1666 etc.
1043 1628 1106 1667 Ex
1124 1626 1200 1676 his,
1225 1628 1400 1679 inquam,
1420 1627 1557 1666 verbis

25 1682 250 1733 colligitur,
283 1683 390 1722 illam
425 1698 544 1735 quam
567 1684 736 1723 dicimus
755 1685 960 1736 Synodum
996 1698 1077 1723 non
1108 1691 1285 1723 coactam
1315 1683 1437 1723 fuisse
1465 1691 1558 1723 ante

26 1753 174 1778 annum
205 1738 357 1779 Christi
385 1740 644 1780 MCCCXLV.
670 1755 751 1793 quo
777 1756 879 1780 anno
902 1742 1081 1780 Palamas
1111 1741 1245 1780 haec
1233 1756 1319 1794 lpsa
1342 1741 1555 1781 scribebat.

23 1796 181 1836 Etenim
206 1798 435 1849 epistolam,
465 1799 504 1837 in
527 1812 603 1850 qua
635 1798 734 1837 haec
762 1798 949 1850 leguntui
958 1830 970 1849 ,
1002 1813 1105 1837 anno
1130 1798 1276 1837 Christi
1297 1796 1556 1838 MCCCXLV.

26 1854 158 1893 datam
190 1854 313 1894 fuisse
338 1856 598 1908 perspicuum
631 1862 687 1895 est
719 1869 769 1894 ex
800 1870 869 1905 eo,
917 1855 1026 1908 quod
1053 1856 1232 1894 Palamas
1260 1855 1407 1894 ibidem
1435 1855 1554 1902 dicat,

26 1927 106 1950 sese
140 1909 293 1951 duobus
322 1913 403 1951 iam
435 1913 551 1951 annis
578 1927 733 1953 carcere
764 1911 959 1952 inclusum
987 1914 1125 1962 teneri,
1174 1913 1242 1965 qui
1273 1926 1375 1951 anuo
1406 1910 1556 1951 Christi

23 1968 304 2007 MCCCXLIII.
346 1970 449 2008 Maio
482 1984 615 2009 mense
647 1970 689 2008 in
730 1970 950 2009 custodiam
982 1969 1099 2008 datus
1136 1970 1288 2018 fuerat,
1347 1975 1393 2007 ut
1433 1983 1556 2021 supra

26 2027 273 2064 ostendimus
297 2027 348 2065 ad
385 2040 472 2078 pag.
497 2027 595 2070 482.
619 2028 664 2066 Β.
723 2028 864 2079 Itaque
891 2041 965 2080 per
986 2041 1110 2065 annos
1133 2028 1269 2066 decem
1294 2026 1432 2065 habita
1464 2031 1557 2064 sunt

25 2083 77 2122 de
90 2083 231 2122 iisdem
243 2083 363 2122 rebus
374 2084 550 2122 concilia
572 2085 712 2124 saltem
731 2092 918 2137 quatuor.
948 2085 1121 2123 Primum
1138 2082 1557 2124 an.Chr.MCCCXLI.

25 2140 132 2179 Iunii
153 2140 219 2179 dje
238 2141 327 2182 XV.
348 2140 539 2180 adversus
553 2142 820 2182 Barlaamum.
851 2142 1078 2180 Secundum
1100 2142 1206 2180 cirea
1219 2155 1281 2180 au.
1297 2139 1554 2179 MCCCXLV.

27 2198 221 2236 adversus
250 2198 466 2239 Palamam.
524 2199 704 2237 Tertium
736 2213 797 2238 an.
826 2199 1120 2240 MCCCXLVII.
1148 2198 1340 2237 adversus
1368 2198 1551 2236 loannem

27 2255 209 2294 Calecam
241 2255 525 2309 patriarcham.
584 2257 780 2304 Quartum
814 2257 984 2308 denique
1005 2270 1067 2295 an.
1093 2254 1294 2295 Mcchl.
1316 2254 1420 2293 Maio
1444 2265 1553 2292 men-

26 2326 88 2362 se,
119 2312 312 2353 adversus
336 2314 553 2364 Gregoram
574 2319 614 2351 et
643 2313 744 2352 alios
765 2314 1076 2365 Acindynianos.
1122 2314 1247 2366 (Ioan.
1268 2311 1554 2365 Cyparissiotes

26 2369 206 2409 meminit
234 2372 459 2419 τελευταίας
490 2366 690 2420 συνόδου,
729 2385 846 2422 quam
882 2371 938 2410 ait
970 2378 1151 2410 coactam
1181 2371 1305 2410 fuisse
1332 2370 1380 2407 ab
1401 2366 1550 2419 Ephesi

28 2427 297 2481 metropolita,
328 2429 475 2468 Palam.
508 2428 757 2479 Transgress.
790 2428 856 2466 lib.
876 2428 908 2468 l.
939 2442 1056 2467 serm.
1072 2428 1139 2468 IV.
1175 2442 1265 2480 cap.
1283 2429 1348 2469 16
1372 2426 1414 2463 in
1440 2421 1550 2475 fine.)

26 2484 142 2524 Tomi
163 2499 261 2524 vero
288 2485 529 2538 promulgati
551 2492 643 2523 sunt
662 2485 789 2523 multo
822 2485 981 2537 plures:
1009 2499 1151 2538 nempe
1180 2486 1328 2523 Tomus
1360 2479 1552 2531 Hagiori-

26 2542 152 2590 tiens,
182 2542 234 2581 de
253 2556 333 2594 quo
354 2543 553 2592 Palamas‚
583 2541 682 2582 cod.
707 2543 799 2591 Reg.
817 2543 940 2585 2409.
968 2542 1037 2582 fol.
1060 2545 1156 2586 267.
1213 2542 1359 2580 Tomus
1380 2536 1552 2599 synodi-

28 2612 100 2637 cus
127 2599 169 2637 iu
202 2599 452 2639 Barlaamum
482 2606 521 2638 et
549 2599 593 2637 in
624 2599 779 2651 Αοίηᾶ)
783 2612 898 2649 num,
930 2599 1061 2638 editus
1090 2612 1220 2638 mense
1242 2599 1422 2646 Augusto
1458 2607 1550 2632 anm

26 2656 269 2695 MCCCXLI.
303 2657 354 2697 de
392 2670 471 2709 quo
505 2656 738 2695 Lambecius
766 2655 955 2699 Biblioth.
983 2657 1137 2697 Caesar.
1168 2655 1236 2693 lib.
1262 2652 1326 2692 IV.
1365 2663 1453 2702 pag.
1481 2653 1549 2694 30.

26 2714 177 2752 Tomus
195 2713 336 2764 Ignatii
370 2713 624 2767 patriarchae
648 2712 889 2752 Antiocheni
918 2721 1057 2754 contra
1083 2712 1299 2758 Isidorum,
1330 2707 1460 2746 ethius
1488 2720 1549 2746 an.

27 2770 308 2810 MCCCXLIV.
335 2771 553 2810 Novembri
583 2785 739 2821 mense;
768 2770 953 2811 laudatus
981 2772 1030 2809 ab
1063 2769 1205 2808 Allatio
1232 2769 1272 2806 in
1305 2765 1467 2805 Dissert.
1501 2763 1551 2802 de

28 2827 143 2866 libris
166 2828 313 2866 Eccles.
338 2829 480 2869 Graec.
504 2841 594 2880 pag.
622 2830 716 2870 188.
747 2828 862 2866 Tomi
888 2834 1027 2867 contra
1049 2827 1245 2865 Palamam
1274 2821 1399 2871 varii,
1428 2821 1551 2859 variis

30 2884 279 2938 temporibus
299 2899 322 2924 a
340 2886 488 2925 Ioanne
507 2882 738 2938 patriarcha
757 2885 879 2938 editi5
907 2884 951 2925 id
979 2884 1088 2937 quod
1112 2883 1200 2936 ipse
1227 2880 1405 2921 Palamas
1430 2883 1551 2917 testa·

121 2951 336 2997 Nicephorum
354 2952 505 2999 angor.
536 2951 612 2987 Voz.
631 2950 678 2986 ιι.
1219 2940 1275 2980 82
