1794 3172
244 124 346 172 620
656 128 973 174 NICEPHORI
1001 126 1327 173 GREGORAE

27 249 63 282 Α.
76 247 119 281 Μ.
141 245 235 283 6850
245 239 378 295 κέναι,
416 237 522 296 μηδ’
544 235 647 284 εἶναι
667 236 853 297 πάροδον
872 237 1092 293 οὗδεμίαν,
1130 234 1288 282 ὁπόθεν
1311 234 1494 295 εἶσιτητά
1512 254 1557 296 γε
1583 235 1644 295 εἴη
1665 236 1730 290 ξέ-

70 296 138 329 lnd.
153 295 198 330 1⁰
243 327 329 361 νοις
361 310 429 354 καὶ
460 306 654 360 ἱππόταις
686 306 887 367 ἀνδράσι,
938 312 1023 352 τῶν
1055 311 1204 366 θυρῶν
1234 305 1408 351 ἁπασῶν
1425 308 1729 364 κεκλεισμένων,

243 379 325 438 ἤδη
348 380 663 436 καταπλαγῆναί
677 394 720 423 τε
746 377 876 434 αὐτὴν
913 379 980 421 καὶ
994 410 1008 431 ,
1039 377 1144 436 πρὸς
1165 376 1294 427 ι’ίλλας
1315 378 1473 428 ἐννοίας
1491 377 1730 434 ἀνενεγκοῦ-

245 466 324 495 σαν
343 448 392 493 τὸ
408 446 641 504 μάντευμα,
667 445 800 505 λύπης
821 451 1064 504 πλησθῆναι
1083 448 1153 490 καὶ
1172 443 1365 505 δακρύων
1382 446 1576 504 γενέσθαι
1596 444 1727 503 ἐγγύς.

210 542 242 577 C
353 538 407 585 ιδ’
410 574 421 586 .
465 539 571 598 Ἐγὼ
600 542 627 584 δ
635 539 649 557 '
680 540 804 584 ἐκεῖσε
833 537 1028 596 ἐπάνειμι.
1074 543 1134 600 τῷ
1163 540 1497 599 Καντακουζηνῷ
1519 539 1598 597 γὰρ
1634 537 1759 582 οῧτεό

243 610 349 671 πρὸς
376 614 563 654 τοσαῦτα
594 609 671 666 τὴν
701 609 843 667 ψυχὴν
860 608 1154 666 κατενηνέχθαι
1186 606 1315 668 ῥόθια
1345 613 1431 653 τῶν
1459 611 1601 653 δεινῶν
1631 625 1732 652 συν-

243 681 427 738 ηνέχθη,
464 678 558 723 οὔτε
577 679 682 738 πρὸς
700 679 774 730 οὓς
805 678 962 737 εὕρισκε
988 683 1169 735 συνεχῶς
1198 678 1296 722 κατ’
1328 677 1458 722 αῧτοῦ
1480 680 1732 731 συσκευαζο-

242 750 393 807 μένους
402 749 614 807 λαθραίας
631 750 698 792 καὶ
718 748 866 792 ἄλλοτ’
888 748 1019 799 ἄλλας
1035 748 1257 804 ἐπιβουλὰς
1275 748 1608 806 ἇπηγορευκέναι,
1640 746 1731 791 ἀλλ’

245 817 412 864 ἑστάναι
438 823 521 863 τῶν
547 819 664 862 ἰδίων
696 816 806 877 ὅρων
836 817 950 869 ἐντὸς
958 851 972 873 ,
1012 818 1186 869 ἆκλινεῖς
1207 818 1283 869 τὰς
1305 818 1410 876 πρὸς
1436 818 1539 862 θεὸν
1563 819 1733 868 ἐλπίδας

247 887 400 946 ὅμοίως
421 888 483 932 ἀεὶ
509 886 762 947 φυλάττοντι
777 901 788 912 ·
837 888 906 931 καὶ
940 886 1142 946 γράφοντι
1175 889 1251 943 μὲν
1275 888 1335 931 ἀεὶ
1365 889 1433 931 καὶ
1454 888 1632 947 δεομένῳ
1654 885 1730 944 λή-
1744 891 1788 926 10

246 976 328 1016 γειν
347 957 420 1002 οὒκ
436 953 487 1015 ἦν
504 958 668 1014 οὐδαμῆ
680 989 693 1011 ,
731 955 1126 1016 κυρωθῆναιὸπόσα
1145 958 1293 1016 περιὼν
1317 955 1338 1001 ὃ
1360 957 1556 1013 βασιλεὺς
1576 957 1730 1000 ἐνετέλ-

205 1033 342 1073 Βλετο
367 1029 464 1085 περί
477 1044 521 1085 γε
543 1026 686 1071 αὐτοῦ.
725 1025 832 1070 ἀλλὰ
851 1031 936 1070 τῶν
958 1027 1200 1080 Βυζαντίων
1231 1027 1326 1071 οὐδ’
1352 1027 1493 1085 ἄκροις
1512 1031 1594 1070 τῶν
1615 1030 1733 1083 λεγο-

246 1099 381 1155 μένων
401 1095 561 1141 ἀκούειν
577 1093 787 1141 θελόντων
805 1096 919 1150 ὠσὶν,
959 1095 1022 1140 ὅτι
1039 1096 1098 1153 μὴ
1118 1099 1186 1140 καὶ
1208 1097 1307 1148 τοὺς
1330 1097 1523 1154 ἀγγέλους
1542 1096 1619 1140 σὺν
1640 1096 1733 1139 ἄτι-

247 1169 325 1230 μίᾳ
357 1169 424 1211 καὶ
452 1170 585 1227 κουρᾷ
620 1164 916 1222 πομπευόντων
946 1165 1015 1209 ἐπ’
1048 1166 1201 1225 ἀγορᾶς
1236 1169 1305 1210 καὶ
1339 1169 1505 1222 δεσμοῖς
1535 1167 1603 1209 καὶ
1648 1166 1732 1223 εἷρ-

249 1243 367 1288 κταΐς
399 1233 719 1294 συγκλειόντων,
764 1239 824 1295 τῷ
860 1236 906 1279 δὲ
937 1235 985 1279 οὗ
1020 1236 1090 1279 διὰ
1120 1234 1306 1293 γλώττης
1345 1237 1497 1293 ἐγένετο
1531 1237 1732 1293 λοιδορεῖν
1747 1239 1790 1276 15

248 1306 385 1350 οὐδενὶ
402 1310 486 1349 τῶν
505 1302 711 1350 ἁπάντων.
749 1304 799 1349 οὗ
820 1304 905 1362 μὴν
924 1305 1022 1350 οὐδὲ
1051 1305 1149 1357 τοὺς
1169 1306 1211 1350 ἓν
1230 1310 1290 1366 τῷ
1311 1304 1395 1364 ι’)’ρει
1420 1310 1479 1365 τῷ
1493 1305 1614 1365 Ἄθῳ
1639 1306 1735 1348 δια-

249 1376 480 1434 πρέποντας
496 1375 622 1434 ἆρετῇ
655 1376 723 1418 καὶ
753 1372 923 1432 ἀσκήσει
956 1376 1128 1431 μεσίτας
1149 1374 1312 1433 εῗρήνης
1329 1375 1507 1432 ἀπηξίου
1526 1376 1730 1433 γίνεσθαι,

215 1445 364 1499 Εᾶλλά
381 1446 450 1489 καὶ
468 1443 628 1489 τούτων
649 1441 859 1489 ἐλθόντων
867 1477 882 1499 ,
920 1443 1131 1504 ἄπρακτος
1149 1445 1285 1497 ἔδοξεν
1304 1444 1330 1502 ἦ
1350 1443 1525 1502 σπουδή.
1563 1444 1617 1488 τὰ
1636 1444 1735 1501 μέν·

248 1532 314 1558 τοι
327 1512 526 1573 χρήματα
540 1548 554 1568 ,
592 1516 661 1557 καὶ
681 1514 723 1557 εἴ
737 1531 777 1558 τι
795 1512 1002 1571 κειμήλιον
1019 1510 1072 1572 ἦν
1091 1514 1342 1574 ἀμφοτέροις
1361 1516 1406 1558 ἐκ
1427 1519 1584 1559 πολλοῦ
1604 1519 1735 1571 τεθη-

250 1584 548 1643 σαυρισμένον,
594 1581 732 1627 πάντα
763 1581 973 1628 ἀνάλωται
1007 1582 1112 1643 πρός
1139 1602 1183 1628 τε
1216 1584 1324 1629 ἅλλα
1355 1588 1440 1629 τῶν
1481 1589 1629 1629 κοινῶν
1662 1586 1792 1631 ,καὶ20

250 1653 356 1712 πρὸς
372 1654 454 1704 ’τὰς
482 1658 566 1697 τῶν
588 1657 853 1711 στρατιωτῶν
874 1655 1030 1712 χρείας.
1104 1653 1198 1714 (Β.)
1233 1652 1392 1714 Κρύφα
1422 1671 1466 1712 γε
1486 1654 1570 1711 μὴν
1592 1655 1736 1709 συχνοὶ

251 1727 335 1767 τῶν
356 1728 431 1780 τῆς
457 1721 723 1781 Ὀρεστιάδος
742 1721 1024 1781 προύχόντων,
1062 1722 1264 1783 ἑταιρείαν
1292 1722 1576 1781 πεποιηκότες,
1614 1724 1736 1767 συνέ-

251 1797 378 1837 θεντο
407 1790 664 1850 περιελθόντι
692 1795 1025 1854 Καντακουζηνῷ
1052 1794 1130 1845 τὰς
1159 1792 1294 1845 πύλας
1323 1794 1514 1848 ἀνοῖξαι,
1552 1795 1648 1851 πρὶν
1668 1795 1735 1837 αἷ-

115 1868 156 1903 Ρ.
176 1868 246 1906 387
255 1862 442 1906 affluam
473 1861 573 1912 τοὺς
588 1860 927 1921 τυραννήσαντας
947 1860 1159 1920 δημότας,
1207 1865 1276 1907 καὶ
1293 1861 1521 1922 γράμματα
1544 1862 1736 1919 ἔπεμψαν

253 1993 358 2029 ullam
375 2005 463 2038 esse,
485 2006 555 2041 qua
569 1995 712 2031 advenis
731 1998 767 2031 et
781 1995 955 2042 equitibus
972 1999 1111 2043 pateret
1127 2008 1286 2034 accessus
1304 1997 1458 2044 (clausas
1474 1998 1605 2046 quippe
1620 2009 1736 2034 omnes

254 2041 405 2087 portas),
428 2040 499 2076 tum
521 2054 604 2077 vero
621 2043 682 2077 illa
702 2043 860 2089 perculsa
880 2048 953 2086 est,
978 2048 1013 2079 et
1028 2044 1114 2079 illud
1135 2045 1353 2090 praesagium
1378 2046 1480 2081 aliter
1503 2045 1737 2093 interpretata

253 2090 363 2122 totam
381 2099 419 2122 se
436 2088 602 2124 tristitiae
621 2090 777 2132 tradidit,
801 2102 865 2125 nec
881 2090 984 2135 longe
1002 2103 1024 2126 a
1041 2091 1201 2138 lacrymis
1220 2093 1343 2127 abfuit.

351 2132 406 2170 14.
430 2134 477 2168 At
499 2146 566 2170 non
585 2135 819 2171 Cantacuzeni
846 2136 978 2171 animus
1007 2137 1092 2183 (ego
1112 2139 1199 2173 enim
1219 2139 1302 2174 illuc
1320 2139 1445 2186 redeo)
1466 2138 1573 2175 tantis
1597 2139 1739 2175 calami-

254 2181 365 2215 tatum
389 2179 552 2215 fluctibus
581 2182 755 2217 demersus
782 2185 856 2225 est,
892 2195 955 2218 nec
978 2184 1127 2219 insidiae
1154 2185 1234 2220 illae
1255 2190 1444 2232 perpetuae
1468 2191 1505 2222 et
1523 2187 1610 2222 alias
1635 2186 1736 2231 aliae,

254 2238 341 2272 quas
359 2227 395 2261 in
414 2238 452 2262 se
469 2228 656 2263 clanculum
677 2228 767 2264 strui
787 2230 1037 2276 comperiebat,
1062 2231 1209 2266 effecere
1229 2237 1271 2267 ut
1289 2232 1539 2279 desponderet,
1563 2234 1627 2268 sed
1644 2233 1739 2270 intra

257 2284 337 2308 suos
363 2272 486 2309 limites
513 2275 612 2310 stetit
628 2275 805 2318 immotus,
829 2288 980 2322 spesque
998 2277 1032 2311 in
1050 2277 1124 2312 Deo
1147 2279 1279 2314 defixas
1305 2279 1579 2315 constantissime
1605 2280 1739 2323 habuit,

256 2330 321 2354 nec
340 2319 445 2354 desiit
467 2331 617 2367 unquam
635 2334 699 2368 per
717 2322 852 2358 litteras
871 2328 990 2368 petere
1007 2335 1047 2358 ac
1065 2336 1204 2370 rogare,
1226 2330 1266 2360 ut
1284 2338 1519 2373 quaecumque
1534 2327 1738 2372 imperator,

256 2365 337 2401 dum
359 2366 513 2409 viveret,
537 2368 581 2403 de
603 2369 682 2415 ipso
710 2368 961 2412 mandavisset,
981 2368 1284 2407 'confirmarentun
1333 2372 1490 2418 Cumque
1509 2372 1647 2407 interim
1673 2385 1740 2419 po·-

258 2413 359 2458 pulus
379 2413 591 2459 Byzantinus
616 2426 659 2449 ne
685 2415 823 2450 auribus
842 2416 977 2462 quidem
994 2417 1198 2462 primoribus
1226 2418 1319 2453 dicta
1342 2419 1537 2465 acciperet,
1569 2419 1651 2465 quin
1670 2420 1738 2454 imo

258 2463 296 2493 et
315 2460 458 2494 nuncios
474 2459 659 2505 ignominia
676 2461 821 2496 affectos
838 2474 879 2498 ac
894 2464 1054 2498 detonsos
1074 2475 1136 2509 per
1169 2466 1279 2500 forum
1301 2466 1499 2501 traduceret
1521 2465 1738 2512 vinculisque

256 2510 293 2540 et
310 2506 506 2540 carceribus
525 2509 722 2543 coerceret:
745 2512 860 2543 tamen
880 2509 978 2544 huius
997 2510 1113 2555 lingua
1137 2511 1262 2545 nemini
1282 2512 1546 2547 convitiabatur.
1582 2512 1654 2547 Sed
1674 2524 1739 2547 nec

257 2551 408 2586 homines
428 2552 524 2595 illos,
546 2554 679 2589 virtute
697 2566 738 2590 ac
761 2555 942 2600 disciplina
965 2554 1202 2602 praestantes,
1235 2558 1293 2604 qui
1320 2563 1469 2593 montem
1493 2559 1584 2594 Atho
1607 2559 1740 2594 incole-

258 2602 360 2640 rent,
384 2605 583 2645 sequestros
607 2601 704 2646 pacis
728 2603 925 2638 recusabat.
970 2604 1086 2649 Atque
1111 2603 1161 2637 illi
1188 2605 1327 2650 quidem
1353 2610 1542 2647 venerunt3
1572 2605 1633 2639 sed
1653 2605 1740 2639 nihil

257 2643 406 2689 diligens
423 2657 536 2681 eorum
554 2647 703 2682 studium
718 2648 848 2682 effecit.
891 2648 1001 2683 Porro
1018 2654 1051 2683 et
1072 2651 1249 2695 pecuniae,
1274 2656 1310 2686 et
1326 2651 1356 2686 si
1377 2663 1445 2697 qua
1462 2652 1618 2698 utrisque
1635 2652 1738 2697 longo

259 2694 341 2725 ante
368 2692 546 2727 recondita
573 2694 725 2740 supellex
742 2698 839 2736 erat,
866 2697 937 2729 tum
957 2695 993 2730 in
1016 2695 1101 2730 alios
1122 2708 1203 2731 usus
1218 2697 1522 2742 impendebantur,
1545 2702 1618 2733 tum
1638 2698 1675 2733 in
1695 2709 1739 2733 ea

259 2747 350 2782 quae
375 2737 537 2774 militibus
563 2740 756 2776 necessaria
776 2746 886 2776 erant.
933 2742 1016 2787 (ΙΙ.)
1042 2744 1087 2777 At
1107 2742 1193 2777 clam
1214 2743 1370 2790 plerique
1388 2745 1587 2780 Orestiadis
1612 2745 1741 2790 primo-

257 2793 316 2818 res
340 2785 595 2830 conspiratione
611 2788 725 2830 facta,
751 2788 1005 2823 constituerunt
1026 2789 1202 2824 oberranti
1223 2789 1465 2825 Oantacuzeno
1480 2795 1602 2838 portas
1625 2790 1740 2826 reclu-

259 2828 355 2875 dere,
379 2836 560 2878 antequam
578 2833 724 2879 plebeii,
749 2833 808 2881 qui
827 2834 1008 2882 tyrannice
1024 2835 1296 2880 dominabantur,
1321 2848 1396 2873 eam
1413 2849 1486 2873 rem
1503 2838 1741 2885 perciperent:
