1794 3172
264 143 365 192 858
680 148 998 195 NICEPHORI
1026 146 1354 192 GREGORAE

45 268 82 301 A.
98 268 143 301 M.
163 266 256 304 6857
268 261 445 305 ἐλείπετο
460 294 474 315 ,
512 255 862 317 παρεσκευάζοντο
897 257 1001 316 πρὸς
1032 256 1247 315 ἀναγωγὴν
1278 255 1535 316 ἑκατέρωθεν
1565 256 1609 300 αἱ
1630 253 1747 314 τριή-

95 315 200 350 ¹¹¹d'2
265 349 370 390 ρεις,
409 330 452 374 ἴκ
486 348 530 374 τε
551 334 635 373 τῶν
669 328 785 378 ἐντὸς
809 329 1041 381 Βυζαντίου
1078 329 1186 386 φημὶ
1218 330 1398 384 νεωρίων
1429 328 1496 370 καὶ
1536 325 1595 369 ἔτι
1621 320 1747 383 οἷπερ

224 402 457 460 Βὲφθημεν
486 397 691 457 εἰρηκότες
716 395 1022 454 ναυστάθμου,
1061 398 1165 456 πρὸς
1197 395 1244 440 ὃν
1282 398 1325 449 ἐξ
1353 397 1620 453 αὐτοσχεδίου
1649 400 1746 450 βια-

266 476 404 516 σθεῖσι
430 476 517 520 τοῖς
534 467 758 527 ναυάρχοις
778 469 820 512 ἓν
851 467 998 526 ἀρχαῖς
1019 473 1095 526 τῆς
1115 465 1253 524 μάχης
1273 465 1622 525 καταπεφευγέναι
1643 467 1746 520 ξυμ-

266 541 472 592 πὲπτωκε,
507 539 623 596 παρὰ
653 537 728 589 τὰς
748 542 823 581 τοῦ
844 542 1035 595 ποταμοῦ
1059 537 1219 594 δηλαδὴ
1244 536 1418 591 ἐκβολὰς
1430 570 1443 590 ,
1482 535 1588 579 ἔνθα
1609 537 1675 578 καὶ
1697 534 1776 577 τὸ5

266 615 342 655 τοῦ
366 610 600 653 θαλαττίου
636 608 764 665 κε’ρως
795 607 1052 652 ἀναπαύεται
1083 607 1224 666 ἄκρον.
1264 607 1308 650 αἳ
1325 607 1400 662 μὲν
1421 601 1497 650 οῦν
1516 606 1561 648 ἐκ
1584 605 1749 656 Βυζαν-

266 682 359 724 τίου
387 680 479 736 περὶ
510 679 647 734 δείλην
681 677 810 733 ὀψίαν
841 676 1141 731 ἓκπλεύσασαι,
1182 677 1275 721 δέον
1303 673 1447 733 καιρόν
1473 692 1566 719 τινα
1603 676 1748 717 δοῦναι

266 749 475 810 γυμνασίᾳ
494 751 623 809 μικρᾷ
640 752 764 805 γοῦν,
800 751 869 791 καὶ
890 745 1294 804 ἀνθαμιλλήσασθαι
1319 744 1520 804 πρότερον
1551 743 1655 801 πρὸς
1672 742 1747 786 άλ-

267 817 421 876 λήλας,
455 820 525 862 καὶ
551 825 694 876 πεῖραν
723 821 799 874 τῆς
818 819 992 876 εῗρεσιάς
1020 815 1282 873 ποιήσασθαι
1301 813 1408 860 καθ’
1431 811 1606 865 ἑαυτάς·
1642 813 1749 868 μηδὲ

266 889 346 947 γὰρ
372 887 473 932 εἶναι
497 886 658 938 πάντας
685 887 727 931 ἕν
755 889 958 949 συνηθείᾳ
979 885 1199 943 θαλάττης
1220 888 1288 930 καὶ
1316 884 1481 942 κώπης,
1512 882 1608 927 ἀλλ’
1642 881 1748 925 ἀπό-
1760 884 1794 920 1(

268 962 413 1012 ζοντας
433 957 531 1009 τοὺς
548 958 712 1008 πλείους
733 958 1028 1017 δενδροτομίας
1049 975 1092 1001 τε
1111 958 1179 1000 καὶ
1199 954 1434 1013 σκαπάνης·
1473 955 1517 998 αἱ
1539 954 1585 997 δὲ
1601 952 1749 1010 μικρὸν

267 1032 480 1086 προβᾶσαι
510 1025 707 1085 σχάζουσι
746 1027 823 1079 τὰς
860 1025 1024 1082 κώπας,
1066 1026 1115 1071 οὗ
1145 1025 1261 1082 μάλα
1285 1027 1362 1071 σὺν
1389 1023 1501 1076 τάξει
1516 1025 1584 1067 καὶ
1605 1020 1748 1082 κόσμῳ

269 1102 555 1157 στρατηγικῷ,
591 1097 689 1140 ἀλλ’
732 1097 775 1140 ἐν
804 1097 986 1158 ἀκοσμία
1008 1097 1056 1141 τὸ
1082 1101 1298 1151 πλεῖστον,
1333 1098 1401 1140 καὶ
1430 1094 1748 1152 ἑτεροζυγοῦσαν

266 1168 343 1224 τὴν
365 1169 540 1226 εἲρεσίαν
559 1163 815 1222 ποιούμεναι,
840 1169 908 1210 καὶ
926 1171 1001 1210 τοῦ
1025 1167 1171 1217 εὐθέος
1191 1166 1494 1225 παραγομένην.
1534 1161 1626 1223 (Β.)
1639 1161 1748 1204 Ἐπεὶ

135 1238 314 1282 Ρ.541δὲ
336 1239 404 1281 καὶ
423 1237 498 1289 νὺξ
533 1240 670 1294 παρῆν
708 1235 789 1293 ἤδη
822 1239 891 1280 καὶ
927 1231 1050 1281 αὗται
1080 1237 1196 1295 παρὰ
1220 1237 1293 1281 τὸν
1322 1234 1508 1293 αἰγιαλὸν
1540 1229 1648 1290 ἦσαν
1671 1229 1794 1289 <ip-15

265 1311 423 1364 μοῦσαι
444 1306 523 1365 πρὸ
543 1310 627 1350 τῶν
649 1303 762 1365 ἑῴων
788 1311 863 1350 τοῦ
884 1307 1115 1361 ,Βυζαντίου
1146 1311 1313 1364 τειχῶν,
1351 1304 1462 1364 ἐπῄει
1485 1305 1528 1355 ἐξ
1550 1302 1749 1359 ἇπογείων

253 1375 514 1433 ’πνευμάτων
537 1373 728 1434 θόρυβος
748 1384 841 1427 ταῖς
857 1379 979 1421 ναυσὶ
1009 1379 1077 1420 καὶ
1113 1375 1401 1435 διαταράττειν
1427 1372 1557 1418 ἐδόκει
1584 1369 1761 1429 μικρόν.’

267 1449 359 1505 περὶ
393 1447 438 1490 δὲ
469 1446 664 1504 δευτέραν
696 1446 886 1503 φυλακὴν
917 1451 992 1503 τῆς
1024 1447 1169 1498 νυκτὸς
1203 1442 1299 1505 ἧκεν
1339 1445 1415 1504 ὅλῃ
1444 1445 1606 1501 σπουδῇ
1644 1440 1749 1500 πρὸς

267 1516 398 1567 αὐτὰς
426 1514 452 1572 ἡ
484 1515 589 1574 πρὸς
615 1516 882 1573 κατασκοπὴν
905 1518 1190 1575 ε’κπεμφθεῖσα
1223 1516 1305 1575 πρὸ
1332 1517 1509 1574 βραχέος
1537 1529 1748 1568 ταχυναυ-

265 1591 400 1630 τοῦσα
418 1583 616 1644 τριήρης,
645 1586 881 1642 Λατινικὴν
905 1584 1064 1630 ὁλκάδα
1084 1587 1279 1645 μεγίστην
1311 1585 1567 1644 ἀγγέλλουσα
1594 1579 1743 1638 πλήρε-
1757 1578 1794 1614 2<

269 1672 334 1700 σιν
363 1656 509 1706 ἱστίοις
535 1656 578 1706 ἐξ
600 1653 908 1712 Ἑλλησπόντου
939 1656 1220 1715 ἀναγομένην·
1257 1658 1326 1701 καὶ
1357 1654 1446 1712 ἅμα
1478 1655 1518 1698 οἳ
1546 1651 1748 1709 ναύαρχοι

229 1729 411 1785 Βπολλῷ
442 1729 501 1784 τῷ
525 1724 758 1784 θαρροῦντι
791 1733 880 1778 τοῖς
906 1745 951 1771 τε
983 1725 1155 1779 ναύταις
1187 1728 1254 1771 καὶ
1288 1723 1505 1781 ἐπιβάταις
1514 1758 1527 1779 ,
1568 1730 1654 1774 τοῖς
1672 1723 1748 1778 μὲν

268 1796 335 1839 ἐπὶ
358 1795 435 1852 τὴν
456 1795 632 1853 εἲρεσίαν
641 1827 656 1849 ,
687 1802 776 1846 τοῖς
794 1795 837 1839 δ’
863 1797 928 1840 ἐπὶ
949 1796 1004 1840 τὰ
1023 1796 1132 1841 ὅπλα
1152 1804 1302 1856 χωρεῖν
1322 1794 1546 1853 ἐσήμαινον
1566 1797 1618 1854 τῇ
1643 1791 1746 1837 σάλ-

355 1918 414 1955 12.
440 1907 509 1953 σῦν
527 1915 633 1962 τάξει
657 1928 719 1953 em.
743 1917 845 1954 Boiv.
870 1930 935 1965 pro
961 1917 1144 1964 συντάξει.

264 2032 327 2057 ves
345 2021 537 2068 provehere
557 2021 594 2056 in
612 2021 717 2056 altum
729 2024 854 2068 parant
876 2022 919 2058 ab
937 2026 1086 2070 utroque
1107 2023 1207 2067 locog
1229 2035 1351 2070 nempe
1371 2027 1407 2059 et
1424 2023 1468 2058 ab
1487 2021 1533 2057 iis
1553 2020 1746 2063 navalibus,

264 2079 354 2115 quae
375 2068 469 2103 intra
495 2069 612 2103 urbem
635 2073 739 2110 sunt,
764 2073 800 2103 et
818 2070 862 2104 ab
883 2069 945 2104 illa
969 2081 1070 2116 quam
1097 2082 1203 2116 supra
1227 2071 1487 2106 memoravimus
1510 2069 1679 2110 statione,
1703 2068 1747 2102 ad

264 2126 368 2160 quam
384 2114 496 2150 coacti
517 2126 560 2149 ex
580 2114 766 2161 improviso
783 2116 950 2151 navarchi
969 2118 1034 2152 sub
1054 2117 1187 2153 initIum
1207 2118 1289 2154 belli
1307 2119 1558 2164 confugerant3
1583 2117 1628 2151 ab
1646 2115 1746 2149 ostiis

265 2161 343 2196 dico
364 2161 514 2196 fluminis
526 2186 536 2203 ,
561 2165 598 2196 et
617 2162 660 2196 ab
678 2161 796 2196 ultimo
815 2162 910 2197 sinus
929 2163 1087 2199 Ceratini
1109 2176 1262 2199 recessu.
1310 2165 1360 2200 Et
1379 2177 1443 2200 eae
1465 2164 1604 2211 quidem
1624 2173 1744 2204 naves,

264 2219 357 2254 quae
374 2207 546 2253 Byzantio
564 2209 745 2254 profectae
761 2209 824 2243 sub
843 2221 1021 2256 vesperam
1039 2212 1074 2246 in
1094 2212 1198 2247 altum
1219 2212 1356 2247 delatae
1371 2215 1463 2254 sunt,
1488 2211 1660 2245 debebant
1675 2208 1746 2243 sal-

263 2259 335 2289 tem
352 2254 600 2300 aliquantulum
617 2255 784 2301 temporis
802 2256 956 2292 modicae
976 2258 1030 2292 sui
1048 2258 1290 2293 exercitationi
1307 2260 1411 2302 dare,
1435 2269 1476 2294 ac
1495 2257 1640 2305 primum
1655 2256 1748 2290 inter

265 2313 304 2336 se
322 2300 502 2336 decertare
514 2325 526 2343 ‚
551 2305 587 2336 et
605 2302 841 2348 remigationis
863 2304 1051 2350 periculum
1069 2305 1257 2351 separatim
1276 2306 1407 2341 facere.
1454 2305 1533 2340 Nec
1550 2303 1638 2339 enim
1659 2301 1747 2337 mari

270 2359 390 2383 omnes
406 2348 581 2393 remisque
604 2353 829 2391 assueverant
841 2375 852 2392 ‚
876 2350 936 2385 sed
953 2351 1174 2398 lignationem
1195 2352 1352 2399 plerique
1375 2352 1591 2398 ligonemque
1610 2349 1748 2385 redole-

222 2417 228 2421 -
268 2395 363 2429 bant.
409 2396 458 2430 At
482 2394 564 2428 illae
588 2395 763 2440 paululum
792 2407 998 2443 progressae
1021 2411 1132 2434 remos
1154 2399 1333 2442 inhibent,
1358 2411 1427 2435 non
1457 2397 1636 2434 admodum
1655 2407 1747 2431 com-

266 2442 382 2488 posite
398 2444 461 2476 aut
477 2441 620 2476 militari
641 2441 774 2484 ordine,
799 2444 860 2478 sed
876 2449 1005 2480 temere
1023 2446 1201 2481 maximam
1219 2452 1353 2492 partem
1370 2444 1670 2491 inaequaliter-que
1687 2454 1746 2477 re-

263 2488 448 2533 migantes,
471 2491 508 2522 et
525 2498 546 2522 a
564 2490 659 2523 recto
678 2500 780 2524 cursu
795 2491 1008 2529 aberrantes.
1055 2493 1142 2538 (ΙΙ.)
1167 2492 1253 2528 Cum
1268 2505 1351 2528 vero
1368 2504 1435 2528 nox
1453 2492 1520 2527 iam
1554 2492 1693 2526 adesset
1709 2492 1746 2523 et

264 2535 332 2569 hae
358 2535 455 2570 iuxta
476 2534 576 2569 littus
605 2538 687 2570 ante
708 2535 892 2572 orientales
919 2539 1084 2584 Byzantii
1112 2550 1226 2574 muros
1255 2540 1516 2581 constitissent,
1548 2537 1646 2574 venti
1674 2542 1746 2571 tum

264 2581 377 2637 coorti
400 2593 422 2616 a
445 2584 541 2617 terra
561 2582 740 2617 tumultum
758 2584 851 2628 apud
882 2596 989 2620 naves
1016 2587 1173 2622 fecerunt
1196 2598 1237 2621 ac
1264 2586 1437 2633 paululum
1461 2597 1521 2620 eas
1540 2584 1746 2631 perturbare

264 2640 335 2663 visi
359 2631 449 2664 sunt.
497 2630 546 2663 At
566 2629 748 2664 secundam
773 2630 913 2666 circiter
933 2633 1043 2667 noctis
1076 2632 1231 2678 vigiliam
1258 2633 1408 2668 triremis
1429 2632 1616 2678 expedita,
1653 2640 1746 2676 quae

269 2675 372 2720 paulo
392 2678 473 2710 ante
489 2675 700 2721 speculatum
718 2675 822 2711 missa
839 2679 965 2721 fuerat,
989 2691 1116 2714 summa
1133 2679 1354 2715 festinatione
1371 2679 1519 2722 accedit,
1535 2678 1746 2722 nunciatque

269 2721 447 2756 maximam
464 2721 664 2757 Latinorum
690 2723 881 2759 onerariam
905 2725 1015 2771 plenis
1036 2727 1122 2762 velis
1150 2727 1194 2761 ab
1215 2727 1441 2774 Hellesponto
1462 2726 1652 2772 profectam
1681 2723 1747 2758 ad-

268 2767 400 2803 venire.
447 2768 574 2803 Statim
591 2769 714 2815 itaque
740 2772 909 2806 navarcbi
933 2784 1056 2818 magna
1083 2785 1159 2808 cum
1181 2773 1309 2808 fiducia
1336 2773 1450 2809 nautis
1471 2785 1512 2808 ac
1530 2771 1746 2812 vectoribus,

267 2813 337 2848 illis
355 2818 394 2850 ut
411 2815 596 2861 remigant,
619 2816 675 2852 his
692 2820 732 2852 ut
748 2822 933 2864 capessant
949 2830 1065 2864 arma,
1082 2819 1215 2856 inflatis
1235 2819 1390 2856 classicis
1408 2819 1494 2855 dant
1502 2819 1650 2866 signum.
1681 2817 1744 2853 Di-
