1794 3172
353 166 670 213 HISTORIAE
694 167 1068 214 BYZANTINAE
1098 164 1217 214 XVI.
1235 174 1276 216 7.
1449 160 1550 210 837

75 274 178 321 ὅθεν
193 274 524 334 ὕδρευσαμένους
549 278 626 335 τὴν
651 275 832 335 ἀνάγκην
857 275 971 321 ἔσται
999 276 1350 338 παραμυθεῖσθαι
1373 283 1449 336 τῆς
1466 278 1550 338 φ’ὗ-
1573 290 1659 326 ΑΛ).
1678 288 1770 328 1348

74 363 192 400 σεως,
224 345 328 403 ὅσην
347 346 374 403 ἢ
395 365 438 390 τε
461 351 536 391 τοῦ
557 346 718 405 δρόμου
735 349 995 405 ταλαιπωρία
1012 352 1081 392 καὶ
1103 349 1152 392 τὸ
1171 349 1321 407 φλέγον
1342 353 1419 405 τῆς
1438 339 1769 421 ὥραςῐωέζέιὲοὲψ

72 415 260 472 ἤνεγκεν,
287 415 407 460 αὐτοὶ
427 418 504 472 μέν
526 419 617 475 περὶ
639 417 716 473 τὴν
735 421 820 459 τῶν
842 415 981 461 ὅπλων
999 419 1176 472 ἐγίνοντο
1196 419 1355 475 χρείαν,
1376 419 1425 463 τὸ
1441 420 1589 464 πολὺΙ)
1684 410 1692 418 ”

73 490 151 541 τῆς
175 483 334 543 ἡμέρας
360 485 494 530 ἄσιτοι
518 484 937 544 διακαρτερήσαντες·
972 490 1209 539 Ματθαΐος
1235 489 1281 532 δὲ
1304 494 1549 547 στρατηγῶν

44 557 133 605 ὄεῖς
159 553 294 606 τάξεις
315 554 444 613 διῄρει
469 556 545 612 τὴν
567 554 765 610 δύναμιν·
801 558 870 599 καὶ
901 556 1000 607 τοὺς
1016 559 1092 612 μὲν
1121 557 1268 609 ἱππέας
1285 557 1327 609 ἴς
1346 576 1388 602 τε
1409 558 1457 602 τὸ
1480 561 1548 603 δε-

73 625 159 675 ξιὸν
189 626 256 666 καὶ
281 625 398 668 λαιὸν
428 624 770 682 διαμερισάμενος
799 626 922 682 κε’ρας
941 623 1022 684 ὑφ’
1045 625 1214 684 ἡγεμόσι
1244 634 1332 678 τοῖς
1364 627 1549 684 ἀρίστοις

73 694 116 744 ἐς
133 693 186 736 τὰ
207 686 293 736 τῶν
317 693 456 751 ἄκρων
477 694 524 736 τὸ
547 695 665 746 πεζὸν
684 695 938 752 παρενίβαλε
956 695 1079 751 με’σα,
1103 695 1338 755 ταξιάρχοις
1358 700 1424 741 καὶ
1442 698 1544 743 αὐτὸ

71 763 286 820 παραδοὺς
309 761 372 814 οἷς
396 762 450 805 τὰ
471 764 646 818 πολέμια
672 765 906 821 κρατίστοις
937 763 1038 807 εἶναι
1069 764 1307 822 τετύχηκεν·
1344 767 1470 819 αὐτὸς
1500 769 1588 812 δὲΕ

71 837 156 876 τῶν
176 832 329 875 ἱππέων
359 833 492 882 ἐνίους
516 831 617 887 ἔχων
640 831 815 890 περιῄει,
850 833 953 890 πρὸς
973 834 1174 890 εὐψυχίαν
1197 838 1264 878 καὶ
1291 834 1433 894 ῥώμης
1456 838 1544 880 ε’πί-

16 907 61 941 10
74 904 194 953 δειξιν
213 903 416 959 διεγείρων
433 902 509 951 τὰς
528 900 755 959 φάλαγγας.
804 903 901 960 (Β.)
939 907 1028 958 Τῆς
1051 904 1095 946 δ’
1117 901 1275 961 ἡμέρας
1293 906 1334 954 ἐς
1352 906 1401 948 τὸ
1420 908 1543 951 πλέον

69 970 97 1027 ἢ
117 971 225 1014 κατὰ
243 973 505 1028 μεσημβρίαν
529 969 629 1014 εἶναι
650 975 722 1015 τὸν
743 970 860 1028 ἥλιον
883 972 1122 1029 γενομένης,
1148 973 1189 1016 οἶ
1206 971 1416 1032 βάρβαροι
1438 980 1543 1018 πολ-

70 1040 147 1097 λὴν
170 1040 409 1098 ἐπαγόμενοι
429 1039 651 1099 πόρῥωθεν
669 1043 982 1098 παρεδείκνυντο
1002 1044 1126 1086 λείαν.
1164 1040 1376 1100 ἐγγύτερον
1395 1044 1439 1087 δ’
1460 1044 1541 1101 ἤδη

68 1108 274 1167 γενόμενοι
322 1108 637 1167 κατεπλάγησαν
681 1111 758 1166 μὲν
796 1110 872 1166 τὴν
909 1115 992 1154 τῶν
1036 1110 1248 1166 Ῥωμαίων
1287 1111 1542 1169 θεασάμενοι

70 1180 292 1238 στρατιὰν,
323 1184 377 1238 τῇ
409 1184 494 1223 τῶν
516 1179 654 1224 ὅπλων
681 1178 940 1238 λαμπρότητι
962 1180 1299 1236 διαλάμπουσαν·
1335 1182 1580 1241 κατεφρό-Ε

15 1252 58 1289 15
71 1267 202 1305 νησαν
222 1252 247 1293 δ
253 1250 266 1265 ‘
290 1245 358 1304 αὖ,
382 1249 431 1293 οὗ
451 1248 559 1292 πάνυ
581 1251 739 1306 πολλὴν
757 1248 1064 1307 ξυννενοηκότες
1084 1247 1213 1295 οὖσαν
1228 1250 1370 1309 αὐτήν.
1407 1253 1543 1305 ἔδοξεν

69 1314 143 1362 οὖν
161 1318 327 1373 ἄμεινον
340 1353 353 1372 ,
388 1319 465 1376 τὴν
484 1321 595 1363 λείαν
616 1319 747 1364 ὀπίσω
767 1318 1033 1371 διαλιπόντας
1049 1321 1197 1379 μικρὸν
1205 1355 1220 1376 ,
1255 1320 1444 1381 ἀθρόους
1459 1321 1540 1381 ὕφ’

69 1387 160 1440 ἑνὸς
187 1389 432 1444 ἱσταμένους
472 1389 626 1440 αὐτοὺς
665 1390 742 1446 τὴν
774 1394 858 1433 τῶν
885 1388 1098 1446 Ῥωμαίων
1141 1390 1356 1449 εὐρώστως
1388 1391 1540 1450 ἕφοδον

24 1505 33 1514 .
68 1460 361 1517 διακαρτερεῖν.
383 1458 446 1502 διὸ
469 1459 568 1510 τούς
585 1458 896 1518 ἐλαφροτάτους
916 1459 1089 1511 τοξότας
1105 1458 1305 1519 πρότερον
1320 1466 1442 1519 σφῶν
1462 1462 1541 1505 αὖ-

66 1533 151 1571 τῶν
183 1530 226 1579 ἐς
243 1528 320 1585 τὴν
350 1528 547 1586 οὐραγίαν
577 1530 722 1580 θέντες
753 1530 1078 1588 παραγγέλλουσι
1097 1534 1171 1573 νῦν
1188 1531 1265 1586 μὲν
1293 1531 1536 1585 ἐπικεῖσθαι,

9 1601 58 1638 20
71 1601 143 1641 νῦν
168 1600 193 1642 δ
200 1598 214 1614 ²
236 1598 465 1655 ἀποχωρεῖν
487 1599 531 1641 ἐκ
551 1603 786 1655 μεταβολῆς
805 1600 872 1642 καὶ
892 1606 1166 1656 φυγομαχεῖν,
1193 1599 1300 1643 κατὰ
1321 1598 1371 1643 τό
1398 1617 1539 1658 σφισιν

66 1664 125 1717 ὦς
152 1667 205 1710 τὰ
230 1667 365 1710 πολλὰ
397 1668 573 1721 εῗωθὸς,
613 1670 681 1711 καὶ
713 1668 843 1723 συχνοὶ
870 1672 995 1712 τοῦτο
1023 1670 1210 1725 δρῶντας
1235 1670 1446 1730 ἔξαπατᾷν
1469 1673 1536 1713 καὶ
1548 1675 1666 1713 Ρ.528

66 1734 349 1794 ἐπιταράττειν
381 1736 456 1792 τὴν
484 1742 568 1780 τῶν
598 1735 810 1793 Ῥωμαίων
831 1734 960 1789 τάξιν.
1018 1737 1108 1797 (Γ.)
1146 1742 1244 1782 Τῶν
1270 1739 1411 1794 μέντοι
1435 1737 1537 1783 Ῥω-

63 1807 200 1861 μαίων
222 1810 416 1864 σοβαρῶς
448 1805 667 1862 ἐπιόντων,
700 1809 768 1851 καὶ
797 1811 882 1851 τῶν
914 1811 1172 1864 σαλπιγκτῶν
1197 1807 1535 1866 ἀνακρουομένων

64 1876 112 1918 τὸ
145 1874 356 1930 ἐνυάλιον,
387 1874 651 1932 ε’πηλάλαξάν
680 1895 724 1920 τε
756 1876 884 1927 εὐθὺς
914 1877 953 1921 οἶ
969 1877 1132 1934 Πέρσαι
1158 1879 1226 1920 καὶ
1247 1877 1353 1933 μετὰ
1370 1883 1535 1936 μακροῦ

7 1950 175 1995 25τινος
195 1943 386 1999 θράσους
405 1945 547 1997 αὐτοῖς
565 1944 885 2006 συνερρήγνυντο
894 1979 909 2000 ,
933 1945 1217 2002 συνασπισμός
1235 1964 1299 1997 τις
1316 1947 1370 1990 τὰ
1387 1952 1534 2006 πρῶτα

63 2032 343 2078 restinguendam
359 2032 462 2075 sitim,
480 2045 580 2078 quam
601 2039 636 2069 et
653 2046 773 2069 cursus
792 2034 1009 2080 defatigatio,
1034 2038 1071 2069 et
1090 2034 1179 2068 illius
1198 2034 1411 2080 tempestatis
1428 2035 1535 2070 ardor

64 2079 244 2121 attulerat,
268 2079 371 2114 armis
391 2081 617 2125 expediendis
633 2093 772 2127 operam
788 2082 873 2116 dare
892 2086 1088 2127 coeperunt,
1112 2087 1150 2116 et
1167 2081 1344 2116 maximam
1363 2081 1434 2116 diei
1451 2093 1535 2128 par-

62 2130 133 2160 tem
150 2125 258 2160 ieiuni
275 2126 511 2172 perstiterunt.
558 2128 757 2162 Matthaeus
774 2133 900 2170 autem,
922 2127 1140 2174 imperatoris
1158 2127 1274 2163 officio
1291 2129 1450 2173 fungens,
1475 2140 1535 2163 co·

62 2172 196 2207 hortem
210 2173 248 2207 in
265 2173 403 2207 ordines
419 2173 616 2216 distribuit3
641 2175 815 2220 equitibus
831 2175 987 2210 dextrum
1004 2179 1041 2210 et
1055 2174 1231 2209 sinistrum
1247 2186 1353 2210 cornu
1367 2175 1534 2220 assignat,

63 2219 254 2264 praefectis
274 2219 332 2262 iis,
354 2219 414 2266 qui
433 2220 561 2254 virtute
580 2222 822 2266 praestabant:
854 2221 990 2267 pedites
1015 2221 1108 2256 inter
1135 2226 1315 2267 utrumque
1344 2226 1533 2256 extremum

63 2265 193 2300 medios
210 2266 325 2308 locat,
350 2271 386 2300 et
403 2266 447 2301 iis
463 2266 608 2301 ducibus
623 2268 795 2312 regendos
813 2268 941 2310 tradit,
960 2268 1020 2314 qui
1037 2268 1284 2303 bellicosissimi
1302 2272 1392 2303 sunt.
1438 2268 1532 2314 Ipse,

63 2324 139 2347 cum
159 2312 291 2357 aliquot
310 2312 484 2358 equitibus
504 2314 774 2356 circumvectus,
797 2314 922 2350 milites
938 2315 1036 2350 iubet
1054 2315 1240 2359 confidere,
1259 2318 1296 2350 et
1311 2319 1352 2349 ut
1366 2315 1474 2349 fortes
1492 2326 1531 2349 se

62 2358 244 2393 ostendant
258 2359 429 2394 hortatur.
454 2360 539 2405 (ΙΙ.)
557 2361 639 2395 Sole
657 2361 724 2396 iam
740 2361 831 2396 ultra
846 2362 1021 2405 meridiem
1040 2373 1237 2408 progresso,
1260 2366 1430 2407 apparent
1450 2361 1531 2394 bar-

61 2405 137 2439 bari
161 2405 300 2451 procul,
324 2407 462 2441 multum
481 2407 633 2452 praedae
657 2419 771 2442 secum
794 2414 948 2454 agentes.
996 2408 1080 2443 Mox
1098 2408 1158 2443 ubi
1175 2408 1318 2454 propius
1336 2418 1528 2448 accessere,

61 2451 233 2487 Romanos
262 2452 387 2488 milites
423 2464 590 2488 annorum
619 2454 802 2500 splendore
838 2456 1044 2490 collucentes
1069 2455 1260 2501 conspicati
1284 2454 1530 2499 obstupescunt

60 2497 192 2544 prim03
210 2499 335 2534 deinde
345 2499 428 2545 quia
444 2500 719 2536 animadvertunt
734 2513 802 2536 non
819 2502 941 2537 multos
957 2514 1046 2544 esse,
1062 2501 1241 2548 despectui
1257 2501 1397 2535 habent.
1417 2499 1528 2534 Porro

61 2544 227 2589 optimum
249 2545 294 2580 iis
313 2557 391 2581 esse
406 2546 515 2581 visum
533 2551 608 2590 est,
633 2547 798 2594 praedam
823 2560 846 2583 a
869 2553 970 2595 tergo
997 2560 1064 2583 non
1090 2549 1192 2594 longe
1216 2548 1434 2591 relinquere,
1456 2556 1528 2580 una.

61 2595 175 2625 autem
196 2602 311 2627 omnes
336 2598 431 2628 stare
448 2593 643 2636 confertos,
667 2599 774 2641 atque
796 2594 847 2630 ita
861 2595 1088 2630 Romanorum
1111 2594 1366 2641 impressionem
1387 2591 1529 2626 fortiter

60 2637 244 2673 sustinere.
259 2658 273 2675 x
289 2639 411 2684 Itaque
429 2640 696 2685 expeditissimis
715 2641 985 2686 sagittariorum,
1009 2641 1044 2675 in
1061 2646 1210 2676 extremo
1230 2639 1364 2685 agmine
1383 2638 1529 2683 primum

60 2684 256 2727 collocatis,
280 2686 519 2731 praecipiunt,
542 2691 583 2721 ut
602 2699 691 2722 nunc
709 2688 857 2732 instent,
876 2700 964 2724 nunc
984 2688 1140 2723 conversi
1163 2687 1284 2733 pedem
1305 2685 1459 2719 referant
1483 2694 1528 2719 ac

56 2729 224 2774 fugiendo
243 2737 399 2785 pugnent
420 2743 481 2767 suo
499 2744 617 2776 more;
641 2738 712 2768 tum
731 2739 769 2769 ut
786 2734 823 2768 id
841 2736 962 2770 crebro
981 2734 1122 2777 faciant,
1145 2739 1252 2780 atque
1269 2731 1321 2766 ita
1339 2731 1527 2765 Romanam

58 2777 166 2811 aciem
183 2776 390 2812 ludfficando
406 2780 618 2824 perturbent.
666 2781 769 2826 (ΙΙΙ.)
792 2781 953 2816 Romanis
969 2781 1078 2827 igitur
1093 2791 1216 2826 magno
1234 2778 1345 2813 animo
1358 2776 1527 2811 invaden-

57 2822 166 2865 tibus,
189 2835 231 2859 ac
243 2824 325 2859 belli
339 2824 474 2870 signum
498 2826 660 2862 dantibus
677 2827 791 2870 tubis,
822 2828 938 2863 statim
967 2835 1004 2862 et
1024 2827 1092 2873 ipsi
1107 2828 1236 2862 Persae
1262 2824 1441 2859 clamorem
1458 2823 1527 2858 tol-

57 2867 150 2912 lunt,
173 2874 211 2905 et
233 2881 308 2906 cum
332 2871 461 2907 nostris
484 2872 698 2910 ferocissime
719 2874 930 2922 confligunt:
952 2874 1052 2910 initio
1073 2874 1210 2921 quidem
1228 2870 1281 2908 illi
1300 2870 1464 2914 demum,
1485 2871 1526 2906 ut
