1754 3164
538 153 1022 201 ANNOTATIONES.
1416 150 1440 197 1
1451 150 1548 198 189

9 250 229 334 ἇγουσατῇ
260 259 472 319 ἐπιστήμῃ,
499 277 602 303 κατα
630 278 674 303 το
706 257 838 312 ὀρθόν
867 258 1094 318 μεταλήψῃ.
1127 261 1198 304 καί
1223 277 1270 317 γε
1296 259 1549 331 προσομιλή-

9 333 92 370 σεις
131 317 405 373 Ἀριστοτέλει,
445 318 514 360 καὶ
554 315 616 367 οἷς
653 315 911 371 Ἀλέξανδρος
949 303 1198 360 ἐσπούδασεν
1234 320 1279 361 ἐν
1318 317 1546 375 μετεώροις,

6 392 109 420 κατα
148 393 223 430 την
262 377 429 419 ἐκείνων
469 372 646 430 ὁυναμιν
684 375 753 416 καὶ
789 388 963 442 γνωσιν,
1009 373 1137 429 μηδὲν
1173 379 1247 430 τῆς
1282 381 1358 419 τοῦ
1386 380 1548 432 βιβλίου

8 431 262 488 φαυλότητος
290 432 393 488 πρὸς
416 450 493 487 την
516 450 599 474 των
620 429 836 486 νοημάτων
854 429 1087 486 κατάληψιν
1109 431 1299 487 ἐμποδών
1317 435 1547 490 γενομένης.

7 492 184 533 Alteram
206 491 377 531 Chumni
402 492 625 544 Epistolam
648 491 846 530 indicasse
867 491 1054 531 sufficiat.
1084 492 1259 532 Exstat
1281 499 1413 532 autem
1442 494 1547 533 eius-

7 549 98 590 dem
117 549 213 590 cod.
233 550 331 602 Reg.
353 549 380 588 f.
405 552 500 592 380.
523 549 572 589 V.
596 555 636 588 et
658 549 775 588 istam
804 562 923 601 quam
954 527 1095 588 damus
1122 549 1308 602 proxime
1335 551 1546 604 subsequi-

5 614 86 650 tur.
115 619 269 646 notvm.

118 663 217 718 Pag.
249 663 350 713 179,
380 667 419 707 2.
474 659 583 704 Ἐπεὶ
604 658 646 704 δ’
666 662 837 712 εἴωθεν]
865 662 1103 716 Pachymer.
1138 663 1207 704 lib.
1238 664 1327 706 VII.
1361 679 1448 719 cap.
1469 668 1543 710 23.

5 735 183 763 nocane.

121 778 222 831 Peg.
256 779 356 827 180,
390 776 456 818 15.
514 776 747 830 Διαδέχεται
779 776 914 830 μέντοι
946 776 1017 820 τόν
1047 776 1333 833 πατριαρχικδν
1361 774 1542 833 θρόνον]
1572 816 1578 822 .

7 835 242 888 Pachymer.
268 834 338 873 lib.
361 834 463 872 VIII.
487 848 574 875 can.
595 838 662 877 13.
697 835 953 875 Athanasium
980 836 1111 875 Vecco
1143 837 1277 876 statim
1300 837 1542 877 successisse

5 907 219 949 perperam
249 891 391 930 scribit
410 890 612 931 Phranzes
637 892 710 932 lib.
735 893 763 931 Ι.
794 907 881 946 cap.
905 898 944 936 7.
972 894 1041 932 ubi
1066 894 1253 934 observat
1279 909 1302 933 a
1326 908 1453 947 puero
1479 895 1542 935 vi-

5 958 89 991 tam
112 949 323 990 asceticam
354 949 526 988 coluisse
552 950 594 988 in
629 950 753 989 Ganis
787 950 1013 1002 montibus,
1054 964 1074 989 e
1106 951 1383 1005 Peloponneso
1407 952 1542 991 oriun-

7 1010 123 1058 dum,
154 1007 283 1060 patria
314 1005 519 1056 Andrum,
562 1007 677 1046 cuius
708 1007 984 1060 episcopatum
1016 1010 1257 1048 auctoritate
1286 1010 1540 1062 imperatoris

8 1073 49 1106 et
75 1065 264 1117 suffragio
293 1063 445 1116 Synodi
482 1065 663 1116 gerebat,
716 1079 763 1103 ac
793 1065 1086 1104 Monembasiae
1117 1066 1335 1120 metropoli
1363 1067 1539 1109 suberat.

5 1137 178 1163 nocane.
215 1122 340 1161 Huius
360 1120 569 1160 Athanasii
589 1123 792 1175 Epistolae
814 1123 971 1175 aliaque
996 1124 1191 1175 opuscula
1215 1130 1373 1163 exstant
1390 1124 1432 1163 in
1452 1125 1540 1164 Co-
1558 1161 1561 1162 ⁷

7 1181 97 1220 dice
117 1180 264 1232 Regio,
294 1179 390 1218 olim
411 1180 647 1220 Telleriano.
706 1180 751 1219 ln
771 1180 853 1219 illis
881 1187 975 1219 sunt
992 1180 1196 1232 Epistulae
1216 1195 1285 1220 seu
1310 1182 1538 1222 Relationes

8 1242 74 1282 12.
108 1237 158 1276 ad
189 1237 494 1290 imperatorem,
535 1237 584 1277 de
615 1237 819 1276 residendi
849 1238 1088 1277 necessitate
1120 1238 1302 1277 omnibus
1336 1239 1537 1293 episcopis

5 1294 265 1348 imponenda:
315 1308 367 1334 ex
395 1295 541 1347 quibus
575 1302 657 1334 tres
693 1295 823 1335 editae
863 1310 885 1333 a
923 1295 1142 1345 Tum-iano,
1184 1296 1324 1336 Latine
1365 1302 1534 1337 tantum.

5 1352 215 1392 Praeterea
252 1351 304 1391 ad
341 1351 450 1391 illius
486 1352 681 1406 temporis
709 1366 774 1392 res
803 1352 1064 1392 illustrandas
1105 1353 1274 1394 maxime
1298 1354 1534 1421 pertinent,

8 1407 179 1466 Γραμμα
195 1408 301 1480 περὶ
328 1412 402 1451 τοῦ
431 1413 688 1479 συναχθῆναι
725 1426 822 1458 τους
859 1406 1054 1478 οἷρχιερεΐς
1083 1408 1127 1451 ἔν
1154 1413 1207 1466 τῇ
1236 1406 1382 1467 Χωρᾳ,
1423 1408 1536 1460 ὅπως

3 1470 152 1517 κοινῶς
180 1463 373 1508 ἀπελθεῖν
401 1464 503 1521 πρὸς
530 1465 602 1508 τόν
623 1463 896 1521 αὐτοκράτορα
916 1464 1034 1520 χάριν
1056 1451 1252 1518 ω’φελείας
1279 1471 1432 1521 κοινῆς.
1471 1468 1535 1507 De

5 1522 291 1579 congregandis
319 1524 363 1563 in
386 1522 538 1564 Chorae
563 1525 839 1563 monasterium
866 1522 1132 1578 pontificibus,
1164 1534 1206 1563 ut
1236 1522 1293 1563 ad
1320 1526 1533 1593 imperato-

5 1597 84 1621 rem
114 1581 332 1621 communis
359 1579 544 1620 utilitatis
572 1595 695 1620 causa
722 1579 843 1620 simul
869 1582 1112 1620 conveniant.
1140 1581 1209 1621 fol.
1233 1584 1303 1624 21.
1361 1578 1533 1636 Γράμμα

3 1654 106 1689 προς
126 1635 192 1679 τὸν
222 1637 345 1692 μέγαν
374 1635 603 1690 διοικητην,
633 1638 701 1678 ι’να
717 1635 765 1678 τοὶ
792 1634 1041 1691 ἀδικήσαντα
1065 1634 1219 1693 ἀποδῷ.
1251 1636 1328 1677 Ad
1344 1653 1530 1705 magnum

3 1695 254 1746 Dioecetam,
306 1704 350 1734 ut
387 1711 459 1762 per
494 1695 682 1734 iniuriam
720 1692 858 1734 ablata
895 1696 1083 1734 restituat.
1124 1695 1300 1737 s01.23
1358 1699 1397 1736 Γ
1391 1712 1530 1750 ραμμα

2 1750 106 1805 πρός
132 1750 200 1793 τὸν
230 1747 502 1807 αυτοκροὶτορα
531 1749 599 1793 διὰ
626 1750 675 1793 τοὶ
702 1748 995 1805 χρυσόβουλλα,
1024 1752 1096 1791 ubi
1116 1752 1166 1792 de
1185 1752 1307 1791 rebus
1325 1759 1528 1806 tempora-

2 1809 110 1849 libus
131 1809 464 1849 monasteriorum
488 1809 827 1849 administrandis.
860 1809 963 1848 Ibid.
989 1810 1016 1848 f.
1038 1809 1085 1850 V.
1128 1806 1298 1862 Γραμμα
1326 1825 1430 1864 προς
1455 1825 1528 1852 τον

3 1859 168 1921 βασιλέα
198 1870 325 1921 κῦρον
357 1864 546 1920 Μιχαηλ,
578 1874 652 1906 etc.
696 1867 893 1906 Hortatur
925 1866 977 1905 ad
1006 1866 1304 1906 meditationem
1336 1872 1527 1908 votorum

0 1925 271 1976 Baptismatis.
301 1925 331 1963 s.
350 1927 421 1967 26.
458 1928 497 1964 Γ
490 1940 630 1978 ραμμα
648 1941 751 1978 προς
767 1922 844 1975 τήν
860 1923 1076 1965 δέσποιναν
1092 1940 1168 1977 την
1189 1920 1320 1979 κόραν
1340 1926 1525 1978 Μαρίαν.

1 1980 78 2021 Ad
98 1981 278 2022 Mariam
298 1981 530 2021 Armenam.
559 1982 584 2021 f
612 1986 679 2024 27.
702 1982 746 2024 V
795 1981 993 2035 Scriptam
1027 1988 1129 2034 puto
1160 1980 1266 2020 hanc
1295 1982 1368 2034 Ep.
1391 1981 1525 2021 statim

1 2045 95 2092 post
107 2039 253 2078 Mariae
272 2039 486 2078 adventum
500 2053 551 2078 ex
564 2039 760 2078 Armenia.
794 2038 894 2078 Vide
916 2039 1130 2090 Gregoram
1147 2039 1217 2078 lib.
1237 2038 1302 2079 VI.
1321 2052 1407 2091 cap.
1419 2039 1523 2079 vm.

2 2093 175 2167 Γραμμα
198 2112 303 2166 προς
329 2093 397 2137 τὸν
412 2092 722 2167 αὕτοκρατορα,
752 2095 822 2137 ι’να
841 2092 1041 2151 παιδεύσῃ
1065 2113 1160 2144 τους
1177 2093 1296 2145 υἴους
1320 2094 1449 2138 αὐτου
1465 2097 1523 2144 εἷς

0 2151 51 2193 τοὶ
79 2157 134 2208 τῷ
157 2156 246 2209 θεῷ
276 2149 422 2207 dosora*
460 2153 528 2195 καὶ
555 2156 639 2195 πᾶν
669 2151 714 2196 τὸ
741 2148 938 2206 υπήκοον.
993 2152 1071 2193 Ad
1098 2155 1389 2207 imperatorem,
1421 2162 1463 2192 ut
1485 2162 1522 2192 et

0 2196 146 2250 liberos
179 2220 215 2250 et
244 2208 424 2250 subditos
463 2225 594 2250 omnes
618 2209 860 2250 salutaribus
895 2212 1114 2265 praeceptis
1143 2208 1374 2250 erudiendos
1403 2219 1520 2250 curet.

0 2267 71 2306 fol.
99 2270 165 2311 28.
194 2267 241 2307 V.
295 2263 464 2340 Γρᾶμμα
493 2284 594 2322 προς
622 2265 694 2310 τόν
721 2264 997 2322 αὐτοκράτορα
1030 2267 1122 2321 περὶ
1150 2268 1395 2336 ἐπιστροφῆς
1421 2265 1520 2320 πρός

0 2322 105 2366 θεον
124 2354 134 2363 .
152 2354 162 2365 .
183 2355 193 2366 .
215 2354 224 2364 .
254 2324 324 2366 καὶ
351 2323 443 2380 περὶ
461 2328 537 2367 τοῦ
562 2328 747 2379 τετριγως
766 2322 840 2380 (an
864 2322 1150 2380 τετριγῶτοςὲ)
1171 2320 1327 2366 κτύπου
1348 2324 1516 2365 ἐκείνου.

0 2381 69 2421 fol.
87 2384 154 2424 29.
190 2382 386 2422 Hortatur
411 2382 462 2422 ad
489 2381 777 2436 poenitentiam
805 2382 968 2434 publice
994 2382 1261 2422 indicendam.
1322 2380 1431 2429 Quae
1460 2380 1518 2418 ait

0 2437 51 2478 de
82 2439 256 2479 stridore
282 2454 330 2478 ac
348 2440 504 2491 fragore
528 2440 593 2479 die
615 2439 721 2478 XIII.
747 2439 930 2480 Decemb.
953 2439 1113 2490 audito,
1143 2454 1188 2479 ea
1211 2452 1289 2478 non
1315 2436 1517 2490 pertinent

1 2495 52 2534 ad
74 2502 159 2535 terr
161 2511 206 2535 ae
225 2503 388 2547 motum,
402 2498 452 2536 de
474 2511 554 2549 quo
571 2495 834 2549 pachymeres
851 2497 922 2537 lib.
942 2497 1007 2537 IV.
1030 2511 1118 2550 cap.
1141 2495 1286 2536 XXIV.
1306 2500 1344 2532 et
1363 2494 1515 2544 Grego-

0 2567 63 2592 ras
87 2554 155 2592 lib
179 2554 263 2593 VII.
285 2569 370 2607 cap.
391 2555 418 2593 1.
447 2560 542 2594 sect.
565 2557 605 2596 2.
647 2555 748 2593 Nam
774 2554 809 2592 is
836 2559 969 2594 terrae
987 2561 1128 2594 motus
1154 2550 1320 2602 contigit
1338 2550 1514 2590 Ianuarii
1576 2567 1579 2570 ’

0 2610 64 2649 die
85 2611 210 2649 XVII.
237 2618 282 2650 ut
306 2612 431 2651 tradit
457 2610 643 2664 Pachym.
684 2607 854 2665 Γραμμα
877 2627 978 2667 προς
999 2628 1073 2654 τον
1094 2604 1398 2678 αὖτοκρατορα,
1420 2606 1514 2661 περὶ

0 2682 80 2708 των
99 2665 327 2709 θεοκτόνων
347 2665 574 2718 Ἰουδαίων,
605 2669 674 2709 ινα
697 2668 911 2718 ἐξέλθωσιν
943 2669 988 2710 ἐκ
1006 2672 1087 2737 τῆς
1112 2662 1276 2714 πόλεως.
1321 2661 1513 2703 Πείσίἆαε

0 2722 167 2763 Iudaeos
200 2724 302 2764 Urbe
328 2723 910 2797 eiiciendos.f01.31.11909
935 2723 1003 2768 τὸν
1032 2720 1326 2776 αὐτοκράτορα,
1362 2717 1424 2761 ὅτι
1453 2736 1510 2773 μη

0 2779 93 2836 πρὸς
116 2778 234 2834 εὕχοῖς
254 2782 297 2823 οἱ
316 2780 413 2835 μετα
432 2799 504 2824 του
533 2781 726 2835 βασιλέως
746 2780 792 2824 ἒν
811 2787 896 2832 τοῖς
915 2780 1261 2836 κατηχονμενείοις
1283 2774 1512 2819 συνελθόν-

0 2853 71 2887 ῑδς,
97 2854 199 2894 προς
216 2837 259 2881 δὲ
277 2837 431 2894 τρυφας
452 2839 640 2894 ἔβλεψαν.
676 2837 758 2893 Qui
774 2837 832 2879 ad
853 2837 1150 2881 catechumenia
1168 2850 1256 2877 cum
1279 2835 1511 2889 imperatore
