1794 3172
308 158 442 206 1122
679 162 996 209 NICEPHORI
1022 163 1351 211 GREGORAE

87 284 122 317 A.
141 281 185 315 Μ.
198 281 289 318 6859
303 278 384 332 βου
412 278 531 318 θεοῦ.
571 271 657 317 ἔστι
683 274 729 317 δὲ
756 272 862 317 ἴδιον
887 277 973 318 τῶν
996 279 1280 330 πνευματικῶν
1302 273 1462 321 τούτων
1479 274 1749 335 χαρισμάτων
1763 291 1773 302 ·

138 327 244 366 Ind'4
304 343 441 404 φόβου
460 343 558 399 μὲν,
585 340 612 400 ἦ
634 342 768 399 ἀποχὴ
789 347 873 386 τῶν
890 348 1051 388 κακῶν·
1088 342 1231 401 ῖσχύος
1253 345 1320 399 δὲ,
1358 344 1386 403 ἡ
1406 349 1552 406 πρᾶξις
1570 351 1654 391 τῶν
1672 347 1777 405 ἀγα-

304 418 398 458 θῶν
414 427 424 438 ·
459 416 618 468 βουλῆς
636 413 703 467 δὲ,
741 410 768 469 ἦ
794 417 878 456 τῶν
897 413 1179 470 ἀντικειμένων
1201 412 1425 473 διάκρισις·
1461 414 1689 472 ἐπιστήμης
1718 418 1777 470 δὲ,

266 482 332 540 Fa?
351 486 434 526 τῶν
453 479 725 539 καθηκόντων
743 479 973 535 ἀνόθευτος
993 484 1146 541 εἴδησις
1159 498 1169 509 ·
1204 481 1392 541 γνώσεως
1411 486 1470 540 δὲ,
1493 483 1520 542 ἦ
1539 485 1646 529 κατὰ
1666 485 1779 544 ἐνέρ-

300 570 412 611 γειαν
441 556 524 596 τῶν
559 553 602 595 ἓν
638 559 730 603 ταῖς
764 552 931 609 ἀρεταῖς
962 552 1090 598 θείων
1123 551 1255 611 λόγων
1292 555 1535 613 περίληψις·
1577 554 1794 606 συνέσεωςέ

303 623 370 676 δὲ,
407 620 434 679 ἦ
463 621 567 681 πρὸς
595 621 648 665 τὰ
680 622 922 679 γνωσθέντα
950 621 1091 667 διόλου
1119 627 1197 680 τῆς
1220 629 1362 681 ψυχῆς
1381 622 1668 675 συνδιάθεσις·
1704 641 1779 668 σο·-

303 694 404 751 φίας
432 693 500 746 δὲ,
533 689 560 748 ἦ
592 691 697 750 πρὸς
724 692 797 736 τὸν
825 692 926 736 θεὸν
965 691 1245 751 ἆὸιάγνωστος
1275 694 1438 745 ἕνωσις·
1483 694 1590 739 καθ’
1616 693 1669 751 ’ἢν
1692 700 1782 745 τοῖς

304 762 433 814 ἀξίοις
460 760 488 819 ἦ
517 760 676 821 ἔφεσις,
715 760 944 815 ἀπόλαυσις
967 764 1146 820 γίνεται,
1181 763 1346 818 μεθέξει
1365 768 1543 808 ποιοῦσα
1573 763 1677 808 θεὸν
1706 764 1780 808 τὸν

301 833 550 889 μετέχοντα,
589 833 657 875 καὶ
675 835 751 887 τῆς
768 833 889 884 θείας
918 832 1046 877 αὐτὸν
1069 830 1289 891 ὖποφήτην
1308 838 1556 878 καθιστῶσα
1575 831 1782 892 μακαριό-

151 915 193 951 P.
210 915 280 951 703
303 920 441 959 τητος,
472 901 579 945 κατὰ
599 901 674 958 τὴν
697 901 868 946 ἅένναον
887 902 990 961 πρὸς
1007 902 1106 954 τοὺς
1127 903 1343 958 δεομένους
1363 908 1447 948 τῶν
1468 904 1596 948 θείων
1615 919 1794 960 ‚avenn-1

302 974 401 1031 ρι’ων
422 969 753 1027 ἀνεκπόμπευτον
763 973 976 1030 προβολὴν
993 974 1062 1016 καὶ
1083 973 1310 1025 διέξοδον.”
1346 971 1613 1031 ἐξηγούμενος
1632 975 1658 1016 ὃ
1664 973 1676 989 ²
1702 973 1784 1016 αὗ-

302 1043 375 1094 τὸς
394 1042 446 1086 τὰ
461 1040 569 1085 αὐτά
590 1059 693 1099 φησι
705 1056 715 1066 ·
734 1042 818 1097 „vd
836 1042 939 1101 πρὸς
956 1041 1068 1099 ἡμᾶς
1087 1042 1183 1086 κατ’
1196 1044 1396 1101 ἐνέργειαν
1415 1047 1581 1102 πρῶτον
1599 1042 1778 1100 ἀγαθὸν,

302 1111 404 1171 ὅπερ
423 1112 533 1155 ἐστὶν
556 1109 576 1155 ὃ
598 1100 744 1169 φόβος,
782 1116 1016 1156 τελευταῖον
1037 1111 1364 1171 ἀπηριθμήσατο
1383 1117 1459 1169 τῆς
1476 1117 1640 1171 γραφῆς
1662 1110 1683 1156 ὅ
1707 1110 1781 1157 λό-

301 1199 375 1240 γος
387 1215 402 1236 ,
438 1183 508 1225 καὶ
538 1182 689 1239 σοφίας
709 1179 863 1239 ἀρχήν·
900 1182 978 1240 ἀφ’
1012 1177 1061 1225 οὗ
1093 1180 1320 1237 κινούμενοι
1344 1182 1450 1240 πρὸς
1469 1183 1516 1226 τὸ
1535 1187 1610 1239 τῆς
1629 1183 1781 1240 σοφίας

301 1252 441 1305 τέλος,
478 1251 555 1307 τὴν
579 1249 763 1305 σύνεσιν,
801 1251 1100 1308 ἀναβαίνομεν·
1135 1251 1242 1308 μεθ’
1273 1250 1325 1308 ἣν
1348 1259 1559 1309 προσεχεῖς
1579 1252 1692 1311 αὐτῷ
1716 1269 1794 1309 γι-;

303 1319 466 1377 νόμενοι
484 1324 543 1381 τῷ
572 1325 682 1381 θεῷ,
703 1319 835 1378 μόνην
858 1321 934 1378 τὴν
963 1322 1115 1379 σοφίαν
1134 1325 1210 1378 τῆς
1230 1321 1333 1379 πρὸς
1355 1321 1483 1365 αὐτὸν
1502 1319 1685 1372 ἑνώσεως
1702 1339 1779 1377 με-

264 1389 549 1435 Βσιτεύουσαν
580 1389 764 1446 ἔχοντες·
801 1391 850 1434 οὗ
883 1389 961 1448 γάρ
993 1392 1079 1434 ἐστι
1111 1391 1288 1437 δυνατὸν
1317 1390 1590 1446 ἐπιλαβέσθαι
1610 1392 1776 1449 σοφίας,

302 1459 375 1504 τὸν
395 1459 454 1516 μὴ
474 1457 673 1518 πρότερον
705 1460 774 1504 διὰ
805 1464 880 1504 τοῦ
907 1458 1044 1519 φόβου
1080 1462 1148 1504 καὶ
1177 1464 1261 1504 τῶν
1282 1460 1351 1503 διὰ
1369 1460 1498 1515 μέσου
1519 1464 1673 1504 λοιπῶν
1696 1478 1779 1516 χα-

303 1527 516 1589 ρισμάτων
551 1527 627 1586 τήν
657 1547 700 1573 τε
732 1527 869 1587 λήμην
899 1534 975 1587 τῆς
994 1530 1159 1587 ἀγνοίας
1179 1531 1248 1572 καὶ
1266 1529 1338 1573 τὸν
1357 1534 1433 1587 τῆς
1453 1531 1596 1581 κακίας
1618 1548 1780 1589 κονιορ-

300 1599 373 1644 τὸν
394 1598 529 1660 ἑαυτῷ
550 1604 760 1651 παντελῶς
785 1597 1123 1656 ἀποσεισάμενον.
1160 1599 1229 1643 διὰ
1248 1603 1372 1643 τοῦτο
1393 1603 1482 1660 θεῷ
1501 1600 1575 1656 μὲν
1596 1604 1794 1659 προσεχῆε

394 1688 429 1723 1.
454 1685 531 1723 ἔστι
549 1684 606 1732 δὲ]
631 1685 808 1732 διάληψις
829 1685 1070 1734 ἀποδεικτικὴ
1088 1684 1128 1724 ἐκ
1142 1688 1208 1733 τῆς
1227 1685 1420 1733 ἰδιότητος
1433 1687 1503 1724 τοῦ
1524 1689 1778 1734 πνευματικοῦ

393 1735 631 1780 χαρίσματος.
656 1734 780 1781 φόβου
796 1734 867 1781 γὰρ
884 1735 986 1773 ἴδιον
1005 1733 1126 1781 ἀποχὴ
1143 1735 1218 1770 τῶν
1235 1735 1359 1771 κακῶν
1374 1748 1408 1772 κ.
1428 1737 1460 1771 λ.
1476 1734 1556 1770 edd.
1651 1734 1706 1774 14.
1726 1734 1777 1779 ὥς

392 1782 456 1817 καὶ
476 1782 531 1816 ed.
634 1779 707 1827 ἀφ’
726 1776 771 1828 ἦς
789 1783 846 1821 ed.
946 1784 1003 1820 15.
1027 1781 1212 1829 γινόμεθα
1232 1781 1287 1817 ed.
1391 1784 1450 1819 20.
1473 1784 1659 1825 παντελῶς
1682 1780 1776 1819 ἀπο-

393 1826 612 1874 σεισάμενον
634 1841 700 1864 om.
725 1829 781 1864 ed.

301 1897 375 1941 nis,
401 1898 544 1944 spiritus
569 1898 701 1933 timoris
717 1898 796 1934 Dei.
843 1898 920 1933 Hae
945 1900 1025 1932 sunt
1051 1899 1163 1932 autem
1189 1897 1392 1944 spiritalium
1424 1898 1585 1933 horumce
1614 1898 1776 1934 donorum

301 1945 547 2025 proprietates.
606 1946 757 1981 Timoris
787 1945 982 1991 proprietas
1009 1949 1064 1979 est
1091 1944 1298 1979 abstinentia
1329 1956 1350 1979 a
1373 1945 1482 1980 malis.
1537 1945 1777 1990 Fortitudinis,

329 2002 469 2026 onorum
486 1992 654 2037 operatio.
702 1991 846 2027 Consilii
871 1991 1045 2037 proprium
1066 2002 1152 2036 opus
1171 1996 1242 2033 est,
1268 1991 1486 2026 adversarios
1503 1996 1638 2026 nostros
1654 1991 1779 2038 digno·

301 2048 412 2072 scere.
468 2038 645 2074 Scientiae
666 2039 860 2085 proprietas
891 2043 946 2072 est
968 2036 1117 2083 genuina
1143 2041 1178 2072 et
1209 2038 1341 2073 sincera
1370 2037 1559 2072 officiorum
1587 2043 1778 2073 nostrorum

304 2084 440 2119 notitia.
501 2086 701 2130 Cognitioni
733 2085 875 2131 propria
899 2088 952 2119 est
985 2084 1131 2119 actualis
1159 2085 1419 2130 comprehensio
1446 2084 1657 2127 divinarum,
1690 2097 1778 2130 quae

303 2129 342 2164 in
361 2131 551 2166 virtutibus
573 2136 670 2174 sunt,
694 2132 872 2167 rationum.
918 2130 1102 2176 Proprium
1122 2131 1370 2175 intelligentiae
1394 2142 1513 2166 munus
1539 2136 1613 2174 est,
1638 2132 1778 2166 efficere

305 2180 346 2210 ut
373 2176 484 2212 anima
513 2179 617 2213 rebus
643 2179 679 2213 in
708 2179 902 2213 universum
921 2177 1070 2223 cognitis
1091 2178 1310 2212 assentiatur.
1357 2177 1560 2223 Sapientiae
1584 2178 1778 2223 proprietas

305 2225 362 2258 est
391 2223 512 2268 ignota
535 2236 612 2259 cum
642 2225 717 2260 Deo
741 2224 871 2267 unitio,
896 2235 959 2270 per
985 2235 1084 2270 quam
1113 2235 1227 2259 eorum
1249 2223 1307 2270 qui
1336 2223 1433 2269 digni
1451 2224 1620 2258 habentur
1639 2225 1777 2259 deside-

305 2269 394 2304 rium
417 2270 454 2304 in
477 2271 674 2306 fruitionem
690 2271 847 2306 vertitur.
896 2271 995 2305 Haec
1013 2271 1100 2305 enim
1119 2271 1289 2316 sapientia
1307 2270 1416 2305 Deum
1444 2270 1689 2316 participative
1710 2271 1779 2305 sal-

305 2322 376 2350 tem
400 2317 487 2351 facit
513 2329 609 2359 eum,
633 2317 693 2363 qui
719 2317 893 2363 particeps
918 2317 1027 2363 ipsius
1046 2317 1218 2360 efficitur,
1243 2317 1453 2362 eundemque
1473 2316 1610 2351 divinae
1627 2317 1779 2352 beatitu-

306 2362 399 2397 dinis
424 2364 647 2409 interpretem
673 2364 871 2406 constituit,
896 2375 959 2410 per
984 2364 1099 2410 iugem
1118 2369 1152 2398 et
1174 2364 1367 2398 continuam
1385 2363 1577 2398 divinorum
1595 2364 1778 2409 mysterio-

306 2421 382 2444 rum
412 2409 700 2456 propositionem,
726 2418 761 2445 et
787 2412 830 2445 ab
857 2411 964 2445 omnis
990 2411 1209 2456 arrogantiae
1232 2410 1325 2444 fastu
1344 2410 1487 2444 alienam
1517 2410 1778 2452 enarrationem,

306 2455 342 2490 in
362 2457 510 2501 gratiam
531 2468 665 2499 eorum,
689 2458 749 2504 qui
772 2457 965 2492 huiusmodi
984 2457 1212 2502 explicatione
1225 2455 1414 2501 indigent.’'
1460 2457 1570 2491 Porro
1589 2456 1678 2491 idem
1698 2469 1778 2490 san-

307 2507 384 2537 ctus
403 2503 572 2538 Maximus
597 2504 684 2538 haec
711 2504 844 2549 planius
867 2515 1039 2549 exponens
1062 2504 1113 2538 ita
1134 2503 1297 2549 loquitur.
1346 2502 1477 2545 „Quod
1495 2508 1654 2548 respectu
1668 2503 1779 2537 nostri

307 2549 449 2595 primum
466 2554 546 2584 actu
557 2550 680 2584 bonum
693 2554 747 2585 est
761 2550 901 2596 (nempe
918 2550 1036 2596 timor)
1054 2551 1118 2584 hoc
1132 2561 1233 2584 sacra
1244 2548 1426 2595 Scriptura
1439 2555 1644 2596 postremum
1661 2561 1778 2584 nume—

305 2596 422 2638 ravit,
445 2601 482 2631 et
502 2596 694 2642 sapientiae
713 2596 846 2631 initium
866 2597 1026 2639 vocavit;
1050 2609 1070 2631 a
1093 2608 1161 2643 quo
1187 2608 1249 2631 nos
1277 2596 1430 2641 impulsi,
1455 2595 1498 2630 ad
1523 2596 1714 2642 sapientiae
1735 2596 1779 2630 fi-

306 2653 382 2677 nem
390 2643 543 2687 (scilicet
553 2643 832 2690 intelligentiam)
842 2644 1104 2686 adscendimus3
1128 2655 1226 2689 quam
1244 2642 1364 2687 adepti
1381 2643 1410 2677 si
1422 2642 1598 2684 fuerimus,
1611 2642 1684 2677 Deo
1698 2654 1779 2687 pro-

306 2689 388 2723 ximi
421 2694 456 2725 et
481 2689 656 2724 coniuncti
679 2690 920 2725 adhaeremus:
951 2701 1050 2724 unam
1080 2690 1280 2735 sapientiam
1311 2690 1496 2731 habentes,
1518 2701 1586 2734 qua
1612 2689 1721 2723 media
1743 2691 1779 2722 et

306 2735 507 2779 interiecta,
532 2749 607 2771 cum
623 2737 700 2783 ipso
716 2736 790 2770 Deo
813 2737 1012 2772 adunamur.
1057 2737 1135 2772 Nec
1159 2736 1245 2770 enim
1265 2735 1341 2770 fieri
1360 2739 1495 2781 potest,
1520 2739 1558 2769 ut
1575 2735 1779 2780 sapientiam

309 2781 541 2828 adipiscatur,
565 2783 626 2829 qui
646 2795 712 2817 non
734 2782 828 2828 prius
849 2795 909 2828 per
926 2784 1098 2824 timorem,
1123 2788 1159 2817 et
1179 2782 1312 2828 reliqua
1327 2780 1531 2816 intermedia
1550 2781 1660 2816 sancti
1677 2781 1780 2827 spiri-

306 2833 364 2863 tus
392 2828 501 2871 dona,
532 2829 751 2875 ignorantiae
787 2829 1029 2875 lippitudinem
1060 2834 1097 2864 et
1124 2829 1286 2864 vitiorum
1316 2829 1490 2875 pulverem
1521 2839 1543 2863 a
1571 2840 1609 2862 se
1638 2839 1778 2873 prorsus

306 2875 510 2911 excusserit.
557 2876 782 2924 Quapropter
807 2876 884 2913 Deo
911 2876 1098 2924 proximam
1118 2875 1342 2923 sapientiam,
1366 2874 1464 2911 nobis
1489 2884 1573 2911 vero
1591 2875 1784 2927 proximum¹
