1794 3172
258 133 390 189 1058
409 136 413 140 ’
658 143 979 193 NlCEPHORJ
1006 144 1337 193 GREGORAE

34 267 73 301 A.
90 267 134 300 M.
151 264 404 312 6859χομεν·
442 252 552 299 οὕτω
576 253 675 298 κάπὶ
694 257 799 297 θεοῦ
819 253 903 311 χρὴ
922 260 1041 300 νοεΐν.
1078 258 1154 312 τῆς
1174 255 1253 315 γὰρ
1278 255 1428 309 οὐσίας·
1443 258 1572 304 αὐτοῦ
1598 266 1737 318 καθη-

104 316 171 348 1¹¹⁶·
188 313 384 397 4Εμένης
410 325 453 368 ἐν
482 324 647 384 οὐρανῷ
683 322 758 385 (ὃν
788 321 948 381 θρόνον
979 324 1134 383 εἴρηκεν
1164 324 1192 383 ’ἦ
1220 327 1362 386 γραφὴ
1394 329 1526 387 θεοῦ)
1558 331 1738 399 μετέχειν

261 394 337 439 οὐκ
367 392 674 452 ἕφικνούμεθα·
722 393 946 450 μετέχομεν
980 394 1026 438 δ’
1055 391 1129 439 οὖν
1166 400 1243 452 τῆς
1271 398 1471 455 ἐνεργείας
1497 399 1633 443 αὐτοῦ’
1669 403 1738 444 καὶ

254 468 330 520 τῆς
358 462 598 521 βουλήσεως
628 465 696 507 καὶ
720 465 826 520 ζωῆς
850 465 919 507 καὶ
948 461 1165 521 δυνάμεως
1188 467 1256 509 καὶ
1279 465 1420 523 ἰσχύος
1429 501 1442 522 ,
1472 467 1571 513 ἄνευ
1591 468 1736 521 οὗσίας

256 533 362 592 πρὸς
387 531 500 590 ἡμᾶς
531 531 756 590 κατιούσης
791 531 967 590 ἑκάστης
995 536 1064 578 καὶ
1095 533 1295 592 ποιούσης
1327 536 1569 589 ἀκτίστους·
1608 538 1765 596 ἄλλης-5

255 604 332 658 μὲν
352 601 493 660 οὔσης,
524 604 593 647 καὶ
614 603 776 661 μακρὸν
797 603 845 647 τὸ
870 602 1074 661 διάφορον
1094 606 1138 648 ἐκ
1155 610 1230 662 τῆς
1251 606 1395 658 οὗσίας
1413 605 1608 664 ἐχούσης·
1635 607 1739 653 θεό-

253 690 380 729 τητος
408 673 452 716 δ’
480 672 610 730 οὕσης
640 675 708 716 καὶ
738 672 869 729 αὐτῆς
879 707 894 728 ,
930 673 1125 721 ἀκτίστου
1156 676 1257 731 μὲν,
1293 674 1514 734 ὗφειμένης
1544 678 1584 721 δ’
1620 673 1736 722 miv?

252 746 390 787 ταῦτα
412 743 456 788 δ’
481 743 612 787 αὗτοῦ
636 741 870 796 διεξιόντος,
909 748 1020 798 κῦμα
1046 746 1113 788 καὶ
1131 743 1261 791 σάλον
1281 744 1360 802 εἶχε
1381 747 1430 790 τὸ
1451 742 1564 804 ἦθος
1580 747 1710 791 αὖτοί
1723 762 1736 774 ·

253 814 324 855 καὶ
342 812 512 857 ἐνέκειτο
534 811 650 869 μάλα
672 815 893 871 σφοδρῶς,
925 814 969 856 ἐκ
987 818 1063 857 τοῦ
1090 815 1276 870 μείζονος
1296 815 1507 871 ἀπαιτῶν,
1539 815 1737 875 ὁπότερον

217 880 307 926 Ε’ἷὶν
328 880 496 939 ἑλοίμην
515 883 643 934 αὐτὸς
663 884 778 926 δυοῖν
798 882 933 927 ὄντοιν
949 882 1232 942 πραγμάτοιν,
1264 884 1513 937 ἀντιθέσεως
1538 889 1611 931 καὶ
1635 904 1736 944 συγ-
1751 891 1794 927 10

254 952 534 1004 καταθέσεως.
607 951 708 1012 (H.)
739 951 990 1008 ζΥπολαρἰὺν
1016 958 1116 1012 γοῦν
1147 954 1224 1012 ἐγὼ
1252 955 1357 1014 πρὸς
1386 954 1462 1000 δύο
1485 956 1560 1013 τὴν
1589 974 1739 1016 παροι-
1788 943 1793 948 ”

253 1022 356 1078 μίαν
373 1023 481 1078 μηδὲ
507 1022 580 1066 τὸν
593 1020 803 1081 Ἡρακλέα
827 1025 1026 1067 διδοῦσαν
1049 1022 1188 1068 ἀκούω
1213 1025 1261 1069 τὸ
1289 1024 1501 1070 δύνασθαι
1528 1026 1636 1084 πρὸς
1663 1026 1739 1070 ἀν-

254 1092 433 1135 τίπαλον
456 1091 638 1150 ἔφασκον
663 1089 820 1149 μάχην.
863 1092 982 1150 ,,Ξγώ
1014 1094 1060 1139 δὲ
1090 1095 1157 1137 καὶ
1182 1092 1310 1150 μόνος
1330 1093 1388 1139 ὢν
1408 1096 1632 1150 ἐνταυθοῖ,
1671 1098 1740 1139 καὶ

256 1161 446 1220 δέσμιος,
475 1164 544 1205 καὶ
563 1162 674 1218 μηδὲ
693 1161 830 1220 βραχύ
851 1162 901 1205 τὸ
928 1162 1105 1221 θαῤῥεῖν
1121 1162 1230 1219 ἒχων
1249 1165 1294 1208 ἐκ
1319 1169 1396 1208 τοῦ
1423 1169 1570 1223 καιροῦ
1577 1198 1592 1219 ,
1635 1166 1741 1223 πρὸς

257 1228 333 1275 δύο
350 1230 424 1274 τὸν
442 1230 580 1289 ἀγῶνα
602 1236 814 1275 ποιεῖσθαι
834 1230 1160 1288 ἀναγκαζόμενος
1168 1266 1183 1287 ,
1215 1234 1523 1293 τεθαρρηκυιάς
1541 1232 1739 1279 ‹inuocau-
1752 1241 1794 1277 15

257 1317 336 1351 τας
353 1301 395 1344 ἓν
416 1301 557 1362 ταύτῷ
581 1302 649 1345 καὶ
669 1299 856 1358 γλώττας
875 1303 942 1345 καὶ
962 1299 1130 1359 γνώμας
1135 1335 1148 1356 ,
1182 1303 1225 1346 ἕν
1247 1302 1476 1363 ἀμαρτύρῳ
1505 1305 1662 1363 σταδίῳ
1684 1304 1740 1347 τοὶ

102 1378 146 1416 P.
167 1379 238 1416 666
259 1370 366 1414 κατὰ
383 1368 585 1427 βούλησιν
604 1369 769 1414 ἅπαντα
788 1371 911 1428 λέγειν
930 1368 1103 1430 ἀφόβως
1120 1369 1295 1428 ἐχούσας
1321 1374 1390 1416 καὶ
1410 1372 1736 1431 ἀποφαίνεσθαι,

257 1442 326 1484 καὶ
361 1437 599 1495 διαβάλλειν
628 1440 733 1498 πρὸς
762 1438 948 1492 ἀπόντας
977 1432 1203 1496 ἀπιόντας,
1247 1439 1351 1499 μήτ’
1383 1442 1485 1498 ἐμοῦ·
1513 1440 1735 1501 παρόντος,

104 1517 148 1553 V.
165 1518 236 1555 537
257 1507 362 1566 μήτ’
389 1509 557 1560 οὐδενὸς
580 1507 720 1567 ἑτέρου
747 1514 822 1554 τοῦ
850 1509 925 1566 τὴν
957 1507 1159 1566 ἀλήθειαν
1190 1510 1286 1554 ἀντ’
1315 1512 1417 1566 ἐμοῦ
1444 1509 1740 1569 μαρτυρήσον-

255 1596 354 1634 τος,
397 1579 440 1623 ἓν
467 1583 598 1639 στενῷ
626 1581 778 1638 κομιδῇ
809 1579 886 1636 τὴν
913 1584 991 1636 τῆς
1014 1579 1247 1637 ἀμηχανίας
1277 1578 1362 1639 δρῶ
1395 1598 1469 1637 μοι
1499 1583 1794 1639 περίστασινὲο

255 1647 491 1706 ἑστηκυῖαν.
539 1648 661 1700 ὄντος
681 1649 761 1707 γὰρ
794 1647 989 1708 ἑκατέρου
1019 1651 1170 1709 κομιδῇ
1199 1654 1400 1709 φορτικοῦ
1412 1683 1428 1705 ,
1466 1655 1542 1694 τοῦ
1574 1668 1618 1694 τε
1647 1655 1739 1709 σιγῇ

256 1719 336 1770 τοὶς
352 1723 429 1776 τῆς
446 1722 523 1762 νῦν
543 1718 671 1776 ἀκοῆς
696 1719 865 1776 ἐνεγκεῖν
894 1720 1112 1778 τρικυμίας
1140 1721 1210 1763 καὶ
1242 1724 1319 1764 τοῦ
1349 1724 1608 1778 παραχρῆμα
1639 1720 1740 1771 τοὺς

220 1792 335 1846 Βτῆς
354 1788 529 1839 ἀτοπίας
555 1788 745 1847 ἐλέγχους
763 1789 939 1845 κομίζειν
960 1786 1081 1845 ὖμῖν,
1117 1787 1191 1841 οὓς
1218 1789 1334 1847 τάμὰ
1357 1788 1596 1846 διαβάλλειν
1618 1789 1739 1834 οὐδὲν

259 1978 350 2014 quae
366 1966 413 2002 ad
429 1978 492 2002 nos
517 1966 718 2014 descendit,
739 1979 856 2003 sumus
881 1967 1090 2014 participes,
1112 1967 1164 2003 ita
1181 1970 1217 2003 et
1236 1966 1281 2003 de
1305 1967 1381 2004 Deo
1399 1968 1499 2004 nobis
1518 1967 1738 2014 cogitandum

260 2019 327 2051 est.
373 2014 466 2049 Nam
484 2013 557 2049 eius
575 2014 801 2050 substantiam
826 2014 1034 2049 residentem
1056 2015 1093 2049 in
1113 2015 1209 2050 caelo
1230 2015 1351 2061 (quem
1368 2015 1437 2050 Dei
1455 2017 1616 2050 thronum
1636 2027 1738 2050 sacra

260 2060 445 2106 Scriptura
462 2061 622 2106 vocavit)
646 2061 859 2108 participare
880 2072 948 2095 non
965 2062 1136 2104 valemus,
1161 2061 1223 2096 sed
1244 2063 1319 2096 eius
1335 2062 1591 2108 operationem,
1614 2062 1739 2097 volun-

260 2110 388 2149 tatem,
410 2107 533 2150 vitam,
565 2107 752 2154 potentiam
780 2111 817 2142 et
849 2107 1012 2143 virtutem
1042 2108 1309 2154 participamus,
1341 2120 1484 2154 quarum
1510 2120 1738 2154 unaquaeque

261 2153 393 2199 absque
411 2154 606 2188 substantia
631 2154 810 2189 descendit
829 2153 874 2188 ad
895 2166 977 2197 nos,
1002 2166 1089 2201 quos
1114 2158 1151 2190 et
1171 2155 1343 2190 increatus
1361 2155 1483 2192 efficit.
1533 2155 1582 2189 Et
1603 2154 1741 2201 quidem

260 2198 396 2234 illarum
427 2194 603 2246 quae‘libet
630 2201 699 2236 alia
722 2205 777 2234 est
799 2211 820 2234 a
843 2200 959 2236 divina
985 2201 1201 2244 substantia,
1235 2214 1256 2236 a
1281 2213 1350 2247 qua
1370 2202 1473 2247 longe
1492 2200 1622 2243 distat;
1647 2205 1739 2235 atta-

261 2257 340 2281 men
355 2246 434 2292 ipsa
454 2258 591 2292 quoque
605 2247 728 2282 Deitas
746 2250 800 2281 est
816 2246 983 2289 increata,
1001 2248 1155 2294 quamvis
1175 2246 1352 2283 inferiorss’
1400 2248 1486 2282 Cum
1503 2247 1574 2282 ista
1592 2247 1738 2282 dicendo

262 2297 503 2339 percurreret,
526 2293 630 2327 maris
649 2293 804 2328 adinstar
828 2295 1011 2330 aestuabat
1036 2299 1072 2330 et
1099 2295 1376 2330 commovebatur
1397 2293 1471 2328 eius
1496 2293 1644 2329 animus:
1667 2297 1740 2328 tum

263 2338 371 2374 multo
389 2339 499 2385 magis
517 2339 691 2383 instabat,
715 2351 736 2374 a
752 2351 806 2374 me
823 2351 991 2387 quaerens
1002 2366 1014 2383 ,
1037 2346 1151 2376 utrum
1172 2353 1192 2375 e
1208 2341 1341 2375 duobus
1363 2340 1552 2386 eligerem3
1573 2351 1650 2374 num
1669 2340 1741 2374 sci-

263 2385 350 2420 licet
365 2386 656 2428 contradicerem,
681 2398 726 2421 an
744 2398 827 2421 vero
846 2388 1042 2423 assentirer.
1090 2387 1227 2433 (VIII.)
1251 2387 1328 2432 Ego
1352 2386 1473 2432 itaque
1499 2387 1590 2420 hunc
1612 2386 1647 2421 in
1667 2398 1740 2421 mo-

263 2432 347 2467 dum
365 2433 541 2479 respondi.
566 2433 650 2475 „Ne
666 2433 836 2467 Hercules
855 2434 992 2480 quidem
1010 2434 1177 2470 adversus
1194 2435 1280 2469 duos
1297 2433 1418 2479 aequis
1434 2432 1566 2468 viribus
1585 2444 1741 2478 pugnare
1757 2460 1759 2463 .

262 2483 406 2526 posset,
429 2482 469 2513 ut
489 2491 534 2514 ex
558 2479 671 2514 veteri
689 2480 873 2525 proverbio
902 2480 1022 2516 didici.
1075 2481 1182 2516 Porro
1210 2491 1281 2514 sum
1307 2479 1363 2513 hic
1390 2479 1505 2522 solus,
1529 2482 1566 2514 et
1590 2479 1740 2521 vinctus,

262 2525 322 2560 cui
340 2537 385 2561 ne
410 2525 581 2560 tantillum
602 2525 739 2572 quidem
762 2526 889 2562 audere
915 2539 979 2573 per
1003 2528 1068 2563 hoc
1084 2531 1219 2572 tempus
1234 2527 1326 2561 licet.
1375 2526 1493 2571 Cogor
1522 2530 1637 2561 tamen
1663 2537 1741 2560 cer-

262 2574 343 2606 tare
363 2572 534 2607 adversus
553 2572 659 2615 duos,
683 2573 745 2618 qui
774 2573 922 2608 audaces
946 2574 1083 2619 linguas
1104 2578 1140 2608 et
1166 2577 1296 2608 mentes
1321 2573 1454 2621 pariter
1480 2576 1678 2613 armarunt,
1704 2574 1742 2606 et

262 2617 300 2652 in
316 2618 430 2653 stadio
450 2619 515 2654 hoc
531 2619 677 2653 testibus
694 2630 804 2654 vacuo
822 2631 1048 2665 quaecunque
1063 2619 1235 2655 voluerint
1252 2619 1347 2664 loqui
1365 2624 1402 2654 et
1418 2619 1644 2664 pronunciare
1660 2629 1742 2663 pos-

264 2669 370 2699 sunt:
403 2666 465 2700 ubi
491 2669 604 2700 autem
621 2665 850 2707 recesserint,
881 2666 967 2712 ipsis
988 2667 1094 2702 facile
1122 2665 1189 2701 erit
1211 2666 1305 2712 apud
1333 2666 1493 2700 absentes
1528 2664 1740 2706 calumniari,

263 2710 345 2745 dum
361 2722 425 2746 nec
443 2723 508 2757 ego
528 2712 646 2754 adero,
669 2724 734 2747 nec
751 2712 850 2753 alius,
869 2713 928 2758 qui
945 2725 1021 2748 mea
1039 2713 1118 2747 vice
1132 2712 1274 2747 veritati
1290 2711 1519 2747 testimonium
1537 2711 1741 2756 perhibeat=

267 2758 360 2792 uude
382 2758 419 2793 in
435 2769 576 2804 magnas
590 2770 704 2793 rerum
718 2758 900 2803 angustias
919 2765 955 2794 et
974 2759 1198 2794 difficultates
1219 2759 1399 2794 redactum
1421 2769 1474 2792 me
1492 2758 1607 2792 video.
1647 2756 1740 2790 Nam

266 2813 344 2838 cum
360 2807 546 2850 utrumque
572 2805 676 2840 valde
700 2805 875 2839 molestum
896 2817 936 2840 ac
961 2818 1070 2851 grave
1086 2806 1152 2848 sit,
1177 2816 1237 2840 seu
1261 2806 1467 2847 verborum,
1492 2815 1584 2849 quae
1605 2802 1739 2837 audivi-

267 2860 363 2893 mus,
387 2851 488 2898 quasi
503 2851 709 2888 decumanos
726 2851 852 2888 fluctus
869 2863 945 2887 cum
963 2852 1100 2888 silentio
1119 2851 1289 2895 tolerare,
1313 2863 1376 2887 seu
1393 2850 1660 2898 extemporalem
1676 2849 1740 2884 ha-
