1794 3172
306 136 626 210 msToRIAE
651 160 1026 207 ΒῩΖΑΝΠΝΑΕ
1052 161 1174 206 xv1.
1203 164 1247 211 5.
1374 168 1379 173 ·
1409 154 1511 206 825

30 275 77 328 ὃς
94 275 210 336 αὗτῷ
229 274 469 335 φιλονείκως
495 272 598 318 ποτὲ
625 271 925 330 διαφερομένω
957 271 1209 330 Φαβωρίνου
1234 269 1562 331 τοῦ’φιλοσό-Α.
1583 290 1621 322 c.
1640 286 1730 325 1347

27 363 136 405 φου,
169 345 559 397 ἐξὸνάποκτείνειν,
593 339 616 386 ὃ
645 342 692 386 δὲ
716 342 882 398 οὐδαμῆ
902 339 1191 400 παρωξύνετο,
1224 340 1321 386 ἀλλ’
1345 337 1730 418 ἐνεκαροωιῐζέἓοῗω

27 415 134 474 τέρει
166 418 226 474 τῷ
252 414 436 474 μειλιχίῳ
467 416 544 457 τοῦ
572 410 734 468 ἤθους,
770 410 853 455 ἀπὸ
884 416 960 455 τοῦ
979 410 1072 454 ἴσου
1092 408 1402 469 διαφερόμενος.
1445 413 1552 463 &ap
1648 407 1657 417 ⁶

27 484 252 528 κάνταῦθα
276 487 437 540 μᾶλλον
476 480 499 527 ὃ
529 480 726 537 βασιλεῦς
754 478 1012 536 ἐθαυμάζετο
1044 480 1151 538 πρὸς
1177 484 1262 524 τῶν
1290 478 1510 539 παρόντων

0 554 100 597 ὅδιὰ
125 554 173 597 τὸ
191 557 267 597 τοῦ
286 551 424 609 ἤθους
443 549 596 609 ἥμερον
605 583 621 605 ,
651 549 756 607 ἤπερ
777 550 856 608 ἐγὼ
870 550 940 594 διὰ
962 549 1012 594 τό
1034 554 1111 594 τοῦ
1132 547 1255 607 ζήλου
1271 551 1505 606 θυμοειδές.

28 622 122 683 (Ζ.)
161 619 335 666 Τούτων
363 621 407 665 δ’
438 619 573 671 οὕτως
601 618 802 675 ἐχόντων,
842 621 910 663 καὶ
940 618 1051 664 οὕτω
1073 617 1295 677 χωρούσης
1323 624 1400 677 τῆς
1424 625 1510 666 τῶν

25 689 283 749 πραγμάτων
309 688 461 747 τύχης,
498 688 594 734 οὔδ’
630 688 763 740 οὕτως
780 684 832 746 ἦν
848 687 984 746 ἡσυχῆ
1001 687 1241 746 καθήμενον
1258 689 1399 749 φέρειν.
1412 691 1506 747 ἐμέ·

28 761 124 805 ἀλλ’
165 758 425 819 ἐδυσφόρουν
458 761 527 803 καὶ
563 757 796 815 ἤσχαλλον,
848 760 918 802 καὶ
955 759 1086 815 με’σης
1119 757 1274 815 ἥπτετό
1310 777 1395 816 μου
1432 765 1510 818 τῆς

27 831 202 888 καρδίας
240 830 289 874 τὸ
318 827 483 880 πάθος·
533 830 602 872 καὶ
639 828 784 887 καιρὸν
811 833 889 885 τῆς
927 828 1029 885 ε’μῆς
1062 826 1231 885 ἐζήτουν
1263 829 1636 887 προθέσεωςΡ.520

0 899 144 951 ῠᾶξιόν
164 917 218 953 τι,
249 901 345 958 πρὶν
360 897 442 943 ὗπό
464 895 598 955 λύπης
619 903 786 952 παθεῖν,
806 898 1059 955 δεδρακέναι.
1094 902 1172 942 τοῦ
1192 898 1239 942 δὲ
1250 896 1407 957 χρόνου
1418 918 1509 956 χω-

29 974 200 1028 ροῦντος
226 969 268 1020 ἐς
298 968 347 1012 τὸ
379 973 456 1012 τοῦ
489 965 766 1027 φθινοπώρου
794 968 945 1026 πέρας,
984 967 1123 1024 ἐπειδὴ
1154 971 1215 1028 τῷ
1242 972 1412 1024 βασιλεῖ
1436 970 1507 1013 διὰ

26 1042 263 1083 Ματθαΐον
286 1038 359 1082 τὸν
379 1038 485 1092 υἱὸν,
510 1035 568 1088 ὥς
590 1037 762 1095 εἴρηται,
786 1037 855 1081 διὰ
877 1039 1065 1094 σπουδῆς
1083 1037 1351 1096 ἀφικνεῖσθαι
1372 1039 1415 1090 ἐς
1425 1040 1509 1084 Δι-

28 1107 270 1163 δυμότειχον
297 1103 362 1163 ἦν,
388 1108 460 1151 ἵνα
481 1106 532 1163 δὴ
553 1105 810 1162 λυπούμενον
837 1107 987 1151 ε’κεΐνον
1015 1106 1400 1165 παραμυθούμενος
1429 1108 1509 1160 τὰς

27 1182 103 1233 τῆς
120 1178 337 1233 βασιλίδος
365 1174 547 1234 Εἰρήνης
573 1177 810 1233 ἐπαγγελίας
841 1178 898 1228 εἰς
919 1176 1038 1235 ἔργον
1069 1174 1227 1236 ἀγάγῃ,
1262 1182 1413 1222 τοῦτον
1429 1178 1508 1236 ἐγὼ

0 1247 102 1292 Ετὸν
124 1246 266 1304 καιρὸν
294 1246 459 1303 ἀγαθὸν
489 1243 746 1302 ἡγησάμενος
772 1246 942 1304 ἕρμαιον
950 1280 965 1300 ,
1005 1248 1074 1290 καὶ
1100 1253 1188 1297 τοῖς
1211 1247 1545 1303 σκοπουμένοιςΒ

3 1339 5 1342 ’
28 1318 211 1370 ἐπιεικῶς
228 1333 300 1371 μοι
320 1312 597 1373 προσήκοντα,
620 1313 811 1372 πρόσειμι
826 1316 925 1358 κατ’
947 1316 1058 1359 ἰδιάν
1067 1306 1224 1375 Εἰρήνῃ
1236 1321 1288 1375 τῇ
1305 1318 1504 1373 βασιλίδι,

28 1388 97 1429 καὶ
123 1384 212 1440 ἅμα
231 1389 308 1428 τοῦ
330 1402 373 1428 τε
391 1382 513 1440 ζήλου
537 1385 664 1440 δῆλον
684 1385 835 1441 τίθημι
855 1384 906 1427 τὸ
931 1384 1082 1443 φλέγον
1113 1387 1182 1429 καὶ
1203 1384 1304 1437 τούς
1327 1404 1372 1443 γε
1398 1385 1505 1445 ὖπέρ

29 1455 235 1510 εὐσεβείας
262 1454 482 1512 ἄνθρακας
512 1451 791 1498 ἀνακαλύπτω
818 1457 896 1510 τῆς
926 1454 1029 1510 ἐμῆς
1054 1456 1252 1512 καρδίας,
1292 1455 1391 1499 κάπὶ
1426 1456 1507 1516 νέῳ

29 1527 98 1568 καὶ
117 1522 340 1580 ἀκμάζοντι
355 1527 416 1583 τῷ
436 1527 511 1567 τοῦ
530 1522 679 1574 παιδὸς
694 1523 769 1579 τὴν
790 1523 964 1579 καρδίαν
981 1523 1083 1574 τέως
1100 1523 1386 1580 ἠσχολημὲνην
1407 1524 1506 1568 πέν-

0 1599 98 1639 οθει
132 1598 210 1650 τῆς
249 1594 400 1636 ἐκείνου
431 1596 623 1649 τελευτῆς
663 1589 911 1636 αἰτιώτατον
946 1590 1127 1650 ἔφασκον
1158 1591 1260 1636 εἶναι
1305 1594 1382 1649 τὴν
1419 1597 1504 1637 τῶν

31 1661 250 1720 δογμάτων
271 1660 495 1706 κατάλυσιν
507 1675 517 1685 ·
540 1656 591 1718 ἧς
607 1659 629 1705 ὅ
651 1662 802 1705 ἐκείνου
822 1660 961 1719 πατὴρ
980 1662 1223 1718 ἐνδιαίτημα
1242 1662 1414 1718 βέβαιον
1432 1681 1508 1706 πε-

27 1732 196 1790 πραχὼς
228 1731 305 1788 τὴν
335 1732 510 1790 καρδίαν
545 1732 740 1789 μεγίστην
764 1737 854 1781 τοῖς
887 1737 1028 1782 κακοῖς
1057 1729 1242 1774 ἐδεδώκει
1278 1732 1412 1790 ῥοπὴν
1446 1734 1543 1782 εἰςΟ

25 1803 104 1858 τὴν
123 1806 198 1858 τῆς
218 1802 363 1852 κακίας
393 1802 586 1845 ἐπίδοσιν.
622 1799 749 1844 ταῦτ’
782 1799 906 1844 εἰπὼν
935 1802 1004 1844 καὶ
1034 1801 1158 1844 πλείω
1175 1807 1263 1851 τοΐς
1281 1800 1507 1859 εἰρημένοις

28 1869 244 1915 ἀκόλουθα
272 1871 514 1930 παρενείρας
540 1871 585 1914 ἐκ
615 1874 690 1927 τῆς
717 1874 883 1930 γραφῆς
909 1870 1014 1934 ῥᾷον
1046 1868 1074 1927 ἢ
1106 1869 1213 1914 κατὰ
1242 1870 1319 1921 τὰς
1338 1872 1506 1922 ἐλπίδας

121 1959 178 1994 19.
203 1955 430 2005 ἧσχολημένῃ
454 1957 541 1994 coni.
563 1959 666 1994 Boiv.

27 2028 259 2064 Phavorinum
278 2028 519 2075 philosophum
536 2039 649 2064 secum
667 2028 890 2065 altercantem
910 2028 1071 2066 occidere
1088 2039 1163 2065 cum
1175 2031 1305 2077 posset,
1318 2027 1502 2075 nequidem

26 2075 256 2116 irascebatur,
281 2076 344 2110 sed
362 2076 397 2110 iu
414 2087 541 2110 morum
556 2076 817 2111 mansuetudine
840 2077 1102 2122 perseverabat,
1126 2082 1163 2111 et
1183 2088 1260 2112 cum
1277 2088 1319 2111 eo
1336 2081 1500 2121 tanquam

27 2133 104 2157 cum
122 2121 259 2168 aequali
271 2122 463 2157 rixabatur.
510 2123 566 2158 Ea
584 2126 726 2168 propter
745 2122 801 2158 hic
820 2134 958 2170 quoque
972 2124 1213 2170 imperatorem
1230 2123 1258 2157 ii
1277 2122 1339 2168 qui
1354 2123 1502 2157 aderant

28 2168 285 2203 admirabantur
294 2169 417 2215 magis,
441 2169 533 2214 quod
550 2175 643 2204 esset
660 2169 733 2204 miti
753 2170 906 2215 ingenio,
930 2181 1032 2217 quam
1046 2182 1110 2213 me,
1135 2170 1227 2216 quod
1244 2169 1355 2204 zelum
1371 2169 1502 2203 animo-

28 2227 104 2250 sum
122 2216 344 2261 praeferrem.
392 2215 512 2261 (Vll.)
534 2215 633 2251 Haec
650 2227 727 2250 cum
742 2216 795 2251 ita
811 2220 944 2259 essent,
969 2223 1006 2253 et
1023 2217 1059 2252 in
1079 2218 1167 2252 hunc
1186 2216 1322 2251 modum
1343 2227 1400 2250 res
1420 2225 1500 2249 suc—

29 2261 213 2304 cederent,
237 2273 301 2297 nec
321 2267 392 2297 tum
409 2262 549 2308 quidem
569 2262 664 2308 potui
684 2262 820 2308 quietus
837 2264 959 2299 sedere
978 2268 1014 2299 et
1032 2263 1207 2310 patienter
1222 2263 1338 2304 ferre3
1362 2261 1422 2295 sed
1443 2273 1503 2295 ae-

29 2320 94 2354 gre
116 2308 181 2343 tuli
205 2314 242 2343 et
266 2307 467 2355 indignatus
487 2320 580 2350 sum,
615 2313 652 2343 et
667 2309 821 2344 intimum
837 2314 958 2356 pectus
973 2310 1069 2346 dolor
1088 2309 1229 2355 attigit3
1252 2315 1357 2355 atque
1374 2318 1504 2353 oppor-

29 2360 149 2389 tunum
170 2366 213 2389 ex
231 2366 271 2388 eo
294 2359 430 2401 tempus
449 2355 609 2402 captavi,
634 2358 673 2390 ut
691 2362 874 2402 antequam
899 2357 1046 2392 moerori
1068 2357 1320 2391 succumberem
1333 2380 1344 2397 ‚
1369 2352 1504 2399 aliquid

29 2401 207 2447 proposito
224 2413 299 2436 meo
320 2402 457 2447 dignum
475 2413 647 2437 navatem.
694 2402 866 2449 Tempore
884 2403 1003 2449 itaque
1022 2402 1243 2450 procedente,
1269 2402 1331 2436 sub
1350 2398 1503 2435 autumni

29 2448 153 2489 finem,
177 2459 253 2482 cum
273 2451 331 2493 (ut
346 2449 512 2494 diximus)
535 2449 722 2495 imperator
745 2450 914 2485 Matthaei
935 2450 999 2484 filii
1022 2459 1128 2485 causa
1147 2448 1425 2494 Didymoticbum
1450 2445 1503 2480 ire

30 2494 236 2536 festinaret,
258 2494 393 2530 tristem
414 2496 578 2531 videlicet
602 2507 678 2530 eum
699 2496 952 2539 consolaturus,
975 2500 1012 2532 et
1030 2495 1261 2542 imperatricis
1280 2495 1398 2528 Irenes
1420 2503 1504 2538 pro-

31 2539 136 2575 missa
152 2541 387 2585 perfecturu33
410 2542 495 2577 illud
515 2554 580 2588 ego
598 2547 730 2588 tempus
747 2543 784 2577 in
800 2543 895 2579 lucro
911 2544 1096 2590 deputam,
1119 2547 1157 2577 et
1173 2541 1254 2576 mihi
1276 2539 1319 2575 ad
1339 2548 1392 2580 ea,
1411 2549 1500 2583 quae

31 2587 236 2629 meditabar,
258 2588 361 2623 valde
381 2594 611 2635 opportunum
627 2596 745 2631 ratus,
769 2590 1020 2635 imperatricem
1038 2590 1163 2624 Irenen
1182 2586 1342 2634 privatim
1367 2596 1500 2619 conve-

30 2633 109 2675 ni03
131 2631 198 2667 zeli
210 2633 381 2670 fervorem
400 2636 551 2678 declaro,
570 2640 606 2670 et
620 2636 765 2670 animum
781 2635 959 2682 religionis
977 2647 1093 2671 amore
1107 2634 1349 2669 inflammatum
1366 2631 1501 2677 aperio.

32 2679 204 2720 Quoniam
227 2685 339 2715 autem
359 2682 491 2717 recenti
517 2687 553 2717 et
570 2682 676 2717 crudo
696 2682 761 2716 filii
780 2682 905 2717 mortui
927 2682 1101 2718 desiderio
1120 2681 1231 2716 teneri
1257 2679 1401 2714 animum
1426 2677 1501 2711 eius

31 2725 204 2767 videbam,
228 2737 363 2762 cansam
379 2729 454 2763 eius
474 2728 593 2764 mortis
611 2728 826 2764 verissimam
842 2741 920 2764 esse
938 2729 1070 2764 affirmo
1083 2728 1281 2772 dogmatum
1304 2723 1501 2778 corruptio-

31 2782 127 2812 nem.
151 2772 208 2806 cui
234 2778 334 2818 pater
360 2774 519 2810 defuncti
546 2775 672 2810 firmam
696 2775 813 2810 sedem
838 2786 901 2810 suo
926 2775 963 2810 in
989 2775 1095 2810 corde
1115 2773 1272 2814 fixisset,
1296 2783 1336 2806 ac
1359 2770 1502 2816 proinde

30 2818 211 2853 maximum
238 2819 403 2866 improbis
429 2822 564 2868 pondus
583 2822 627 2856 ad
647 2821 790 2857 sceleris
812 2821 1055 2857 incrementum
1080 2819 1284 2856 addidisset.
1331 2816 1430 2852 Haec
1449 2817 1500 2870 io-

31 2869 175 2910 quutus,
201 2877 278 2900 cum
297 2870 334 2901 et
349 2867 451 2914 plura
465 2869 520 2903 his
538 2868 659 2903 affinia
678 2879 720 2903 ex
736 2879 837 2905 sacra
855 2868 1039 2916 Scriptura
1052 2865 1342 2907 interseruissem,
1365 2863 1502 2898 facinus

124 2923 342 2970 Nicephorum
361 2927 509 2974 Gregor.
546 2927 621 2964 Vol.
648 2928 696 2963 ΙΙ.
1170 2916 1226 2958 53
