1794 3172
238 141 344 190 962
647 143 964 190 NICEPHORI
998 143 1322 190 GREGORAE

16 274 56 306 A.
73 273 120 306 lu.
139 269 232 308 6859
243 254 306 314 οἷς
331 258 375 311 Ιοἳ
406 256 482 313 μὲν
512 249 848 313 ἐπαγγελλόμενοι
876 253 1010 310 μηδὲν.
1028 253 1176 299 εῗδέναι
1207 252 1446 315 σοφώτατοι
1473 254 1641 302 πάντων
1666 260 1724 302 εἶ-

73 316 351 400 ῙΜΑΒσίνΡ
396 325 501 370 ἀλλὰ
530 325 609 382 γὰρ
641 324 838 379 ἐπιλείψει
860 321 1012 382 χρόνος
1030 322 1151 379 ὅλος,
1193 327 1369 381 κομίζειν
1387 319 1628 384 θελήσαντα
1656 330 1726 372 καὶ

240 401 316 442 τοῦ
337 393 517 453 μεγάλου
541 390 692 438 τούτου
718 397 940 452 φωστῆρος
968 398 1044 451 τῆς
1073 395 1289 452 ἐκκλησίας
1301 429 1315 450 ,
1354 393 1488 440 ὁπόσα
1514 401 1724 454 θεολογεῖν

239 485 285 511 τε
304 464 525 523 ἀποτρέπει
544 465 612 506 καὶ
631 461 764 519 μόνην
789 462 1052 517 ἀσπάζεσθαι
1071 468 1155 508 τῶν
1178 459 1398 523 δογμάτων
1426 463 1531 521 ὅμοῦ
1562 468 1629 510 καὶ
1651 470 1725 523 τῆς

239 537 414 585 πίστεως
434 530 662 590 ἁπλότητα.
701 532 799 576 ἀλλ’
827 532 907 592 ὅρα
928 531 979 590 δή
1000 551 1075 589 μοι
1094 536 1163 578 καὶ
1182 535 1256 579 τὸν
1266 535 1396 593 μέγαν
1414 540 1490 592 τῆς
1509 537 1755 593 ἕκκλησίαςὸ

241 603 435 661 ἀθλητὴν
465 604 534 647 καὶ
565 600 817 647 διδάσκαλον
840 601 1117 659 Ἀθανάσιον,
1158 605 1218 662 μὴ
1249 605 1473 661 ἀνέχεσθαι
1509 603 1727 664 φάσκοντα

241 679 327 719 τῶν
355 673 464 717 κατὰ
488 677 566 729 τῆς
586 674 761 723 πίστεως
782 672 1096 731 ἐπιχειρούντων
1118 681 1398 731 καινοτομεῖν,
1431 674 1510 719 κᾶν
1534 676 1612 726 τὰς
1644 675 1726 718 ἀπὸ

204 748 329 792 cmiv
355 747 530 802 γραφῶν
550 743 675 794 λέξεις
695 743 970 801 φθέγγωνται.
1006 742 1091 798 „01²1
1111 744 1191 802 γὰρ
1213 745 1327 804 ὀρθῇ
1346 746 1524 806 διανοίᾳ,
1549 744 1645 788 ἀλλ’
1672 743 1728 795 ὥς

244 813 403 870 ἔνδυμα
434 809 659 871 προβάτων
688 811 742 856 τὰ
770 811 939 872 ῥήματα
959 813 1320 872 περιβαλλόμενοι,
1351 813 1468 859 ἔνδον
1492 815 1545 858 τὰ
1568 815 1728 872 Ἀρείου

245 887 497 943 φρονοῦσιν,
530 880 587 933 ὥς
605 885 689 926 τῶν
719 883 914 940 αἱρέσεων
933 881 1094 941 ἡγεμών
1114 882 1324 940 διάβολος.
1362 886 1431 928 καὶ
1447 884 1527 943 γὰρ
1546 877 1729 934 κάκεῖνος
1742 893 1787 929 10

245 951 380 998 ἐλάλει
400 953 477 1008 μὲν
505 951 560 995 τὰ
581 952 625 995 ἐκ
643 956 727 996 τῶν
749 957 944 1011 γραφῶν,
978 952 1174 1012 ἐφιμώθη
1196 956 1242 998 δὲ
1264 954 1380 1012 παρὰ
1398 958 1474 998 τοῦ
1498 953 1730 1012 σωτῆρος.”

245 1021 408 1073 ἀκούεις
431 1023 499 1065 καὶ
517 1019 669 1065 τούτου
689 1022 823 1066 ταύτὰ
841 1031 928 1074 τοῖς
946 1024 1285 1081 προειλημμένοις
1303 1022 1585 1075 διδάσκοντος.
1624 1022 1731 1066 ἀλλὰ

245 1093 354 1150 μηδὲ
373 1091 446 1136 τὸν
468 1089 804 1147 ἂσκητικώτατον
827 1091 1169 1151 παραδράμωμεν
1184 1094 1351 1148 Ἰσαὰκ,
1386 1098 1543 1137 παῦσαι
1563 1093 1732 1150 λέγοντα

246 1167 482 1219 θεολογεῖν,
511 1160 560 1204 οὗ
577 1159 707 1216 μόνον
723 1162 820 1217 μετ’
845 1162 1074 1221 ἀλλοτρίων
1094 1167 1170 1219 τῆς
1188 1165 1378 1218 πίστεως,
1404 1163 1511 1206 ἀλλὰ
1535 1165 1602 1206 καὶ
1625 1163 1732 1218 μετὰ

209 1237 332 1281 Βτῶν
365 1232 521 1275 οἶκείων
551 1230 700 1287 αὐτῆς·
735 1233 844 1288 μηδὲ
868 1232 942 1276 τὸν
966 1232 1097 1276 πολὺν
1120 1231 1339 1289 Ἰωάννην,
1374 1232 1448 1276 τὸν
1466 1237 1540 1288 τῆς
1559 1232 1731 1288 ἂσκητι-
1744 1241 1788 1278 15

249 1306 326 1358 κῆς
356 1298 598 1356 ὑποστάτην
618 1301 816 1355 κλίμακος
829 1315 838 1326 ·
877 1301 924 1352 ὃς
941 1301 989 1346 τὸ
1020 1301 1152 1345 αἶ’τιον
1173 1303 1319 1360 ἐφεξῆς
1345 1302 1466 1346 οἱονεὶ
1486 1306 1561 1357 τῆς
1580 1302 1732 1345 ἐκείνου

250 1370 408 1430 ῥήσεως
418 1370 646 1414 ἀποδίδωσι
661 1368 838 1414 οὖτωσίν
851 1384 862 1395 ·
883 1370 969 1425 „01²2
989 1371 1067 1429 γὰρ
1080 1370 1471 1428 ἒγκληθησόμεθα”,
1494 1373 1635 1429 φησὶν,
1652 1372 1733 1425 ,,ἔν

248 1439 378 1500 ἐξόδῳ
403 1444 566 1496 ψυχῆς,
600 1437 663 1482 ὅτι
694 1439 743 1483 οὗ
767 1438 1147 1497 τεθεολογήκαμεν,
1181 1440 1275 1484 ἀλλ’
1300 1439 1363 1484 ὅτι
1386 1440 1658 1490 ἀδιαλείπτως
1683 1439 1732 1483 οὗ

250 1507 612 1565 πεπενθήκαμεν.”
657 1510 724 1552 καὶ
750 1511 795 1552 τί
819 1511 886 1553 δεῖ
907 1511 1066 1565 βίβλων
1095 1508 1259 1565 ἁμάξας
1282 1509 1383 1561 ὅλας
1406 1508 1532 1567 ἆγίων
1560 1511 1734 1564 κομίζειν

250 1578 366 1635 ὑμῖν,
390 1577 452 1629 οἷς
471 1579 515 1630 ἐξ
535 1576 694 1634 ὀνύχων
713 1579 800 1622 ἐστὶ
821 1578 1029 1636 γινώσκειν
1045 1580 1118 1623 τὸν
1137 1580 1309 1637 λέοντας
1344 1581 1573 1635 βαδιοῦμαι
1595 1582 1620 1622 δ
1627 1579 1639 1595 ²
1667 1579 1730 1637 ἐφ’
1744 1590 1792 1626 20

254 1648 390 1708 ἕτερα.
438 1648 485 1692 οὗ
506 1647 586 1705 γὰρ
607 1647 719 1693 εἷπον
740 1650 816 1704 μὲν
836 1649 875 1692 οἳ
897 1646 1139 1693 διδάσκαλοι
1158 1651 1304 1703 ταυτὶ,
1341 1648 1417 1693 οὐκ
1446 1649 1735 1707 ἠσφαλίσαντο

211 1720 304 1763 Εδὲ
331 1725 419 1769 τοῖς
450 1716 708 1777 προσήκουσι
733 1722 908 1775 μοχλοῖς
930 1720 999 1762 καὶ
1041 1720 1270 1776 κλείθροις·
1315 1718 1410 1764 οὐδ’
1449 1718 1735 1777 ἠσφαλίσαντο

345 1828 381 1866 4.
405 1825 608 1874 ἀσπάζεται
630 1829 719 1866 coni.
735 1828 839 1865 Boiv.
938 1829 996 1867 10.
1021 1825 1072 1872 ὥς
1090 1825 1111 1866 ὃ
1127 1829 1203 1866 τῶν
1221 1829 1311 1866 coni.
1329 1827 1433 1866 idem.

254 1922 357 1958 otius.
403 1921 445 1956 In
467 1923 521 1957 his
543 1924 648 1958 rebus
673 1922 732 1969 qui
754 1935 793 1957 se
815 1922 902 1958 nihil
924 1922 1014 1957 scire
1037 1923 1261 1968 profitentur,
1284 1922 1311 1956 ii
1334 1926 1414 1957 sunt
1431 1921 1578 1957 omnium
1595 1921 1736 1968 sapien-

256 1968 413 2004 tissimi.’'
439 1970 625 2005 Enimvero
648 1974 783 2015 tempus
806 1981 860 2004 me
883 1981 1026 2014 prorsus
1049 1970 1210 2012 deficiat,
1238 1969 1268 2003 si
1291 1972 1327 2004 et
1348 1969 1448 2003 huius
1469 1981 1603 2015 quoque
1621 1969 1737 2014 magni

257 2015 430 2050 ecclesiae
451 2016 589 2052 luminis
611 2017 808 2051 testimonia
830 2016 932 2050 velim
955 2015 1104 2058 afferre,
1128 2027 1361 2061 ⁴unaecunque
1385 2027 1406 2050 a
1428 2015 1630 2061 theologicis
1663 2017 1737 2050 dis-

258 2062 499 2109 putationibus
529 2063 726 2107 deterrent,
760 2062 1023 2108 dogmatumque
1055 2067 1091 2097 et
1124 2062 1222 2098 I-sdei
1251 2062 1503 2108 simplicitatem
1535 2062 1641 2097 solam
1665 2074 1738 2096 am-

258 2108 468 2154 plectuntur.
523 2109 596 2144 Sed
628 2121 710 2144 ecce
739 2120 883 2154 magnus
907 2120 1045 2155 quoque
1068 2109 1236 2144 ecclesiae
1259 2109 1356 2155 pugil
1380 2114 1416 2144 et
1439 2109 1559 2144 doctor
1582 2109 1738 2143 Athana-

259 2155 336 2190 sius
359 2160 467 2199 negat
490 2167 529 2190 se
553 2167 612 2190 eos
642 2157 735 2190 ferre
769 2167 896 2200 posse,
929 2156 989 2201 qui
1020 2168 1144 2190 novum
1172 2156 1302 2202 aliquid
1334 2160 1459 2190 contra
1489 2155 1609 2190 Fidem
1641 2155 1739 2189 ince-

261 2206 382 2248 ptant,
406 2202 475 2236 etsi
490 2202 517 2236 ii
541 2206 692 2248 sumptas
716 2213 759 2237 ex
782 2202 975 2247 Scripturis
998 2202 1167 2239 dictiones
1191 2203 1429 2249 pronuncient.
1477 2202 1560 2245 „Illi
1584 2202 1673 2237 enim
1697 2212 1740 2236 ea

261 2248 372 2283 verba
393 2259 461 2283 non
484 2252 580 2282 recto
605 2260 730 2291 sensu,
753 2249 815 2283 sed
839 2249 937 2283 velut
960 2250 1076 2284 ovium
1098 2250 1335 2285 vestimentum
1358 2249 1525 2290 induunt3
1557 2247 1649 2282 intus
1675 2260 1739 2282 au·-

262 2299 333 2330 tem
355 2305 432 2328 cum
449 2294 533 2329 Ario
557 2295 725 2329 sentiunt:
749 2295 1028 2341 quemadmodum
1044 2297 1231 2331 haereseon
1248 2297 1408 2342 princeps
1418 2295 1598 2330 Diabolus.
1625 2295 1739 2339 Quip-

264 2353 310 2387 pe
331 2344 370 2375 et
393 2341 452 2376 hic
474 2340 730 2386 Scripturerum
752 2342 860 2376 verba
882 2342 1104 2388 loquebatur3
1137 2348 1174 2377 at
1196 2355 1272 2377 eum
1295 2344 1461 2377 Servatur
1485 2340 1600 2386 coegit
1623 2342 1740 2375 obmu—

262 2386 437 2423 tescere.''
478 2387 658 2423 Hunccine
683 2389 784 2423 audis
809 2388 926 2423 eadem
947 2390 1143 2432 docentem,
1167 2401 1208 2424 ac
1230 2389 1290 2424 illa
1312 2401 1401 2434 quae
1422 2387 1489 2423 iam
1513 2387 1607 2422 dicta
1630 2387 1740 2422 sunt?

263 2435 337 2470 Sed
358 2446 423 2469 nec
444 2433 621 2476 Isaacum,
653 2435 983 2480 praestantissimum
1012 2439 1190 2478 Ascetam,
1223 2436 1437 2470 omittamus:
1470 2433 1617 2477 „desine
1628 2433 1661 2476 ‚'’
1685 2434 1740 2467 in-

263 2482 362 2527 quit,
386 2481 460 2524 „de
483 2481 558 2515 Deo
582 2481 773 2526 disputare,
798 2493 863 2515 non
888 2482 995 2517 solum
1019 2494 1093 2517 cum
1117 2483 1175 2524 iis,
1198 2482 1258 2529 qui
1281 2482 1386 2516 alieni
1409 2486 1491 2516 sunt
1515 2493 1535 2516 a
1556 2481 1655 2522 Fide,
1678 2479 1741 2514 sed

264 2532 303 2563 et
320 2539 396 2562 cum
410 2527 512 2563 Fidei
535 2527 722 2562 cultoribus
731 2527 766 2569 ;”
791 2539 855 2563 nec
878 2529 986 2571 illum,
1011 2529 1070 2574 qui
1089 2529 1225 2563 scalam
1250 2528 1431 2563 asceticam
1454 2528 1625 2568 fundavit,
1649 2526 1742 2561 cele-

266 2574 450 2609 berrimum
483 2574 656 2609 Ioannem.
712 2574 781 2609 Hic
812 2575 909 2609 velut
940 2576 1129 2610 continenti
1152 2574 1308 2611 oratione
1341 2586 1456 2609 eorum
1491 2585 1580 2619 quae
1615 2574 1658 2607 ab
1682 2572 1740 2607 illo

268 2621 366 2655 dicta
389 2625 470 2655 sunt
491 2632 628 2656 causam
645 2621 779 2655 reddit:
801 2633 892 2662 „nec
915 2621 1038 2663 enim‚”
1062 2621 1185 2667 inquit,
1208 2621 1269 2663 „in
1289 2621 1385 2655 exitu
1403 2620 1535 2657 animae
1554 2631 1594 2655 eo
1613 2630 1741 2664 argue-

269 2678 355 2710 mur,
379 2666 474 2712 quod
496 2667 540 2702 de
558 2667 634 2702 Deo
657 2668 750 2702 haud
773 2667 1075 2713 disputaverimus,
1098 2669 1161 2703 sed
1180 2668 1271 2714 quod
1287 2667 1417 2712 iugiter
1435 2678 1503 2703 non
1522 2664 1742 2701 luxerimus.'’

270 2713 319 2747 Et
342 2713 426 2759 quid
449 2726 592 2749 necesse
615 2717 670 2750 est
690 2714 788 2749 libris
809 2716 1012 2749 Sanctorum
1036 2715 1138 2760 plena
1162 2715 1261 2749 vobis
1278 2714 1435 2759 plaustra
1454 2713 1594 2754 afferre,
1617 2711 1742 2757 quibus

270 2758 402 2795 leonem
425 2772 470 2795 ex
493 2772 610 2806 ungue
634 2772 843 2807 cognoscere
867 2762 949 2795 est?
984 2761 1039 2795 Ad
1063 2761 1132 2795 alia
1155 2760 1371 2807 progredior.
1418 2760 1519 2795 Haec
1542 2758 1654 2793 sancti
1678 2757 1741 2791 do·-

269 2809 385 2840 ctores
409 2818 477 2842 non
499 2808 598 2842 modo
622 2807 803 2849 dixerunt,
836 2808 898 2841 sed
928 2810 964 2842 et
995 2807 1128 2842 idoneis
1157 2807 1316 2842 vectibus
1348 2805 1597 2852 repagulisque
1628 2803 1742 2838 firma-

270 2858 370 2895 ruut5
393 2865 457 2889 uec
479 2854 658 2890 firmarunt
679 2855 800 2896 modo,
823 2865 942 2889 verum
967 2854 1070 2890 etiam
1094 2853 1351 2890 inevitabilibus
1373 2852 1460 2890 diris
1483 2856 1522 2888 et
1543 2851 1742 2888 anatliema-
