1794 3172
541 140 1018 188 ANNOTATIONES.
1400 136 1425 181 1
1438 133 1534 182 157

106 255 201 306 Pag.
228 254 309 300 84,
339 254 408 294 22.
472 247 578 291 Οὔτε
598 252 710 290 σῖτον
739 248 922 295 ἔδουσιν,
950 263 988 289 κ.
1007 262 1044 288 τ.
1062 249 1121 296 λ.]
1152 245 1350 287 Homerus
1370 247 1421 286 de
1448 248 1530 287 Diis

0 309 33 349 [l.
53 309 103 351 V.
123 313 222 354 341.
272 322 423 349 Bulvls.

102 370 200 421 Pag.
231 369 311 416 35,
341 368 409 409 15.
456 362 565 417 Ἤδη
582 361 660 419 γᾰρ
672 361 742 405 καὶ
754 357 1121 410 ἸωάννουΔούκα]
1141 360 1376 415 Pachymeri
1396 363 1465 404 lib.
1477 363 1529 407 V.

0 437 32 465 :a
65 454 76 465 .
95 424 163 464 lV.
221 436 396 463 Ducat-'c-

34 438 63 478 Ρ
102 485 199 535 Peg.
226 483 305 531 35,
337 483 405 524 16.
462 481 612 531 Μοῖρα
628 479 835 526 Σκυθῶν]
866 474 1108 530 Scytharum
1129 490 1232 516 voce
1251 477 1441 518 Tartarus
1458 477 1529 517 hie

1 539 192 588 ntelligit,
222 539 293 591 qui
324 537 403 576 hac
430 541 670 588 tempestate
697 535 739 573 in
763 535 898 574 varias
922 536 1108 587 Europae
1138 541 1179 573 et
1203 535 1323 576 Asiae
1344 536 1528 587 regiones

0 597 100 637 :ffusi
123 596 197 635 has
219 595 382 635 omniuo
402 599 633 632 vastarunt:
662 592 712 631 de
735 606 815 644 qua
842 592 1003 644 quidem
1029 593 1257 644 irruptione
1279 600 1404 644 agunt
1426 607 1528 646 pas-

0 655 57 693 ÷im
80 652 285 702 historici,
316 659 436 704 atque
457 651 498 689 in
522 651 572 689 iis
595 649 830 702 AcropoIita
861 663 950 702 cap.
972 649 1144 689 XXXV.
1203 663 1382 690 nucum.

100 713 195 764 Pag,
227 712 306 761 35,
338 712 404 752 19.
461 708 701 760 Σιτζισχᾶν]
733 706 973 758 Pachyme1·i
998 708 1066 748 lib.
1089 707 1135 748 V.
1156 720 1246 760 cap.
1265 709 1335 748 IV.
1374 710 1527 762 Τζιγκι-

0 771 88 810 ῖκᾶν
112 769 283 817 dicitur,
321 767 394 805 ubi
417 766 452 804 is
477 764 578 804 haec
604 765 738 803 addit:
783 767 937 818 Ίζζίγγις
957 762 1034 820 yde
1065 762 1213 817 ὄνομα·
1243 763 1289 807 τό
1312 763 1357 806 δὲ
1378 764 1524 815 Enim,

0 823 192 874 ῖασιλεῦς,
225 825 342 864 cuius
370 823 486 863 vocis
505 823 588 862 vim
612 836 659 861 ac
685 821 950 872 significatum
983 823 1117 874 prodit
1145 822 1264 861 etiam
1287 823 1525 862 Vincentius

0 884 238 924 Seluaceusis
259 883 329 922 lib.
353 882 485 921 XXX.
513 894 599 934 cap.
634 880 775 918 LXIX.
801 886 842 918 et
865 880 936 919 lib.
962 878 1135 921 XXXII.
1164 893 1255 933 cap.
1280 881 1469 920 XXXIV.
1499 895 1524 920 a

0 955 63 994 [uo
92 938 254 995 Chingis
274 939 404 988 nude,
435 939 583 978 omisso
609 935 734 978 cham
754 935 947 989 epitheto,
975 938 1180 976 interdum
1198 939 1443 990 appellatur,
1475 945 1524 978 ut

0 998 73 1038 md.
94 998 166 1038 lib.
199 1012 289 1051 cap.
310 996 414 1036 v111.
457 996 589 1035 Latini
607 1008 705 1034 vero
727 994 948 1047 scriptores
969 993 1247 1048 Chingischam
1266 994 1377 1034 hunc
1397 995 1522 1047 vulgo

0 1062 153 1105 rocant,
185 1062 229 1094 ut
249 1055 355 1094 idem
377 1053 635 1093 Beluacensis
661 1053 700 1091 d.
723 1066 813 1105 cap.
835 1053 979 1091 LXIX.
1000 1059 1040 1091 et
1064 1053 1152 1091 aliis
1171 1051 1294 1102 locis,
1327 1053 1396 1105 qui
1417 1054 1522 1091 Tar-

0 1127 163 1153 aroruux
177 1113 226 1151 ab
240 1112 375 1152 Indiae
391 1124 498 1163 rege,
522 1111 590 1150 cui
610 1109 818 1164 parebant,
834 1110 1099 1150 defectionem
1122 1109 1172 1149 ad
1185 1123 1334 1150 aunum
1346 1111 1520 1150 MCCVI.

0 1171 116 1211 esent.
175 1183 350 1209 numne.

96 1230 194 1281 Pag.
225 1229 303 1276 35,
332 1229 402 1269 20.
447 1222 504 1267 ’Ὅ
530 1241 572 1267 τε
605 1228 773 1267 Χαλαοῦ
797 1224 866 1267 καὶ
893 1224 918 1267 ὅ
941 1227 1215 1279 Τελεπουγᾶς]
1258 1224 1388 1263 Aliter
1411 1223 1520 1263 filio-

0 1299 68 1325 ¹um
90 1284 386 1336 Chingischami
405 1283 567 1323 nomina
584 1283 757 1323 efferunt
772 1283 880 1323 idem
900 1284 1155 1323 Beluacensis
1175 1296 1263 1335 cap.
1281 1282 1393 1322 XIII.
1417 1283 1520 1322 eius-

0 1345 71 1382 lem
106 1343 175 1384 lib.
207 1342 382 1382 XXXII.
415 1341 628 1394 Haytonus
657 1356 745 1395 cap.
776 1342 901 1384 XVII.
944 1340 1095 1380 Paulus
1133 1340 1332 1390 Venetus,
1364 1346 1404 1379 et
1432 1339 1515 1380 alii.

0 1415 155 1440 mre-Axe.

93 1462 193 1511 Pag.
223 1459 300 1507 35,
330 1461 399 1500 22.
456 1454 543 1496 Καὶ
561 1452 765 1509 Ἰαξᾶρτην
784 1453 992 1509 ποταμόν]
1025 1455 1081 1494 De
1103 1467 1184 1506 quo
1205 1453 1341 1493 multis
1364 1454 1516 1506 egimus

0 1515 28 1555 'd
53 1514 274 1568 Nicephori
292 1514 483 1567 Bryennii
498 1514 715 1553 Historiam
736 1514 804 1552 lib.
826 1516 857 1555 Ι.
881 1528 919 1552 n.
943 1512 1027 1552 VII.
1087 1524 1266 1551 Dncaxo.

92 1577 190 1625 Pag.
223 1576 301 1620 36,
329 1576 371 1615 3.
424 1570 468 1612 Ὁ
495 1571 769 1625 Τελεπουγᾶς]
797 1570 918 1612 Hanc
939 1570 1198 1608 Tartarorum
1224 1569 1268 1607 in
1286 1568 1514 1621 Europaeas

0 1632 206 1670 =rovincias
229 1630 495 1682 irruptionem
515 1628 660 1681 Bathy,
693 1628 986 1681 Chingischami
1009 1627 1118 1675 duci,
1138 1640 1190 1665 ex
1209 1625 1406 1665 Thossato
1427 1626 1513 1664 filio

0 1689 135 1740 repoti,
167 1687 361 1726 adscribit
387 1687 491 1726 idem
511 1687 767 1726 Beluacensis
790 1687 859 1728 lib.
882 1685 1035 1726 XXXI.
1061 1698 1150 1736 cap.
1176 1684 1351 1723 CXLIX.
1377 1690 1419 1725 et
1439 1683 1513 1723 lib.

0 1744 150 1784 [XXII.
175 1758 264 1798 cap.
282 1744 372 1785 XV.
429 1758 606 1784 nucum.
863 1773 869 1777 -

90 1806 186 1856 Pag.
217 1806 296 1853 36,
334 1802 397 1845 14.
460 1802 541 1842 Καὶ
559 1797 816 1855 Ἀμαξόβιοι]
847 1800 924 1840 Hic
944 1799 1128 1840 omissam
1153 1798 1298 1837 lineam
1317 1797 1446 1850 liquet
1468 1798 1512 1836 in

0 1859 108 1899 Volfii
141 1860 350 1900 versione:
409 1859 558 1899 Zinchi
589 1870 700 1910 sunt,
749 1857 912 1908 Gouhi,
949 1867 985 1897 et
1016 1854 1301 1906 Ramex-obii,
1339 1868 1440 1908 quos
1471 1861 1512 1894 et

0 1914 315 1971 ῂαξοφορήτους
332 1914 401 1956 alii
425 1924 592 1967 vocant3
624 1923 744 1969 atque
766 1917 797 1955 ii
816 1922 911 1955 sunt
934 1913 1106 1967 Scythae
1132 1912 1356 1963 Nomades,
1383 1919 1432 1951 ut
1451 1919 1512 1951 est

0 1977 80 2029 pud
108 1975 394 2015 Leunclavium
418 1975 460 2013 in
491 1974 748 2014 Onomastico
777 1975 914 2027 priore
934 1972 1130 2022 Turcico,
1159 1971 1200 2009 in
1228 1983 1331 2010 voce
1358 1967 1509 2010 Iar-chi.

3 2048 144 2072 uene..

85 2094 179 2144 Peg.
211 2093 292 2140 36,
325 2094 392 2134 16.
453 2084 608 2131 Οὖννοι
637 2087 682 2131 δὲ
710 2083 825 2131 οὗτοι
848 2087 918 2129 καὶ
938 2086 1124 2142 Κομανοὶ
1148 2083 1387 2138 ἐκαλοῦντο]
1416 2084 1508 2124 Du-

0 2147 116 2188 Iicem
133 2148 254 2187 fuisse
274 2148 502 2187 Comaniam
526 2147 740 2187 observare
761 2152 834 2195 est,
865 2147 1041 2195 alteram,
1066 2158 1169 2197 quae
1190 2144 1240 2183 ad
1262 2145 1507 2196 septentrio-

0 2220 73 2250 em,
106 2206 330 2258 Hungariae
352 2205 656 2254 conterminam,
686 2218 758 2244 seu
776 2217 916 2244 versus
934 2204 1173 2252 Danubium,
1202 2202 1380 2250 alteram,
1402 2214 1508 2252 quae

0 2276 14 2301 ι
41 2263 156 2312 Asia,
197 2278 279 2316 quo
308 2263 473 2303 Comani
506 2277 597 2301 cum
638 2263 726 2301 aliis
755 2262 984 2301 nationibus
1015 2258 1396 2314 septentrionalibus
1424 2258 1504 2295 iam

0 2320 66 2360 lim
100 2322 341 2373 migrarant,
376 2320 525 2361 extitit.
593 2320 651 2360 De
683 2320 821 2373 priore
851 2318 919 2358 hic
951 2332 1082 2357 sermo
1117 2323 1200 2368 est,
1242 2329 1361 2369 quam
1390 2315 1505 2354 Anna

0 2380 171 2418 *omnena
206 2378 278 2420 lib.
307 2379 414 2420 VIII.
451 2385 492 2418 et
519 2377 708 2430 Magister
734 2378 932 2429 Rogerius
962 2377 1013 2415 de
1050 2377 1250 2415 Destruet.
1277 2371 1504 2423 Hungariae

0 2449 56 2489 ap.
78 2437 174 2477 XX.
199 2437 308 2475 circa
334 2436 583 2485 Danubium,
625 2436 790 2474 Tanaim
813 2441 855 2473 et
881 2432 1172 2486 Borysthenem
1196 2435 1387 2471 statuunt.
1444 2428 1504 2465 De

0 2499 50 2533 tu
74 2507 175 2533 vero
198 2494 312 2546 regni
338 2494 606 2534 Cumanorum
628 2493 894 2533 Asiaticorum
928 2491 1009 2542 egit
1032 2491 1243 2542 Haytonus
1273 2500 1360 2538 cap.
1385 2484 1430 2523 V.
1461 2489 1503 2523 et

0 2551 24 2589 »i
51 2552 313 2603 Reineccius‚
343 2558 552 2605 praeterea
582 2551 815 2590 Vincentius
838 2548 1095 2588 Beluacensis
1122 2547 1193 2586 lib.
1218 2543 1386 2583 XXXII.
1412 2555 1500 2593 cap.

0 2609 77 2649 LXI.
105 2609 258 2648 XXIII.
312 2609 395 2648 Nos
429 2610 547 2649 etiam
587 2609 630 2648 iu
659 2609 768 2648 notis
803 2606 855 2645 ad
882 2604 1154 2646 villharduini
1193 2616 1231 2640 n.
1266 2598 1501 2638 CLXXXV.

0 2665 160 2705 uaedam
189 2666 405 2718 attigimus.
462 2668 519 2707 Ut
542 2680 669 2720 porro
700 2664 889 2705 Cumania
915 2663 1090 2702 Asiatica
1117 2676 1138 2699 a
1160 2657 1334 2698 Tartaris
1368 2668 1500 2708 expu-

0 2729 83 2776 nata
115 2724 259 2774 suerit,
288 2724 430 2764 scribit
452 2724 558 2765 idem
596 2723 849 2763 Beluacensis
874 2721 967 2761 eod.
996 2720 1066 2761 lib.
1098 2731 1185 2769 cap.
1213 2716 1269 2754 X.
1325 2725 1497 2752 nucum·

0 2774 122 2822 Ιῧννοι
142 2779 187 2822 δὲ
204 2777 318 2822 οὗτοι
336 2781 407 2823 καὶ
428 2779 620 2835 Κόμανοι
639 2781 871 2822 ἐκαλοῦντο.
898 2773 1006 2832 ἦσαν
1023 2775 1068 2818 δὲ
1087 2774 1158 2815 καὶ
1176 2773 1217 2814 οἳ
1235 2766 1408 2818 Σκύθας
1425 2765 1498 2809 αὔ-

0 2834 60 2887 ιιῖς
89 2836 398 2892 κατωνόμαζον]
429 2841 489 2880 Hi
516 2853 606 2879 vero
632 2839 771 2879 Hunni
801 2848 838 2878 et
862 2833 1029 2876 Comani
1056 2828 1314 2873 vocabantur.
1368 2824 1498 2866 Emtae
