1794 3172
323 139 643 195 HISTORIAE
665 137 1041 185 BYZANTINAE
1061 135 1185 182 XXI.
1205 139 1242 183 1.
1254 142 1296 184 2.
1448 129 1551 180 999

63 253 294 306 πλείστοις,
334 248 564 309 περιϊόντος
591 251 660 294 καὶ
689 246 980 307 περιάγοντος,
1009 248 1079 292 καὶ
1100 246 1177 298 τὰς
1203 242 1434 305 διαφόρους
1464 253 1548 292 τῶν
1565 258 1605 292 A.
1624 259 1662 292 c.
1679 258 1770 294 1351

63 323 265 365 πλείστων
301 323 618 379 μετεωρίζοντος
656 317 835 377 γνώμας.
890 318 1060 378 κάκείνῳ
1087 318 1184 373 μὲν,
1228 321 1365 361 ταῦτα
1396 318 1465 361 καὶ
1493 336 1549 362 τα

64 397 238 435 τοιαῦτα
262 392 417 448 λε’γοντι
430 424 444 444 ,
481 390 559 440 τὰς
578 391 775 439 εἷωθυιάς
795 390 862 431 καὶ
881 390 1044 443 μείζους
1063 392 1146 431 τῶν
1169 385 1447 445 ἀντιρρήσεων
1473 387 1548 432 ἀν-

62 466 239 517 τεπῆγον
257 458 395 511 αὐτός.
433 461 502 503 καὶ
521 458 678 515 πολλὴν
698 459 784 519 ἰδίᾳ
804 455 1111 516 διατετριφότες
1129 457 1172 500 ἐν
1198 455 1364 508 τούτοις
1383 455 1585 515 ἧμὲρανΒ

32 530 134 573 5ἐπ’
160 530 391 580 ἀτελέστοις
409 525 536 580 αὖθις
557 526 809 584 διελύθημεν
830 535 924 578 ταῖς
951 528 1096 572 ἐλπίσι.
1144 525 1258 582 ὅμως
1277 526 1395 583 ἠξίου
1425 526 1549 572 πάλιν

62 602 129 643 καὶ
166 600 452 656 ἐπηγγέλλετο,
492 596 823 654 συνεληλυθόσιν
865 593 993 647 αὖθις
1030 594 1130 653 ἡμῖν
1171 594 1332 640 διδόναι
1362 597 1439 654 τὴν
1469 602 1547 642 τοῦ

60 669 186 725 λέγειν
212 668 380 712 ἅπασαν
409 668 575 722 ἄδειαν,
610 665 667 718 ὥς
695 667 801 718 εἰκὸς
811 701 824 720 ,
857 669 925 710 καὶ
956 666 1015 723 μὴ
1038 673 1277 723 συνηγορεῖν
1308 664 1462 723 δμοίως
1487 667 1548 712 ἔτι

1533 319 1545 335 x
1555 307 1771 348 lmp.1o.c=m-

1586 357 1694 386 tacuz.
1717 353 1740 387 5

58 743 119 797 τῷ
141 742 332 798 Παλαμᾷ
341 771 356 791 ,
390 739 498 795 μηδὲ
517 745 605 788 τοῖς
626 738 779 781 ἐκείνου
800 741 941 780 πᾶσαν
961 734 1122 780 διδόναι
1141 734 1290 794 ῥοπήν.
1363 736 1453 796 (Γ.)
1467 737 1543 790 “Ὲ”ξ
1566 742 1610 779 Ρ.
1631 743 1703 781 628

58 812 282 865 παρῆλθον
305 810 464 851 ἐκεῖθεν
485 805 656 864 ἡμέραι,
693 807 836 864 μέχρις
858 805 910 850 ἂν
931 807 973 858 ἐς
992 803 1180 864 αὐτάρκη
1204 807 1472 864 παρασκευὴν
1494 807 1545 851 τὰ

2 885 48 920 10
59 879 220 921 ἐκείνων
251 878 497 935 ἀπαρτισθῇ
532 877 637 920 καθ’
676 875 795 933 ἡμῶν
825 877 985 921 δίκτυα.
1040 869 1098 919 ὧν
1128 874 1207 933 γὰρ
1241 876 1283 917 ἐν
1310 884 1399 927 τοῖς
1427 869 1547 921 δυσὶν

57 949 224 998 ἐκείνοις
275 946 560 1004 ἀπετύγχανον
611 948 861 1004 συνεδρίοις,
908 944 1035 990 ταῦτ’
1076 945 1410 1002 ἐπανορθοῦντες
1456 945 1541 1006 (ὥς
1562 951 1607 988 V.
1626 953 1697 991 507

55 1016 207 1076 ᾤοντο)
244 1022 317 1060 νῦν
339 1017 444 1074 πρὸς
465 1017 512 1060 τὸ
534 1018 652 1075 σφίσι
671 1017 859 1071 βέλτιον,
899 1013 1248 1075 θαρραλεώτερον
1271 1014 1353 1072 ἤδη
1387 1016 1435 1060 τὸ
1466 1022 1543 1061 τοῦ

55 1086 213 1142 ἀγῶνος
234 1086 508 1130 ἀνεκαλοῦντο
532 1084 715 1131 στάδιον.
752 1087 820 1130 καὶ
843 1084 967 1130 πάλιν
994 1083 1097 1141 εἶχεν
1123 1082 1237 1142 ἡμᾶς
1255 1084 1304 1129 τὸ
1328 1086 1543 1146 συνέδριον

54 1157 180 1199 ἐκεῖνο
200 1158 268 1199 καὶ
288 1157 335 1200 τὸ
357 1158 568 1211 βασίλειον
587 1160 720 1213 βῆμα.

156 1224 213 1281 β’.
251 1226 425 1270 Βέλτιον
449 1226 493 1269 δ’
531 1225 668 1277 ἔδοξεν
698 1224 820 1282 ἡμῖν,
859 1225 904 1269 ἐκ
941 1222 1111 1283 πρώτης
1150 1226 1273 1270 εἴπεῖν
1311 1223 1579 1283 ἀφετηρίαςΒ

51 1294 401 1354 ἀποκρουομένοις
420 1296 497 1347 τὰς
521 1301 604 1339 τῶν
626 1293 930 1354 ἐφεδρευόντων
955 1297 1114 1339 ἐκείνων
1144 1295 1392 1350 ἐπιβουλὰς,
1429 1298 1541 1355 παῤ-

52 1363 178 1425 ρησίᾳ
203 1365 252 1410 τὸ
280 1370 355 1422 τῆς
385 1370 615 1422 καθολικῆς
637 1366 871 1422 ἀναγνῶναι
892 1367 1066 1416 πίστεως
1086 1365 1196 1423 ἱερὸν
1218 1363 1456 1420 σύμβολον,
1496 1367 1540 1417 ἐς

51 1435 192 1491 κοινὴν
212 1438 281 1479 καὶ
302 1433 467 1493 συνήθη
488 1443 575 1486 τοῖς
594 1434 842 1493 ὄρθοδόξοις
861 1432 1097 1492 ὁμολογίαν.
1170 1433 1263 1493 (Β.)
1305 1428 1367 1478 Οὗ
1395 1434 1448 1491 δὴ
1468 1453 1539 1493 γε-

49 1505 223 1560 νομένου
234 1539 249 1559 ,
285 1510 370 1549 τῶν
395 1510 470 1549 τοῦ
491 1509 683 1560 Παλαμᾶ
711 1503 976 1562 βλασφήμων
1006 1502 1224 1562 δογμάτων
1243 1503 1298 1548 τὰ
1317 1502 1538 1562 γνωριμώ-ν

0 1582 149 1630 Ξοτερα
166 1581 254 1625 τοῖς
272 1579 466 1628 πολλοῖς,
505 1573 585 1632 ὑφ’
609 1572 728 1631 ἡμῶν
749 1574 957 1631 ἐκλεγέντα
967 1607 982 1628 ,
1020 1573 1124 1633 πρὸς
1141 1578 1216 1617 τοῦ
1236 1571 1437 1631 ἡμετέρου
1455 1573 1574 1630 με’-0

50 1661 151 1701 ρους
177 1642 464 1701 ἀνεγινώσκετο
488 1644 699 1704 παρ’ῥησίᾳ
711 1677 725 1698 ,
764 1644 1073 1702 παρακειμένων
1099 1642 1187 1699 ἅμα
1206 1644 1274 1686 καὶ
1297 1648 1381 1686 τῶν
1402 1643 1534 1687 αὐτοῦ

48 1711 382 1769 συγγραμμάτιον
391 1747 406 1768 ,
447 1715 515 1757 καὶ
547 1714 595 1758 τὸ
630 1712 952 1772 ἀπαράλλακτον
981 1712 1092 1757 ἅπαν
1114 1717 1351 1771 περιφανῶς
1367 1731 1533 1768 μαρτυ-

48 1780 246 1840 ρούντων.
294 1782 398 1827 ὅθεν
419 1783 495 1827 οὐκ
525 1778 577 1840 ἦν
608 1783 721 1843 αὐτῷ
743 1784 848 1841 πρὸς
878 1783 998 1827 οὐδὲν
1021 1781 1281 1827 ἀναδύεσθαι
1308 1786 1392 1826 τῶν
1421 1783 1533 1839 ἐγκε-

46 1855 281 1908 κλημένων,
318 1854 453 1897 καίτοι.
483 1851 679 1904 πολλάκις
696 1855 772 1909 μὲν
789 1851 1112 1911 ἐπιχειρήσαντι,
1144 1849 1341 1903 πολλάκις
1369 1853 1395 1895 δ
1401 1852 1415 1868 ²
1442 1853 1533 1896 ἐπι-

0 1233 44 1272 15

45 1962 178 2005 centis,
205 1966 312 2009 atque
333 1963 386 1998 ita
409 1963 567 2000 diversas
588 1964 806 2011 plurimorum
826 1964 995 1999 homiuum
1009 1968 1138 1998 mentes
1153 1962 1407 2009 suspendentis.
1430 1963 1531 1999 Haec

44 2014 82 2043 et
110 2009 196 2044 talia
224 2009 355 2044 dicenti
381 2011 501 2045 solitas
526 2023 590 2056 ego
623 2017 659 2046 et
689 2011 877 2046 validiores
904 2011 1008 2045 solito
1032 2009 1273 2056 responsiones
1304 2011 1530 2056 opponebam.

42 2055 86 2090 In
108 2056 162 2090 his
177 2067 333 2101 magnam
355 2055 424 2090 diei
443 2059 576 2102 partem
592 2069 667 2092 cum
684 2058 844 2104 privatim
860 2057 1085 2104 colloquendo
1100 2056 1438 2103 consumpsissemus,
1465 2069 1530 2103 spe

41 2101 144 2136 irrita
169 2114 292 2136 rursus
310 2102 542 2138 discessimus.
595 2105 779 2140 Caeterum
803 2104 892 2140 velle
916 2116 955 2138 se
982 2105 1094 2138 denuo
1115 2103 1233 2138 aiebat
1253 2103 1529 2150 spondebatque,

41 2147 103 2183 ubi
129 2160 191 2183 nos
217 2160 353 2184 rursum
378 2150 679 2193 convenissemus,
702 2162 833 2185 omnem
853 2150 992 2185 dicendi
1011 2150 1183 2185 licentiam
1207 2150 1312 2192 dare,
1334 2150 1387 2185 ita
1404 2154 1445 2184 ut
1462 2161 1529 2196 par

42 2201 156 2238 esset3
179 2207 222 2230 ac
241 2207 309 2230 non
329 2207 440 2242 aeque
458 2201 499 2231 ut
517 2202 620 2232 antea
636 2196 850 2243 patrocinari
870 2198 1053 2239 Palamae,
1078 2202 1115 2231 et
1142 2197 1215 2232 eius
1243 2197 1403 2243 partibus
1427 2197 1528 2231 favo-

41 2252 115 2276 rem
134 2253 263 2276 omnem
283 2242 551 2278 accommodare.
600 2243 704 2288 (111.)
728 2243 813 2278 Dies
830 2243 913 2279 inde
928 2256 989 2279 sex
1008 2244 1175 2286 effluunt,
1200 2243 1279 2279 dum
1301 2243 1412 2285 retia,
1437 2255 1527 2289 quae

40 2288 140 2322 nobis
160 2289 410 2331 tendebantur,
435 2290 591 2336 perfecte
608 2295 732 2335 parata
753 2294 790 2324 et
810 2290 981 2326 instructa
1001 2296 1127 2326 essent.
1176 2289 1278 2332 Quae
1296 2290 1384 2325 enim
1403 2290 1438 2324 in
1455 2289 1525 2324 illis

39 2334 177 2369 duabus
194 2335 369 2381 prioribus
388 2336 600 2371 sessionibus
623 2336 718 2371 nullo
740 2348 901 2372 successu
917 2343 1121 2383 gesserant,
1144 2349 1187 2372 ea
1206 2348 1307 2380 nunc,
1332 2341 1437 2383 prout
1452 2347 1525 2370 me·-

39 2380 106 2414 lius
131 2381 199 2416 sibi
226 2383 381 2417 futurum
407 2388 528 2426 esset,
561 2384 751 2418 reformare
777 2395 817 2418 se
839 2383 1096 2426 existimantes,
1121 2384 1251 2419 maiore
1279 2384 1346 2418 iam
1375 2381 1524 2418 audacia

9 2433 14 2439 ’
38 2427 186 2462 stadium
204 2432 242 2462 et
261 2436 435 2464 certamen
453 2431 673 2476 repetebant.
704 2430 756 2465 Ac
772 2441 834 2464 nos
850 2442 973 2466 rursus
989 2431 1081 2467 idem
1098 2430 1287 2466 Concilium
1299 2434 1335 2465 et
1350 2429 1410 2463 illa
1425 2427 1523 2474 prin-

38 2473 167 2519 cipalis
184 2474 280 2509 cnria
301 2482 503 2521 praesentes
521 2477 655 2511 habuit.

131 2521 166 2555 2.
190 2520 301 2556 Porro
317 2522 440 2557 melius
456 2524 566 2558 visum
581 2523 681 2558 nobis
695 2526 762 2565 est,
774 2521 1007 2560 insidiantium
1023 2524 1166 2560 fraudes
1185 2522 1221 2558 in
1241 2523 1332 2569 ipso,
1351 2523 1391 2556 ut
1411 2520 1521 2564 aiunt,

38 2564 155 2601 limine
172 2566 326 2610 eludere,
348 2580 449 2604 sacro
467 2570 661 2605 catholicae
678 2569 781 2604 Fidei
801 2570 956 2615 symbolo
972 2572 1086 2618 palam
1110 2575 1148 2607 et
1167 2570 1240 2606 alta
1264 2579 1371 2610 voce,
1395 2578 1522 2602 secun-

37 2612 121 2647 dum
141 2624 348 2650 communem
365 2620 402 2650 et
419 2615 580 2651 usitatam
595 2617 863 2651 orthodoxorum
879 2618 1148 2664 professionem,
1172 2615 1337 2663 perlecto.
1381 2613 1518 2659 (11.)1d

36 2659 100 2693 nbi
129 2660 259 2696 factum
286 2666 361 2703 est,
393 2667 583 2709 coeperunt
614 2662 740 2698 deinde
764 2662 870 2710 impia
902 2664 1064 2700 Palamae
1096 2666 1256 2709 dogmata
1268 2686 1279 2703 ,
1312 2671 1355 2696 ea
1383 2659 1519 2695 scilicet

35 2715 126 2750 quae
145 2706 249 2751 vulgo
266 2707 401 2743 notiora
419 2720 700 2756 excerpseramus
711 2735 721 2753 ,
747 2710 861 2755 palam
879 2713 916 2745 et
931 2710 1010 2757 ipsa
1027 2724 1049 2747 a
1072 2710 1201 2746 nostris
1227 2707 1359 2754 perlegi
1370 2731 1382 2748 s
1405 2717 1520 2752 891’0·

35 2750 113 2786 sitis
143 2752 295 2788 eiusdem
314 2753 476 2800 scriptis,
501 2768 590 2801 quae
618 2756 849 2792 differentiam
873 2768 1004 2793 omnem
1024 2769 1166 2804 prorsus
1187 2755 1308 2790 abesse
1326 2753 1518 2788 luculenter

4 2808 5 2812 ¹
33 2799 304 2834 attestabantur.
349 2800 476 2848 Itaque
491 2803 543 2838 illi
563 2802 692 2837 nullum
712 2802 842 2838 crimen
858 2803 1109 2846 efficiebatur,
1133 2802 1224 2838 unde
1243 2803 1366 2846 posset
1381 2799 1518 2845 fugien-

32 2842 79 2879 do
105 2849 143 2880 et
169 2845 338 2882 elabendo
365 2859 405 2884 se
424 2849 611 2896 expedire=
634 2849 728 2896 quod
756 2861 832 2885 cum
850 2861 959 2898 saepe
980 2854 1171 2895 tentasset,
1194 2847 1300 2884 toties
1315 2845 1430 2882 haesit
1442 2845 1518 2880 suis
