<?xml version="1.0" encoding="UTF-8"?>
<!DOCTYPE html PUBLIC "-//W3C//DTD XHTML 1.0 Transitional//EN"
    "http://www.w3.org/TR/xhtml1/DTD/xhtml1-transitional.dtd">
<html xmlns="http://www.w3.org/1999/xhtml" xml:lang="en" lang="en">
 <head>
  <title>
</title>
<meta http-equiv="Content-Type" content="text/html;charset=utf-8" />
  <meta name='ocr-system' content='tesseract 3.04.00' />
  <meta name='ocr-capabilities' content='ocr_page ocr_carea ocr_par ocr_line ocrx_word'/>
</head>
<body>
  <div class='ocr_page' id='page_1' title='image "./corpusscriptorum39niebuoft_0602.png"; bbox 0 0 1794 3172; ppageno 0'>
   <div class='ocr_carea' id='block_1_1' title="bbox 227 138 1271 198">
    <p class='ocr_par' dir='ltr' id='par_1_1' title="bbox 227 138 1271 198">
     <span class='ocr_line' id='line_1_1' title="bbox 227 138 1271 198; baseline 0.007 -7"><span class='ocrx_word' id='word_1_1' title='bbox 227 144 360 192; x_wconf 87' lang='lat'>1160</span> <span class='ocrx_word' id='word_1_2' title='bbox 788 138 1271 198; x_wconf 82' lang='lat' dir='ltr'><strong>ANNOTATIONES.</strong></span> 
     </span>
    </p>
   </div>
   <div class='ocr_carea' id='block_1_2' title="bbox 223 257 1766 358">
    <p class='ocr_par' dir='ltr' id='par_1_2' title="bbox 223 257 1766 356">
     <span class='ocr_line' id='line_1_2' title="bbox 223 257 1766 309; baseline 0.006 -13.006"><span class='ocrx_word' id='word_1_3' title='bbox 223 270 353 309; x_wconf 81' lang='lat' dir='ltr'><strong>goras.</strong></span> <span class='ocrx_word' id='word_1_4' title='bbox 412 258 469 298; x_wconf 85' lang='lat' dir='ltr'><strong>De</strong></span> <span class='ocrx_word' id='word_1_5' title='bbox 501 258 620 298; x_wconf 88' lang='lat' dir='ltr'><strong>Croia</strong></span> <span class='ocrx_word' id='word_1_6' title='bbox 651 257 754 298; x_wconf 79' lang='lat' dir='ltr'><strong>lube</strong></span> <span class='ocrx_word' id='word_1_7' title='bbox 789 257 998 299; x_wconf 79' lang='lat' dir='ltr'><strong>adeundus</strong></span> <span class='ocrx_word' id='word_1_8' title='bbox 1034 258 1305 300; x_wconf 79' lang='lat' dir='ltr'><strong>Leunclavius</strong></span> <span class='ocrx_word' id='word_1_9' title='bbox 1339 261 1382 300; x_wconf 89' lang='lat' dir='ltr'><strong>in</strong></span> <span class='ocrx_word' id='word_1_10' title='bbox 1412 262 1611 304; x_wconf 85' lang='lat' dir='ltr'><strong>Pandecte</strong></span> <span class='ocrx_word' id='word_1_11' title='bbox 1645 265 1766 306; x_wconf 83' lang='lat' dir='ltr'><strong>Ture.</strong></span> 
     </span>
     <span class='ocr_line' id='line_1_3' title="bbox 223 316 708 358; baseline 0 -4"><span class='ocrx_word' id='word_1_12' title='bbox 223 330 270 358; x_wconf 89' lang='lat' dir='ltr'><strong>n.</strong></span> <span class='ocrx_word' id='word_1_13' title='bbox 290 316 473 356; x_wconf 89' lang='lat' dir='ltr'><strong>CXXVI.</strong></span> <span class='ocrx_word' id='word_1_14' title='bbox 530 330 708 356; x_wconf 75' lang='lat' dir='ltr'><strong>DUGANG.</strong></span> 
     </span>
    </p>
   </div>
   <div class='ocr_carea' id='block_1_3' title="bbox 224 370 1772 716">
    <p class='ocr_par' dir='ltr' id='par_1_3' title="bbox 224 370 1767 485">
     <span class='ocr_line' id='line_1_4' title="bbox 341 370 1767 431; baseline 0.004 -19"><span class='ocrx_word' id='word_1_15' title='bbox 341 377 438 427; x_wconf 78' lang='lat' dir='ltr'><strong>Pag.</strong></span> <span class='ocrx_word' id='word_1_16' title='bbox 469 373 546 424; x_wconf 85' lang='lat'><strong>49,</strong></span> <span class='ocrx_word' id='word_1_17' title='bbox 577 378 618 417; x_wconf 87' lang='lat'><strong>7.</strong></span> <span class='ocrx_word' id='word_1_18' title='bbox 675 370 785 414; x_wconf 81' lang='grc' dir='ltr'><strong>Ἐπεὶ</strong></span> <span class='ocrx_word' id='word_1_19' title='bbox 809 371 853 414; x_wconf 77' lang='grc' dir='ltr'><strong>δὲ</strong></span> <span class='ocrx_word' id='word_1_20' title='bbox 871 373 965 428; x_wconf 79' lang='grc' dir='ltr'><em>περὶ</em></span> <span class='ocrx_word' id='word_1_21' title='bbox 988 371 1066 427; x_wconf 75' lang='grc' dir='ltr'><strong>τήν</strong></span> <span class='ocrx_word' id='word_1_22' title='bbox 1090 374 1333 424; x_wconf 85' lang='grc' dir='ltr'><strong>Φιλίππων]</strong></span> <span class='ocrx_word' id='word_1_23' title='bbox 1366 374 1501 430; x_wconf 88' lang='lat' dir='ltr'><strong>Acrop</strong></span> <span class='ocrx_word' id='word_1_24' title='bbox 1475 392 1624 431; x_wconf 88' lang='lat' dir='ltr'><strong>p..cap</strong></span> <span class='ocrx_word' id='word_1_25' title='bbox 1641 379 1685 418; x_wconf 92' lang='lat' dir='ltr'><strong>L.</strong></span> <span class='ocrx_word' id='word_1_26' title='bbox 1704 379 1767 419; x_wconf 91' lang='lat' dir='ltr'><strong>LI.</strong></span> 
     </span>
     <span class='ocr_line' id='line_1_5' title="bbox 224 430 1568 485; baseline 0.001 -13"><span class='ocrx_word' id='word_1_27' title='bbox 224 431 413 484; x_wconf 86' lang='lat' dir='ltr'><strong>Pachym.</strong></span> <span class='ocrx_word' id='word_1_28' title='bbox 435 430 502 470; x_wconf 88' lang='lat' dir='ltr'><strong>lib.</strong></span> <span class='ocrx_word' id='word_1_29' title='bbox 523 431 552 470; x_wconf 94' lang='lat' dir='ltr'><strong>I.</strong></span> <span class='ocrx_word' id='word_1_30' title='bbox 581 445 667 484; x_wconf 84' lang='lat' dir='ltr'><strong>cap.</strong></span> <span class='ocrx_word' id='word_1_31' title='bbox 688 431 775 472; x_wconf 90' lang='lat' dir='ltr'><strong>VII.</strong></span> <span class='ocrx_word' id='word_1_32' title='bbox 797 430 970 472; x_wconf 81' lang='lat' dir='ltr'><strong>Pllranz.</strong></span> <span class='ocrx_word' id='word_1_33' title='bbox 989 432 1062 471; x_wconf 90' lang='lat' dir='ltr'><strong>lib.</strong></span> <span class='ocrx_word' id='word_1_34' title='bbox 1085 431 1120 472; x_wconf 92' lang='lat' dir='ltr'><strong>l.</strong></span> <span class='ocrx_word' id='word_1_35' title='bbox 1142 447 1229 485; x_wconf 89' lang='lat' dir='ltr'><strong>cap.</strong></span> <span class='ocrx_word' id='word_1_36' title='bbox 1252 432 1284 471; x_wconf 91' lang='lat' dir='ltr'><strong>I.</strong></span> <span class='ocrx_word' id='word_1_37' title='bbox 1302 433 1353 471; x_wconf 87' lang='lat' dir='ltr'><strong>II.</strong></span> <span class='ocrx_word' id='word_1_38' title='bbox 1395 447 1568 475; x_wconf 63' lang='lat' dir='ltr'><strong>norme..</strong></span> 
     </span>
    </p>

    <p class='ocr_par' dir='ltr' id='par_1_4' title="bbox 224 486 1772 716">
     <span class='ocr_line' id='line_1_6' title="bbox 342 486 1771 542; baseline 0.003 -14"><span class='ocrx_word' id='word_1_39' title='bbox 342 492 440 542; x_wconf 76' lang='lat' dir='ltr'><strong>Pag.</strong></span> <span class='ocrx_word' id='word_1_40' title='bbox 472 491 549 538; x_wconf 89' lang='lat'><strong>49,</strong></span> <span class='ocrx_word' id='word_1_41' title='bbox 580 494 648 532; x_wconf 93' lang='grc'><strong>21.</strong></span> <span class='ocrx_word' id='word_1_42' title='bbox 683 486 796 542; x_wconf 73' lang='grc' dir='ltr'><em>Πρός</em></span> <span class='ocrx_word' id='word_1_43' title='bbox 817 488 860 529; x_wconf 83' lang='grc' dir='ltr'><strong>δὲ</strong></span> <span class='ocrx_word' id='word_1_44' title='bbox 879 505 954 542; x_wconf 76' lang='grc' dir='ltr'><strong>την</strong></span> <span class='ocrx_word' id='word_1_45' title='bbox 977 488 1052 541; x_wconf 73' lang='grc' dir='ltr'><strong>ἕω]</strong></span> <span class='ocrx_word' id='word_1_46' title='bbox 1085 490 1245 528; x_wconf 83' lang='lat' dir='ltr'><strong>Ioannis</strong></span> <span class='ocrx_word' id='word_1_47' title='bbox 1267 491 1455 530; x_wconf 82' lang='lat' dir='ltr'><strong>Vatatzae</strong></span> <span class='ocrx_word' id='word_1_48' title='bbox 1487 494 1639 532; x_wconf 85' lang='lat' dir='ltr'><strong>obitum</strong></span> <span class='ocrx_word' id='word_1_49' title='bbox 1664 495 1771 532; x_wconf 85' lang='lat' dir='ltr'><strong>mul-</strong></span> 
     </span>
     <span class='ocr_line' id='line_1_7' title="bbox 224 547 1771 600; baseline 0.003 -15"><span class='ocrx_word' id='word_1_50' title='bbox 224 547 275 585; x_wconf 81' lang='lat' dir='ltr'><strong>tis</strong></span> <span class='ocrx_word' id='word_1_51' title='bbox 294 547 449 599; x_wconf 84' lang='lat' dir='ltr'><strong>pariter</strong></span> <span class='ocrx_word' id='word_1_52' title='bbox 468 547 595 586; x_wconf 85' lang='lat' dir='ltr'><strong>refert</strong></span> <span class='ocrx_word' id='word_1_53' title='bbox 612 547 851 599; x_wconf 83' lang='lat' dir='ltr'><strong>Acropolita</strong></span> <span class='ocrx_word' id='word_1_54' title='bbox 874 561 964 600; x_wconf 83' lang='lat' dir='ltr'><strong>cap.</strong></span> <span class='ocrx_word' id='word_1_55' title='bbox 989 548 1070 585; x_wconf 85' lang='lat' dir='ltr'><strong>Lll.</strong></span> <span class='ocrx_word' id='word_1_56' title='bbox 1106 548 1283 599; x_wconf 84' lang='lat' dir='ltr'><strong>Contigit</strong></span> <span class='ocrx_word' id='word_1_57' title='bbox 1311 555 1445 587; x_wconf 83' lang='lat' dir='ltr'><strong>autem</strong></span> <span class='ocrx_word' id='word_1_58' title='bbox 1468 551 1598 592; x_wconf 89' lang='lat' dir='ltr'><strong>XXX.</strong></span> <span class='ocrx_word' id='word_1_59' title='bbox 1622 553 1771 590; x_wconf 85' lang='lat' dir='ltr'>mensis</span> 
     </span>
     <span class='ocr_line' id='line_1_8' title="bbox 227 604 1772 659; baseline 0.004 -17"><span class='ocrx_word' id='word_1_60' title='bbox 227 604 372 643; x_wconf 82' lang='lat' dir='ltr'><strong>Octob.</strong></span> <span class='ocrx_word' id='word_1_61' title='bbox 408 618 512 644; x_wconf 89' lang='lat' dir='ltr'><strong>anno</strong></span> <span class='ocrx_word' id='word_1_62' title='bbox 538 604 631 646; x_wconf 89' lang='lat' dir='ltr'>Chr.</span> <span class='ocrx_word' id='word_1_63' title='bbox 667 605 854 645; x_wconf 89' lang='lat' dir='ltr'><strong>MCCLV.</strong></span> <span class='ocrx_word' id='word_1_64' title='bbox 885 619 977 644; x_wconf 88' lang='lat' dir='ltr'><strong>cum</strong></span> <span class='ocrx_word' id='word_1_65' title='bbox 1013 619 1159 645; x_wconf 88' lang='lat' dir='ltr'><strong>annum</strong></span> <span class='ocrx_word' id='word_1_66' title='bbox 1190 606 1333 645; x_wconf 81' lang='lat' dir='ltr'><strong>aetatis</strong></span> <span class='ocrx_word' id='word_1_67' title='bbox 1363 607 1449 646; x_wconf 89' lang='lat' dir='ltr'><strong>LX.</strong></span> <span class='ocrx_word' id='word_1_68' title='bbox 1473 621 1566 659; x_wconf 89' lang='lat' dir='ltr'><strong>seu,</strong></span> <span class='ocrx_word' id='word_1_69' title='bbox 1590 609 1651 648; x_wconf 90' lang='lat' dir='ltr'><strong>uti</strong></span> <span class='ocrx_word' id='word_1_70' title='bbox 1678 610 1772 648; x_wconf 83' lang='lat' dir='ltr'><strong>vult</strong></span> 
     </span>
     <span class='ocr_line' id='line_1_9' title="bbox 224 662 1111 716; baseline 0 -15"><span class='ocrx_word' id='word_1_71' title='bbox 224 662 486 716; x_wconf 71' lang='lat' dir='ltr'><strong>Acropolsta,</strong></span> <span class='ocrx_word' id='word_1_72' title='bbox 520 662 642 702; x_wconf 84' lang='lat' dir='ltr'><strong>LXII.</strong></span> <span class='ocrx_word' id='word_1_73' title='bbox 668 662 878 715; x_wconf 76' lang='lat' dir='ltr'><strong>attigisset.</strong></span> <span class='ocrx_word' id='word_1_74' title='bbox 937 677 1111 704; x_wconf 79' lang='lat' dir='ltr'><strong>DUCANG.</strong></span> 
     </span>
    </p>
   </div>
   <div class='ocr_carea' id='block_1_4' title="bbox 223 728 1790 902">
    <p class='ocr_par' dir='ltr' id='par_1_5' title="bbox 223 728 1790 902">
     <span class='ocr_line' id='line_1_10' title="bbox 345 728 1790 790; baseline -0.001 -18"><span class='ocrx_word' id='word_1_75' title='bbox 345 734 441 786; x_wconf 81' lang='lat' dir='ltr'><strong>Pag.</strong></span> <span class='ocrx_word' id='word_1_76' title='bbox 471 732 547 784; x_wconf 87' lang='lat'><strong>50,</strong></span> <span class='ocrx_word' id='word_1_77' title='bbox 581 736 650 776; x_wconf 90' lang='grc'><strong>22.</strong></span> <span class='ocrx_word' id='word_1_78' title='bbox 708 731 752 774; x_wconf 78' lang='grc' dir='ltr'><strong>ἕν</strong></span> <span class='ocrx_word' id='word_1_79' title='bbox 782 735 833 789; x_wconf 79' lang='grc' dir='ltr'><strong>τῇ</strong></span> <span class='ocrx_word' id='word_1_80' title='bbox 866 735 976 790; x_wconf 79' lang='grc' dir='ltr'><strong><em>μονῇ</em></strong></span> <span class='ocrx_word' id='word_1_81' title='bbox 1003 735 1087 773; x_wconf 76' lang='grc' dir='ltr'><strong>τῶν</strong></span> <span class='ocrx_word' id='word_1_82' title='bbox 1120 728 1405 787; x_wconf 70' lang='grc' dir='ltr'><strong>Σωσάνδρων]</strong></span> <span class='ocrx_word' id='word_1_83' title='bbox 1447 733 1695 787; x_wconf 81' lang='lat' dir='ltr'>Magnesiae,</span> <span class='ocrx_word' id='word_1_84' title='bbox 1727 735 1790 773; x_wconf 43' lang='lat' dir='ltr'><strong>in.</strong></span> 
     </span>
     <span class='ocr_line' id='line_1_11' title="bbox 225 766 1771 846; baseline 0.001 -17"><span class='ocrx_word' id='word_1_85' title='bbox 225 788 323 829; x_wconf 85' lang='lat' dir='ltr'>aede</span> <span class='ocrx_word' id='word_1_86' title='bbox 355 790 549 843; x_wconf 88' lang='lat' dir='ltr'><strong>Deiparae</strong></span> <span class='ocrx_word' id='word_1_87' title='bbox 581 790 808 830; x_wconf 81' lang='lat' dir='ltr'><strong>Sosandrae</strong></span> <span class='ocrx_word' id='word_1_88' title='bbox 844 804 978 842; x_wconf 84' lang='lat' dir='ltr'><strong>sacr,a</strong></span> <span class='ocrx_word' id='word_1_89' title='bbox 1010 805 1130 844; x_wconf 87' lang='lat' dir='ltr'><strong>quam</strong></span> <span class='ocrx_word' id='word_1_90' title='bbox 1160 792 1194 830; x_wconf 87' lang='lat' dir='ltr'><strong>is</strong></span> <span class='ocrx_word' id='word_1_91' title='bbox 1230 791 1475 831; x_wconf 85' lang='lat' dir='ltr'><strong>aedificarat.</strong></span> <span class='ocrx_word' id='word_1_92' title='bbox 1514 766 1687 846; x_wconf 59' lang='lat' dir='ltr'><strong>0Supra,</strong></span> <span class='ocrx_word' id='word_1_93' title='bbox 1719 793 1771 832; x_wconf 85' lang='lat' dir='ltr'><strong>ad</strong></span> 
     </span>
     <span class='ocr_line' id='line_1_12' title="bbox 223 849 708 902; baseline 0.002 -15"><span class='ocrx_word' id='word_1_94' title='bbox 223 862 316 902; x_wconf 90' lang='lat' dir='ltr'><strong>pag.</strong></span> <span class='ocrx_word' id='word_1_95' title='bbox 340 849 461 891; x_wconf 86' lang='grc' dir='ltr'><strong>26.Β</strong></span> <span class='ocrx_word' id='word_1_96' title='bbox 466 877 475 887; x_wconf 95' lang='grc'><strong>.</strong></span> <span class='ocrx_word' id='word_1_97' title='bbox 530 862 708 889; x_wconf 63' lang='grc'>1111011110.</span> 
     </span>
    </p>
   </div>
   <div class='ocr_carea' id='block_1_5' title="bbox 227 912 1775 1721">
    <p class='ocr_par' dir='ltr' id='par_1_6' title="bbox 227 912 1775 1709">
     <span class='ocr_line' id='line_1_13' title="bbox 347 912 1771 971; baseline 0 -15"><span class='ocrx_word' id='word_1_98' title='bbox 347 918 440 971; x_wconf 78' lang='lat' dir='ltr'><strong>Pog.</strong></span> <span class='ocrx_word' id='word_1_99' title='bbox 472 917 552 967; x_wconf 80' lang='lat'><strong>53,</strong></span> <span class='ocrx_word' id='word_1_100' title='bbox 584 921 623 960; x_wconf 87' lang='lat'><strong>3.</strong></span> <span class='ocrx_word' id='word_1_101' title='bbox 678 912 964 971; x_wconf 79' lang='grc' dir='ltr'><strong><em>Ἀνηγορευετο</em></strong></span> <span class='ocrx_word' id='word_1_102' title='bbox 986 914 1069 971; x_wconf 75' lang='grc' dir='ltr'><strong>ἠδη</strong></span> <span class='ocrx_word' id='word_1_103' title='bbox 1095 913 1300 967; x_wconf 78' lang='grc' dir='ltr'><strong><em>θανόντος</em></strong></span> <span class='ocrx_word' id='word_1_104' title='bbox 1323 917 1503 970; x_wconf 79' lang='grc' dir='ltr'><strong><em>ἐκείνου]</em></strong></span> <span class='ocrx_word' id='word_1_105' title='bbox 1531 918 1771 958; x_wconf 83' lang='lat' dir='ltr'><strong>Theodorus</strong></span> 
     </span>
     <span class='ocr_line' id='line_1_14' title="bbox 227 974 1772 1029; baseline 0.003 -17"><span class='ocrx_word' id='word_1_106' title='bbox 227 974 412 1013; x_wconf 87' lang='lat' dir='ltr'><strong>Lascaris</strong></span> <span class='ocrx_word' id='word_1_107' title='bbox 440 974 577 1013; x_wconf 83' lang='lat' dir='ltr'><strong>iunior</strong></span> <span class='ocrx_word' id='word_1_108' title='bbox 613 976 813 1028; x_wconf 83' lang='lat' dir='ltr'><strong>imperare</strong></span> <span class='ocrx_word' id='word_1_109' title='bbox 845 975 981 1029; x_wconf 87' lang='lat' dir='ltr'><strong>coepit</strong></span> <span class='ocrx_word' id='word_1_110' title='bbox 1014 989 1078 1013; x_wconf 91' lang='lat' dir='ltr'><strong>an.</strong></span> <span class='ocrx_word' id='word_1_111' title='bbox 1110 975 1251 1014; x_wconf 85' lang='lat' dir='ltr'>Mundi</span> <span class='ocrx_word' id='word_1_112' title='bbox 1281 976 1350 1016; x_wconf 91' lang='lat' dir='ltr'><strong>VI.</strong></span> <span class='ocrx_word' id='word_1_113' title='bbox 1382 976 1667 1016; x_wconf 81' lang='lat' dir='ltr'><strong>MDCCLXIII.</strong></span> <span class='ocrx_word' id='word_1_114' title='bbox 1725 977 1772 1016; x_wconf 91' lang='lat' dir='ltr'><strong>Id</strong></span> 
     </span>
     <span class='ocr_line' id='line_1_15' title="bbox 227 1032 1772 1086; baseline 0.003 -16"><span class='ocrx_word' id='word_1_115' title='bbox 227 1038 387 1071; x_wconf 87' lang='lat' dir='ltr'><strong>constat</strong></span> <span class='ocrx_word' id='word_1_116' title='bbox 415 1045 465 1070; x_wconf 80' lang='lat' dir='ltr'><strong>ex</strong></span> <span class='ocrx_word' id='word_1_117' title='bbox 495 1035 599 1072; x_wconf 88' lang='lat' dir='ltr'><strong>serie</strong></span> <span class='ocrx_word' id='word_1_118' title='bbox 627 1033 917 1085; x_wconf 87' lang='lat' dir='ltr'><strong>imperatorum</strong></span> <span class='ocrx_word' id='word_1_119' title='bbox 948 1032 1256 1086; x_wconf 79' lang='lat' dir='ltr'><strong>chronologica,</strong></span> <span class='ocrx_word' id='word_1_120' title='bbox 1307 1048 1427 1086; x_wconf 89' lang='lat' dir='ltr'><strong>quam</strong></span> <span class='ocrx_word' id='word_1_121' title='bbox 1458 1048 1507 1073; x_wconf 84' lang='lat' dir='ltr'><strong>ex</strong></span> <span class='ocrx_word' id='word_1_122' title='bbox 1539 1034 1638 1076; x_wconf 86' lang='lat' dir='ltr'><strong>Cod.</strong></span> <span class='ocrx_word' id='word_1_123' title='bbox 1675 1035 1772 1085; x_wconf 81' lang='lat' dir='ltr'><strong>Reg.</strong></span> 
     </span>
     <span class='ocr_line' id='line_1_16' title="bbox 228 1090 1772 1144; baseline 0.003 -17"><span class='ocrx_word' id='word_1_124' title='bbox 228 1103 353 1143; x_wconf 87' lang='lat' dir='ltr'><strong>supra</strong></span> <span class='ocrx_word' id='word_1_125' title='bbox 379 1090 601 1132; x_wconf 80' lang='lat' dir='ltr'><strong>attulimus.</strong></span> <span class='ocrx_word' id='word_1_126' title='bbox 661 1091 836 1129; x_wconf 87' lang='lat' dir='ltr'><strong>Dubium</strong></span> <span class='ocrx_word' id='word_1_127' title='bbox 856 1098 916 1130; x_wconf 90' lang='lat' dir='ltr'><strong>est</strong></span> <span class='ocrx_word' id='word_1_128' title='bbox 931 1098 1068 1130; x_wconf 80' lang='lat' dir='ltr'><strong>utrum</strong></span> <span class='ocrx_word' id='word_1_129' title='bbox 1090 1099 1202 1139; x_wconf 84' lang='lat' dir='ltr'><strong>ante,</strong></span> <span class='ocrx_word' id='word_1_130' title='bbox 1234 1106 1282 1130; x_wconf 90' lang='lat' dir='ltr'><strong>an</strong></span> <span class='ocrx_word' id='word_1_131' title='bbox 1305 1099 1399 1144; x_wconf 87' lang='lat' dir='ltr'><strong>post</strong></span> <span class='ocrx_word' id='word_1_132' title='bbox 1420 1106 1593 1131; x_wconf 87' lang='lat' dir='ltr'><strong>mensem</strong></span> <span class='ocrx_word' id='word_1_133' title='bbox 1618 1093 1772 1131; x_wconf 88' lang='lat' dir='ltr'><strong>Ianua-</strong></span> 
     </span>
     <span class='ocr_line' id='line_1_17' title="bbox 227 1147 1773 1198; baseline 0.001 -12"><span class='ocrx_word' id='word_1_134' title='bbox 227 1147 348 1186; x_wconf 87' lang='lat' dir='ltr'><strong>rium.</strong></span> <span class='ocrx_word' id='word_1_135' title='bbox 409 1148 450 1186; x_wconf 87' lang='lat' dir='ltr'><strong>Si</strong></span> <span class='ocrx_word' id='word_1_136' title='bbox 473 1155 578 1198; x_wconf 87' lang='lat' dir='ltr'><strong>ante,</strong></span> <span class='ocrx_word' id='word_1_137' title='bbox 610 1147 689 1186; x_wconf 87' lang='lat' dir='ltr'><strong>suit</strong></span> <span class='ocrx_word' id='word_1_138' title='bbox 712 1149 746 1187; x_wconf 91' lang='lat' dir='ltr'><strong>is</strong></span> <span class='ocrx_word' id='word_1_139' title='bbox 770 1162 897 1187; x_wconf 86' lang='lat' dir='ltr'><strong>annus</strong></span> <span class='ocrx_word' id='word_1_140' title='bbox 926 1148 1075 1187; x_wconf 75' lang='lat' dir='ltr'><strong>Christi</strong></span> <span class='ocrx_word' id='word_1_141' title='bbox 1100 1149 1305 1190; x_wconf 87' lang='lat' dir='ltr'><strong>MCCLIV.</strong></span> <span class='ocrx_word' id='word_1_142' title='bbox 1328 1156 1369 1188; x_wconf 84' lang='lat' dir='ltr'><strong>et</strong></span> <span class='ocrx_word' id='word_1_143' title='bbox 1400 1150 1612 1188; x_wconf 82' lang='lat' dir='ltr'><strong>Mauritius</strong></span> <span class='ocrx_word' id='word_1_144' title='bbox 1642 1150 1773 1188; x_wconf 78' lang='lat' dir='ltr'><strong>David</strong></span> 
     </span>
     <span class='ocr_line' id='line_1_18' title="bbox 227 1205 1772 1259; baseline 0.003 -16"><span class='ocrx_word' id='word_1_145' title='bbox 227 1205 438 1243; x_wconf 88' lang='lat' dir='ltr'><strong>Possinum</strong></span> <span class='ocrx_word' id='word_1_146' title='bbox 458 1212 568 1245; x_wconf 83' lang='lat' dir='ltr'><strong>recte</strong></span> <span class='ocrx_word' id='word_1_147' title='bbox 586 1205 860 1258; x_wconf 82' lang='lat' dir='ltr'><strong>reprehendit.</strong></span> <span class='ocrx_word' id='word_1_148' title='bbox 893 1207 932 1244; x_wconf 90' lang='lat' dir='ltr'><strong>Si</strong></span> <span class='ocrx_word' id='word_1_149' title='bbox 954 1213 1065 1259; x_wconf 81' lang='lat' dir='ltr'><strong>post,</strong></span> <span class='ocrx_word' id='word_1_150' title='bbox 1095 1207 1173 1245; x_wconf 78' lang='lat' dir='ltr'><strong>fuit</strong></span> <span class='ocrx_word' id='word_1_151' title='bbox 1191 1207 1266 1245; x_wconf 81' lang='lat' dir='ltr'><strong>iarn</strong></span> <span class='ocrx_word' id='word_1_152' title='bbox 1291 1214 1373 1246; x_wconf 87' lang='lat' dir='ltr'><strong>tum</strong></span> <span class='ocrx_word' id='word_1_153' title='bbox 1395 1222 1455 1249; x_wconf 83' lang='lat' dir='ltr'><strong>an.</strong></span> <span class='ocrx_word' id='word_1_154' title='bbox 1470 1206 1562 1246; x_wconf 83' lang='lat' dir='ltr'><strong>Chr.</strong></span> <span class='ocrx_word' id='word_1_155' title='bbox 1583 1208 1772 1247; x_wconf 83' lang='lat' dir='ltr'><strong>MCCLV.</strong></span> 
     </span>
     <span class='ocr_line' id='line_1_19' title="bbox 229 1263 1772 1317; baseline 0.002 -16"><span class='ocrx_word' id='word_1_156' title='bbox 229 1268 270 1301; x_wconf 86' lang='lat' dir='ltr'><strong>et</strong></span> <span class='ocrx_word' id='word_1_157' title='bbox 298 1263 489 1302; x_wconf 86' lang='lat' dir='ltr'><strong>Possinus</strong></span> <span class='ocrx_word' id='word_1_158' title='bbox 521 1263 721 1302; x_wconf 82' lang='lat' dir='ltr'><strong>immerito</strong></span> <span class='ocrx_word' id='word_1_159' title='bbox 762 1263 1083 1317; x_wconf 80' lang='lat' dir='ltr'><strong>reprehenditur.</strong></span> <span class='ocrx_word' id='word_1_160' title='bbox 1144 1266 1228 1316; x_wconf 79' lang='lat' dir='ltr'><strong>Ego</strong></span> <span class='ocrx_word' id='word_1_161' title='bbox 1267 1265 1423 1303; x_wconf 87' lang='lat' dir='ltr'><strong>Possini</strong></span> <span class='ocrx_word' id='word_1_162' title='bbox 1461 1264 1772 1316; x_wconf 81' lang='lat' dir='ltr'><strong>Chronologiam</strong></span> 
     </span>
     <span class='ocr_line' id='line_1_20' title="bbox 227 1320 1773 1373; baseline 0.003 -16"><span class='ocrx_word' id='word_1_163' title='bbox 227 1320 403 1372; x_wconf 86' lang='lat' dir='ltr'><strong>primum</strong></span> <span class='ocrx_word' id='word_1_164' title='bbox 424 1327 587 1360; x_wconf 81' lang='lat' dir='ltr'><strong>secutus</strong></span> <span class='ocrx_word' id='word_1_165' title='bbox 615 1335 724 1371; x_wconf 87' lang='lat' dir='ltr'><strong>sum,</strong></span> <span class='ocrx_word' id='word_1_166' title='bbox 756 1335 873 1373; x_wconf 81' lang='lat' dir='ltr'><strong>quam</strong></span> <span class='ocrx_word' id='word_1_167' title='bbox 901 1329 940 1361; x_wconf 84' lang='lat' dir='ltr'><strong>et</strong></span> <span class='ocrx_word' id='word_1_168' title='bbox 965 1321 1189 1373; x_wconf 83' lang='lat' dir='ltr'><strong>Ducangius</strong></span> <span class='ocrx_word' id='word_1_169' title='bbox 1221 1329 1385 1362; x_wconf 82' lang='lat' dir='ltr'><strong>secutus</strong></span> <span class='ocrx_word' id='word_1_170' title='bbox 1414 1323 1558 1362; x_wconf 84' lang='lat' dir='ltr'><strong>fuerat.</strong></span> <span class='ocrx_word' id='word_1_171' title='bbox 1618 1323 1773 1361; x_wconf 83' lang='lat' dir='ltr'><strong>Deinde</strong></span> 
     </span>
     <span class='ocr_line' id='line_1_21' title="bbox 229 1378 1773 1432; baseline 0.001 -16"><span class='ocrx_word' id='word_1_172' title='bbox 229 1392 282 1416; x_wconf 80' lang='lat' dir='ltr'><strong>ex</strong></span> <span class='ocrx_word' id='word_1_173' title='bbox 307 1378 718 1418; x_wconf 85' lang='lat' dir='ltr'><strong>animadversionibus</strong></span> <span class='ocrx_word' id='word_1_174' title='bbox 745 1378 922 1418; x_wconf 80' lang='lat' dir='ltr'><strong>Mauritii</strong></span> <span class='ocrx_word' id='word_1_175' title='bbox 947 1380 1073 1419; x_wconf 77' lang='lat' dir='ltr'><strong>David</strong></span> <span class='ocrx_word' id='word_1_176' title='bbox 1098 1380 1316 1419; x_wconf 82' lang='lat' dir='ltr'><strong>sacerdotis</strong></span> <span class='ocrx_word' id='word_1_177' title='bbox 1348 1380 1601 1420; x_wconf 88' lang='lat' dir='ltr'><strong>Divionensis</strong></span> <span class='ocrx_word' id='word_1_178' title='bbox 1634 1381 1773 1432; x_wconf 83' lang='lat' dir='ltr'><strong>(cuius</strong></span> 
     </span>
     <span class='ocr_line' id='line_1_22' title="bbox 229 1435 1773 1489; baseline 0.002 -15"><span class='ocrx_word' id='word_1_179' title='bbox 229 1435 401 1487; x_wconf 83' lang='lat' dir='ltr'><strong>librum,</strong></span> <span class='ocrx_word' id='word_1_180' title='bbox 455 1435 526 1474; x_wconf 87' lang='lat' dir='ltr'><strong>diu</strong></span> <span class='ocrx_word' id='word_1_181' title='bbox 558 1437 806 1489; x_wconf 80' lang='lat' dir='ltr'><strong>quaesitum,</strong></span> <span class='ocrx_word' id='word_1_182' title='bbox 843 1437 1037 1477; x_wconf 85' lang='lat' dir='ltr'><strong>beneficio</strong></span> <span class='ocrx_word' id='word_1_183' title='bbox 1072 1437 1155 1476; x_wconf 86' lang='lat' dir='ltr'><strong>Viri</strong></span> <span class='ocrx_word' id='word_1_184' title='bbox 1194 1438 1339 1479; x_wconf 88' lang='lat' dir='ltr'><strong>illustr.</strong></span> <span class='ocrx_word' id='word_1_185' title='bbox 1381 1438 1537 1476; x_wconf 81' lang='lat' dir='ltr'><strong>Nicolai</strong></span> <span class='ocrx_word' id='word_1_186' title='bbox 1580 1439 1773 1477; x_wconf 73' lang='lat' dir='ltr'><strong>Tomardi</strong></span> 
     </span>
     <span class='ocr_line' id='line_1_23' title="bbox 229 1491 1774 1549; baseline 0.002 -18"><span class='ocrx_word' id='word_1_187' title='bbox 229 1493 391 1532; x_wconf 80' lang='lat' dir='ltr'><strong>tandem</strong></span> <span class='ocrx_word' id='word_1_188' title='bbox 422 1500 564 1533; x_wconf 83' lang='lat' dir='ltr'><strong>nactus</strong></span> <span class='ocrx_word' id='word_1_189' title='bbox 598 1491 704 1549; x_wconf 89' lang='lat' dir='ltr'><strong>sum)</strong></span> <span class='ocrx_word' id='word_1_190' title='bbox 730 1495 912 1534; x_wconf 85' lang='lat' dir='ltr'><strong>intellexi</strong></span> <span class='ocrx_word' id='word_1_191' title='bbox 938 1497 1096 1549; x_wconf 84' lang='lat' dir='ltr'><strong>lapsum</strong></span> <span class='ocrx_word' id='word_1_192' title='bbox 1124 1509 1187 1534; x_wconf 87' lang='lat' dir='ltr'><strong>me</strong></span> <span class='ocrx_word' id='word_1_193' title='bbox 1220 1496 1344 1535; x_wconf 80' lang='lat' dir='ltr'><strong>semel</strong></span> <span class='ocrx_word' id='word_1_194' title='bbox 1369 1502 1488 1549; x_wconf 83' lang='lat' dir='ltr'><strong>atque</strong></span> <span class='ocrx_word' id='word_1_195' title='bbox 1510 1496 1653 1535; x_wconf 83' lang='lat' dir='ltr'><strong>iterum</strong></span> <span class='ocrx_word' id='word_1_196' title='bbox 1683 1510 1774 1535; x_wconf 87' lang='lat' dir='ltr'><strong>cum</strong></span> 
     </span>
     <span class='ocr_line' id='line_1_24' title="bbox 233 1551 1774 1606; baseline 0.003 -17"><span class='ocrx_word' id='word_1_197' title='bbox 233 1551 478 1591; x_wconf 83' lang='lat' dir='ltr'><strong>doctissimis</strong></span> <span class='ocrx_word' id='word_1_198' title='bbox 506 1551 607 1590; x_wconf 84' lang='lat' dir='ltr'><strong>viris</strong></span> <span class='ocrx_word' id='word_1_199' title='bbox 634 1553 675 1590; x_wconf 88' lang='lat' dir='ltr'><strong>in</strong></span> <span class='ocrx_word' id='word_1_200' title='bbox 717 1554 976 1605; x_wconf 86' lang='lat' dir='ltr'><strong>supputanda</strong></span> <span class='ocrx_word' id='word_1_201' title='bbox 1009 1567 1204 1592; x_wconf 83' lang='lat' dir='ltr'><strong>annorum</strong></span> <span class='ocrx_word' id='word_1_202' title='bbox 1237 1555 1406 1594; x_wconf 85' lang='lat' dir='ltr'><strong>ratione.</strong></span> <span class='ocrx_word' id='word_1_203' title='bbox 1466 1554 1609 1592; x_wconf 88' lang='lat' dir='ltr'><strong>Moneo</strong></span> <span class='ocrx_word' id='word_1_204' title='bbox 1637 1555 1774 1606; x_wconf 80' lang='lat' dir='ltr'><strong>itaque</strong></span> 
     </span>
     <span class='ocr_line' id='line_1_25' title="bbox 231 1608 1775 1660; baseline 0.003 -14"><span class='ocrx_word' id='word_1_205' title='bbox 231 1609 450 1660; x_wconf 83' lang='lat' dir='ltr'><strong>lectorem,</strong></span> <span class='ocrx_word' id='word_1_206' title='bbox 480 1615 526 1649; x_wconf 87' lang='lat' dir='ltr'><strong>ut</strong></span> <span class='ocrx_word' id='word_1_207' title='bbox 546 1608 643 1648; x_wconf 89' lang='lat' dir='ltr'><strong>huic</strong></span> <span class='ocrx_word' id='word_1_208' title='bbox 662 1610 861 1649; x_wconf 86' lang='lat' dir='ltr'><strong>volumini</strong></span> <span class='ocrx_word' id='word_1_209' title='bbox 886 1611 1143 1651; x_wconf 85' lang='lat' dir='ltr'><strong>subiunctum</strong></span> <span class='ocrx_word' id='word_1_210' title='bbox 1165 1611 1339 1650; x_wconf 87' lang='lat' dir='ltr'><strong>indicem</strong></span> <span class='ocrx_word' id='word_1_211' title='bbox 1369 1618 1593 1651; x_wconf 77' lang='lat' dir='ltr'><strong>erratorum</strong></span> <span class='ocrx_word' id='word_1_212' title='bbox 1618 1625 1775 1650; x_wconf 91' lang='lat' dir='ltr'><strong>consu—</strong></span> 
     </span>
     <span class='ocr_line' id='line_1_26' title="bbox 231 1666 1465 1721; baseline 0.002 -16"><span class='ocrx_word' id='word_1_213' title='bbox 231 1667 312 1718; x_wconf 85' lang='lat' dir='ltr'><strong>lat,</strong></span> <span class='ocrx_word' id='word_1_214' title='bbox 344 1674 383 1707; x_wconf 89' lang='lat' dir='ltr'><strong>et</strong></span> <span class='ocrx_word' id='word_1_215' title='bbox 404 1681 455 1706; x_wconf 88' lang='lat' dir='ltr'><strong>ex</strong></span> <span class='ocrx_word' id='word_1_216' title='bbox 478 1681 524 1706; x_wconf 92' lang='lat' dir='ltr'><strong>eo</strong></span> <span class='ocrx_word' id='word_1_217' title='bbox 549 1666 851 1720; x_wconf 79' lang='lat' dir='ltr'><strong>chronologiam</strong></span> <span class='ocrx_word' id='word_1_218' title='bbox 873 1676 1051 1709; x_wconf 85' lang='lat' dir='ltr'><strong>nostram</strong></span> <span class='ocrx_word' id='word_1_219' title='bbox 1073 1670 1263 1721; x_wconf 83' lang='lat' dir='ltr'><strong>corrigat.</strong></span> <span class='ocrx_word' id='word_1_220' title='bbox 1306 1683 1465 1710; x_wconf 63' lang='lat' dir='ltr'><strong>notvm</strong></span> 
     </span>
    </p>
   </div>
   <div class='ocr_carea' id='block_1_6' title="bbox 233 1734 1777 1905">
    <p class='ocr_par' dir='ltr' id='par_1_7' title="bbox 233 1734 1777 1905">
     <span class='ocr_line' id='line_1_27' title="bbox 349 1734 1775 1794; baseline -0.002 -15"><span class='ocrx_word' id='word_1_221' title='bbox 349 1739 446 1790; x_wconf 69' lang='lat' dir='ltr'><strong>Pag·</strong></span> <span class='ocrx_word' id='word_1_222' title='bbox 478 1736 555 1783; x_wconf 77' lang='lat'><strong>55,</strong></span> <span class='ocrx_word' id='word_1_223' title='bbox 584 1740 624 1779; x_wconf 88' lang='grc'><strong>2.</strong></span> <span class='ocrx_word' id='word_1_224' title='bbox 682 1735 800 1778; x_wconf 66' lang='lat' dir='ltr'><strong>Kato}</strong></span> <span class='ocrx_word' id='word_1_225' title='bbox 819 1734 862 1779; x_wconf 85' lang='grc' dir='ltr'><strong>τὸ</strong></span> <span class='ocrx_word' id='word_1_226' title='bbox 879 1737 923 1779; x_wconf 79' lang='grc' dir='ltr'><strong>ἐν</strong></span> <span class='ocrx_word' id='word_1_227' title='bbox 939 1735 1099 1788; x_wconf 81' lang='grc' dir='ltr'><strong><em>τούτοις</em></strong></span> <span class='ocrx_word' id='word_1_228' title='bbox 1118 1739 1362 1794; x_wconf 76' lang='grc' dir='ltr'><strong><em>ἐπικρατοῦν</em></strong></span> <span class='ocrx_word' id='word_1_229' title='bbox 1385 1738 1506 1792; x_wconf 80' lang='grc' dir='ltr'><strong>ε’θος]</strong></span> <span class='ocrx_word' id='word_1_230' title='bbox 1539 1738 1775 1792; x_wconf 83' lang='lat' dir='ltr'><strong>Acropolita</strong></span> 
     </span>
     <span class='ocr_line' id='line_1_28' title="bbox 235 1793 1777 1850; baseline 0.002 -19"><span class='ocrx_word' id='word_1_231' title='bbox 235 1806 326 1846; x_wconf 85' lang='lat' dir='ltr'><strong>cap.</strong></span> <span class='ocrx_word' id='word_1_232' title='bbox 347 1793 450 1833; x_wconf 84' lang='lat' dir='ltr'><strong>LIII.</strong></span> <span class='ocrx_word' id='word_1_233' title='bbox 492 1794 549 1834; x_wconf 86' lang='lat' dir='ltr'><strong>De</strong></span> <span class='ocrx_word' id='word_1_234' title='bbox 573 1793 653 1833; x_wconf 86' lang='lat' dir='ltr'><strong>hoc</strong></span> <span class='ocrx_word' id='word_1_235' title='bbox 682 1809 792 1834; x_wconf 85' lang='lat' dir='ltr'><strong>more</strong></span> <span class='ocrx_word' id='word_1_236' title='bbox 816 1796 964 1849; x_wconf 85' lang='lat' dir='ltr'><strong>passim</strong></span> <span class='ocrx_word' id='word_1_237' title='bbox 998 1797 1233 1850; x_wconf 73' lang='lat' dir='ltr'><strong>sciiptores.</strong></span> <span class='ocrx_word' id='word_1_238' title='bbox 1272 1811 1448 1836; x_wconf 76' lang='lat' dir='ltr'><strong>DncANG.</strong></span> <span class='ocrx_word' id='word_1_239' title='bbox 1507 1797 1639 1846; x_wconf 72' lang='lat' dir='ltr'><strong>Veni,</strong></span> <span class='ocrx_word' id='word_1_240' title='bbox 1670 1811 1777 1835; x_wconf 87' lang='lat' dir='ltr'><strong>more</strong></span> 
     </span>
     <span class='ocr_line' id='line_1_29' title="bbox 233 1851 1688 1905; baseline 0.002 -16"><span class='ocrx_word' id='word_1_241' title='bbox 233 1860 316 1890; x_wconf 75' lang='lat' dir='ltr'><strong>ium</strong></span> <span class='ocrx_word' id='word_1_242' title='bbox 339 1853 500 1892; x_wconf 77' lang='lat' dir='ltr'><strong>usitato.</strong></span> <span class='ocrx_word' id='word_1_243' title='bbox 559 1851 719 1905; x_wconf 78' lang='lat' dir='ltr'><strong>Malim,</strong></span> <span class='ocrx_word' id='word_1_244' title='bbox 749 1867 858 1892; x_wconf 84' lang='lat' dir='ltr'><strong>more</strong></span> <span class='ocrx_word' id='word_1_245' title='bbox 876 1855 918 1893; x_wconf 86' lang='lat' dir='ltr'><strong>in</strong></span> <span class='ocrx_word' id='word_1_246' title='bbox 935 1853 1008 1905; x_wconf 77' lang='lat' dir='ltr'><strong>his,</strong></span> <span class='ocrx_word' id='word_1_247' title='bbox 1040 1855 1105 1893; x_wconf 87' lang='lat' dir='ltr'><strong>vel</strong></span> <span class='ocrx_word' id='word_1_248' title='bbox 1124 1854 1238 1894; x_wconf 72' lang='lat' dir='ltr'><strong>hac</strong></span> <span class='ocrx_word' id='word_1_249' title='bbox 1223 1871 1265 1894; x_wconf 86' lang='grc' dir='ltr'><strong>ιη</strong></span> <span class='ocrx_word' id='word_1_250' title='bbox 1287 1871 1326 1894; x_wconf 74' lang='lat' dir='ltr'><strong>re</strong></span> <span class='ocrx_word' id='word_1_251' title='bbox 1344 1855 1504 1894; x_wconf 80' lang='lat' dir='ltr'><strong>usitato.</strong></span> <span class='ocrx_word' id='word_1_252' title='bbox 1533 1868 1688 1894; x_wconf 49' lang='grc'>1301111</span> 
     </span>
    </p>
   </div>
   <div class='ocr_carea' id='block_1_7' title="bbox 234 1920 1780 2911">
    <p class='ocr_par' dir='ltr' id='par_1_8' title="bbox 234 1920 1778 2323">
     <span class='ocr_line' id='line_1_30' title="bbox 351 1920 1776 1977; baseline -0.001 -13"><span class='ocrx_word' id='word_1_253' title='bbox 351 1923 448 1974; x_wconf 73' lang='lat' dir='ltr'><strong>Pag·</strong></span> <span class='ocrx_word' id='word_1_254' title='bbox 480 1921 556 1972; x_wconf 82' lang='lat'><strong>55,</strong></span> <span class='ocrx_word' id='word_1_255' title='bbox 587 1925 628 1963; x_wconf 92' lang='grc'><strong>7.</strong></span> <span class='ocrx_word' id='word_1_256' title='bbox 686 1920 736 1963; x_wconf 87' lang='grc' dir='ltr'>Ὃ</span> <span class='ocrx_word' id='word_1_257' title='bbox 759 1938 1006 1977; x_wconf 77' lang='grc' dir='ltr'><strong><em>πατριαρχης</em></strong></span> <span class='ocrx_word' id='word_1_258' title='bbox 1038 1921 1262 1976; x_wconf 83' lang='grc' dir='ltr'><strong>Ιερμανός]</strong></span> <span class='ocrx_word' id='word_1_259' title='bbox 1294 1924 1494 1963; x_wconf 84' lang='lat' dir='ltr'><strong>Germano</strong></span> <span class='ocrx_word' id='word_1_260' title='bbox 1523 1922 1776 1976; x_wconf 73' lang='lat' dir='ltr'><strong>patiiarchae</strong></span> 
     </span>
     <span class='ocr_line' id='line_1_31' title="bbox 235 1975 1776 2045; baseline 0.003 -30"><span class='ocrx_word' id='word_1_261' title='bbox 235 1977 683 2045; x_wconf 81' lang='lat' dir='ltr'><strong>Constantinopolitano</strong></span> <span class='ocrx_word' id='word_1_262' title='bbox 703 1979 914 2019; x_wconf 81' lang='lat' dir='ltr'><strong>Arsenium</strong></span> <span class='ocrx_word' id='word_1_263' title='bbox 936 1981 1118 2032; x_wconf 73' lang='lat' dir='ltr'><strong>pxoxime</strong></span> <span class='ocrx_word' id='word_1_264' title='bbox 1139 1981 1352 2020; x_wconf 79' lang='lat' dir='ltr'><strong>suffectum</strong></span> <span class='ocrx_word' id='word_1_265' title='bbox 1368 1975 1442 2021; x_wconf 84' lang='grc'>1110</span> <span class='ocrx_word' id='word_1_266' title='bbox 1467 1982 1610 2021; x_wconf 76' lang='lat' dir='ltr'><strong>smibit</strong></span> <span class='ocrx_word' id='word_1_267' title='bbox 1624 1983 1776 2032; x_wconf 81' lang='lat' dir='ltr'><strong>Grego-</strong></span> 
     </span>
     <span class='ocr_line' id='line_1_32' title="bbox 234 2035 1776 2092; baseline 0.003 -18"><span class='ocrx_word' id='word_1_268' title='bbox 234 2049 320 2084; x_wconf 84' lang='lat' dir='ltr'><strong>ras,</strong></span> <span class='ocrx_word' id='word_1_269' title='bbox 351 2035 449 2074; x_wconf 88' lang='lat' dir='ltr'><strong>mira</strong></span> <span class='ocrx_word' id='word_1_270' title='bbox 474 2037 709 2086; x_wconf 85' lang='lat' dir='ltr'><strong>oscitantia,</strong></span> <span class='ocrx_word' id='word_1_271' title='bbox 737 2037 870 2090; x_wconf 89' lang='lat' dir='ltr'><strong>inquit</strong></span> <span class='ocrx_word' id='word_1_272' title='bbox 892 2038 1061 2078; x_wconf 80' lang='lat' dir='ltr'><strong>Allatius</strong></span> <span class='ocrx_word' id='word_1_273' title='bbox 1085 2039 1154 2080; x_wconf 89' lang='lat' dir='ltr'><strong>lib.</strong></span> <span class='ocrx_word' id='word_1_274' title='bbox 1183 2039 1232 2080; x_wconf 90' lang='lat' dir='ltr'><strong>II.</strong></span> <span class='ocrx_word' id='word_1_275' title='bbox 1258 2039 1307 2078; x_wconf 87' lang='lat' dir='ltr'><strong>de</strong></span> <span class='ocrx_word' id='word_1_276' title='bbox 1331 2040 1543 2092; x_wconf 72' lang='lat' dir='ltr'><strong>uniusque</strong></span> <span class='ocrx_word' id='word_1_277' title='bbox 1575 2039 1776 2078; x_wconf 83' lang='lat' dir='ltr'><strong>Ecclesiae</strong></span> 
     </span>
     <span class='ocr_line' id='line_1_33' title="bbox 237 2093 1778 2146; baseline 0.004 -17"><span class='ocrx_word' id='word_1_278' title='bbox 237 2093 500 2133; x_wconf 83' lang='lat' dir='ltr'><strong>consensione</strong></span> <span class='ocrx_word' id='word_1_279' title='bbox 520 2109 609 2146; x_wconf 85' lang='lat' dir='ltr'><strong>cap.</strong></span> <span class='ocrx_word' id='word_1_280' title='bbox 632 2094 742 2136; x_wconf 91' lang='lat' dir='ltr'><strong>XIV.</strong></span> <span class='ocrx_word' id='word_1_281' title='bbox 762 2109 801 2134; x_wconf 91' lang='lat' dir='ltr'><strong>n.</strong></span> <span class='ocrx_word' id='word_1_282' title='bbox 828 2095 896 2135; x_wconf 88' lang='lat' dir='ltr'><strong>IV.</strong></span> <span class='ocrx_word' id='word_1_283' title='bbox 953 2096 1055 2136; x_wconf 88' lang='lat' dir='ltr'><strong>Nam</strong></span> <span class='ocrx_word' id='word_1_284' title='bbox 1081 2097 1269 2136; x_wconf 87' lang='lat' dir='ltr'><strong>Arsenius</strong></span> <span class='ocrx_word' id='word_1_285' title='bbox 1294 2098 1468 2136; x_wconf 88' lang='lat' dir='ltr'><strong>Manueli</strong></span> <span class='ocrx_word' id='word_1_286' title='bbox 1492 2099 1701 2146; x_wconf 43' lang='lat' dir='ltr'><strong>successim</strong></span> <span class='ocrx_word' id='word_1_287' title='bbox 1732 2102 1778 2135; x_wconf 91' lang='lat' dir='ltr'><strong>ut</strong></span> 
     </span>
     <span class='ocr_line' id='line_1_34' title="bbox 236 2151 1778 2205; baseline 0.002 -16"><span class='ocrx_word' id='word_1_288' title='bbox 236 2155 296 2189; x_wconf 91' lang='lat' dir='ltr'><strong>est</strong></span> <span class='ocrx_word' id='word_1_289' title='bbox 312 2151 422 2202; x_wconf 85' lang='lat' dir='ltr'><strong>apud</strong></span> <span class='ocrx_word' id='word_1_290' title='bbox 435 2152 709 2204; x_wconf 85' lang='lat' dir='ltr'><strong>Acropolitam</strong></span> <span class='ocrx_word' id='word_1_291' title='bbox 730 2167 820 2205; x_wconf 86' lang='lat' dir='ltr'><strong>cap.</strong></span> <span class='ocrx_word' id='word_1_292' title='bbox 841 2153 966 2204; x_wconf 63' lang='lat' dir='ltr'><strong>LIII„</strong></span> <span class='ocrx_word' id='word_1_293' title='bbox 996 2153 1157 2194; x_wconf 88' lang='lat' dir='ltr'><strong>Manuel</strong></span> <span class='ocrx_word' id='word_1_294' title='bbox 1179 2154 1400 2205; x_wconf 81' lang='lat' dir='ltr'><strong>Methodio,</strong></span> <span class='ocrx_word' id='word_1_295' title='bbox 1428 2154 1655 2194; x_wconf 80' lang='lat' dir='ltr'><strong>Methodius</strong></span> <span class='ocrx_word' id='word_1_296' title='bbox 1677 2154 1778 2192; x_wconf 84' lang='lat' dir='ltr'><strong>Ger-</strong></span> 
     </span>
     <span class='ocr_line' id='line_1_35' title="bbox 237 2207 1777 2262; baseline 0.003 -18"><span class='ocrx_word' id='word_1_297' title='bbox 237 2220 369 2246; x_wconf 85' lang='lat' dir='ltr'><strong>mano.</strong></span> <span class='ocrx_word' id='word_1_298' title='bbox 417 2207 530 2256; x_wconf 84' lang='lat' dir='ltr'><strong>Quae</strong></span> <span class='ocrx_word' id='word_1_299' title='bbox 555 2209 718 2261; x_wconf 86' lang='lat' dir='ltr'><strong>quidem</strong></span> <span class='ocrx_word' id='word_1_300' title='bbox 753 2209 1072 2262; x_wconf 83' lang='lat' dir='ltr'><strong>patriarcharum</strong></span> <span class='ocrx_word' id='word_1_301' title='bbox 1105 2212 1228 2251; x_wconf 86' lang='lat' dir='ltr'><strong>series</strong></span> <span class='ocrx_word' id='word_1_302' title='bbox 1257 2212 1314 2251; x_wconf 89' lang='lat' dir='ltr'><strong>sic</strong></span> <span class='ocrx_word' id='word_1_303' title='bbox 1336 2212 1581 2251; x_wconf 86' lang='lat' dir='ltr'><strong>describitur</strong></span> <span class='ocrx_word' id='word_1_304' title='bbox 1599 2213 1641 2251; x_wconf 85' lang='lat' dir='ltr'><strong>in</strong></span> <span class='ocrx_word' id='word_1_305' title='bbox 1671 2217 1777 2250; x_wconf 84' lang='lat' dir='ltr'><strong>cata·</strong></span> 
     </span>
     <span class='ocr_line' id='line_1_36' title="bbox 238 2264 1538 2323; baseline 0.005 -21"><span class='ocrx_word' id='word_1_306' title='bbox 238 2264 331 2316; x_wconf 85' lang='lat' dir='ltr'><strong>logo</strong></span> <span class='ocrx_word' id='word_1_307' title='bbox 355 2265 669 2317; x_wconf 74' lang='lat' dir='ltr'><strong>Leunclaviam,</strong></span> <span class='ocrx_word' id='word_1_308' title='bbox 699 2266 945 2320; x_wconf 83' lang='lat' dir='ltr'><strong>Ephraemii,</strong></span> <span class='ocrx_word' id='word_1_309' title='bbox 975 2276 1015 2309; x_wconf 88' lang='lat' dir='ltr'><strong>et</strong></span> <span class='ocrx_word' id='word_1_310' title='bbox 1035 2269 1302 2323; x_wconf 85' lang='lat' dir='ltr'><strong>Xanthopuli.</strong></span> <span class='ocrx_word' id='word_1_311' title='bbox 1360 2283 1538 2308; x_wconf 69' lang='lat' dir='ltr'><strong>DucANe.</strong></span> 
     </span>
    </p>

    <p class='ocr_par' dir='ltr' id='par_1_9' title="bbox 235 2333 1775 2429">
     <span class='ocr_line' id='line_1_37' title="bbox 353 2333 1775 2393; baseline 0.001 -19"><span class='ocrx_word' id='word_1_312' title='bbox 353 2335 449 2387; x_wconf 77' lang='lat' dir='ltr'><strong>Pag.</strong></span> <span class='ocrx_word' id='word_1_313' title='bbox 473 2335 630 2385; x_wconf 85' lang='lat'><strong>55,11</strong></span> <span class='ocrx_word' id='word_1_314' title='bbox 662 2333 900 2393; x_wconf 67' lang='grc' dir='ltr'><strong><em>Νικηφόρος</em></strong></span> <span class='ocrx_word' id='word_1_315' title='bbox 920 2336 942 2380; x_wconf 85' lang='grc' dir='ltr'>ὁ</span> <span class='ocrx_word' id='word_1_316' title='bbox 959 2335 1212 2392; x_wconf 77' lang='grc' dir='ltr'><strong><em>Βλεμμύδης]</em></strong></span> <span class='ocrx_word' id='word_1_317' title='bbox 1235 2339 1468 2392; x_wconf 83' lang='lat' dir='ltr'><strong>Acropolita</strong></span> <span class='ocrx_word' id='word_1_318' title='bbox 1480 2338 1567 2380; x_wconf 82' lang='lat' dir='ltr'><strong>eod.</strong></span> <span class='ocrx_word' id='word_1_319' title='bbox 1578 2351 1664 2391; x_wconf 86' lang='lat' dir='ltr'><strong>cap</strong></span> <span class='ocrx_word' id='word_1_320' title='bbox 1674 2337 1775 2377; x_wconf 89' lang='lat' dir='ltr'><strong>LIII.</strong></span> 
     </span>
     <span class='ocr_line' id='line_1_38' title="bbox 235 2403 409 2431; baseline 0 -2"><span class='ocrx_word' id='word_1_321' title='bbox 235 2403 409 2431; x_wconf 75' lang='lat' dir='ltr'><strong>DUGANG.</strong></span> 
     </span>
    </p>

    <p class='ocr_par' dir='ltr' id='par_1_10' title="bbox 238 2449 1780 2790">
     <span class='ocr_line' id='line_1_39' title="bbox 356 2449 1777 2507; baseline 0.003 -17"><span class='ocrx_word' id='word_1_322' title='bbox 356 2451 453 2503; x_wconf 77' lang='lat' dir='ltr'><strong>Pag.</strong></span> <span class='ocrx_word' id='word_1_323' title='bbox 483 2449 537 2493; x_wconf 85' lang='lat'><strong>55</strong></span> <span class='ocrx_word' id='word_1_324' title='bbox 551 2478 562 2499; x_wconf 89' lang='grc'><em>,</em></span> <span class='ocrx_word' id='word_1_325' title='bbox 595 2452 660 2493; x_wconf 90' lang='lat'><strong>16</strong></span> <span class='ocrx_word' id='word_1_326' title='bbox 687 2449 731 2491; x_wconf 83' lang='lat' dir='ltr'><strong>‘O</strong></span> <span class='ocrx_word' id='word_1_327' title='bbox 746 2466 846 2491; x_wconf 80' lang='grc' dir='ltr'><strong><em>κατα</em></strong></span> <span class='ocrx_word' id='word_1_328' title='bbox 865 2467 960 2500; x_wconf 81' lang='grc' dir='ltr'><strong><em>τους</em></strong></span> <span class='ocrx_word' id='word_1_329' title='bbox 977 2455 1049 2506; x_wconf 81' lang='grc' dir='ltr'><strong>τῆς</strong></span> <span class='ocrx_word' id='word_1_330' title='bbox 1065 2449 1384 2502; x_wconf 80' lang='grc' dir='ltr'><strong><em>Ἀπολλωνιαδος</em></strong></span> <span class='ocrx_word' id='word_1_331' title='bbox 1407 2454 1569 2507; x_wconf 75' lang='grc' dir='ltr'><em>ἵδρυται</em></span> <span class='ocrx_word' id='word_1_332' title='bbox 1588 2451 1777 2506; x_wconf 80' lang='grc' dir='ltr'><strong><em>χωρίους]</em></strong></span> 
     </span>
     <span class='ocr_line' id='line_1_40' title="bbox 239 2503 1779 2566; baseline 0.002 -21"><span class='ocrx_word' id='word_1_333' title='bbox 239 2505 436 2560; x_wconf 87' lang='lat' dir='ltr'><strong>Acropol.</strong></span> <span class='ocrx_word' id='word_1_334' title='bbox 459 2505 503 2549; x_wconf 76' lang='grc' dir='ltr'><strong>ἐν</strong></span> <span class='ocrx_word' id='word_1_335' title='bbox 522 2510 576 2563; x_wconf 78' lang='grc' dir='ltr'><strong>τῇ</strong></span> <span class='ocrx_word' id='word_1_336' title='bbox 596 2511 668 2560; x_wconf 80' lang='grc' dir='ltr'><strong>τῆς</strong></span> <span class='ocrx_word' id='word_1_337' title='bbox 682 2503 1003 2559; x_wconf 77' lang='grc' dir='ltr'><strong><em>Ἀπολλωνιάδος</em></strong></span> <span class='ocrx_word' id='word_1_338' title='bbox 1021 2511 1164 2566; x_wconf 80' lang='grc' dir='ltr'>λίμνῃ,</span> <span class='ocrx_word' id='word_1_339' title='bbox 1195 2513 1402 2563; x_wconf 83' lang='lat' dir='ltr'><strong>quomodo</strong></span> <span class='ocrx_word' id='word_1_340' title='bbox 1432 2511 1541 2551; x_wconf 90' lang='lat' dir='ltr'><strong>hunc</strong></span> <span class='ocrx_word' id='word_1_341' title='bbox 1560 2513 1696 2550; x_wconf 86' lang='lat' dir='ltr'><strong>locum</strong></span> <span class='ocrx_word' id='word_1_342' title='bbox 1718 2511 1779 2549; x_wconf 82' lang='lat' dir='ltr'><strong>es-</strong></span> 
     </span>
     <span class='ocr_line' id='line_1_41' title="bbox 239 2548 1780 2620; baseline 0.003 -18"><span class='ocrx_word' id='word_1_343' title='bbox 239 2564 320 2603; x_wconf 85' lang='lat' dir='ltr'><strong>sert</strong></span> <span class='ocrx_word' id='word_1_344' title='bbox 342 2563 515 2604; x_wconf 85' lang='lat' dir='ltr'><strong>Michael</strong></span> <span class='ocrx_word' id='word_1_345' title='bbox 528 2548 789 2604; x_wconf 73' lang='lat' dir='ltr'><strong>Monachus</strong></span> <span class='ocrx_word' id='word_1_346' title='bbox 778 2581 818 2605; x_wconf 91' lang='lat' dir='ltr'><strong>1n</strong></span> <span class='ocrx_word' id='word_1_347' title='bbox 839 2567 923 2606; x_wconf 85' lang='lat' dir='ltr'><strong>vita</strong></span> <span class='ocrx_word' id='word_1_348' title='bbox 943 2567 1022 2608; x_wconf 91' lang='lat' dir='ltr'><strong>MS.</strong></span> <span class='ocrx_word' id='word_1_349' title='bbox 1046 2570 1087 2608; x_wconf 92' lang='lat' dir='ltr'><strong>S.</strong></span> <span class='ocrx_word' id='word_1_350' title='bbox 1112 2567 1314 2608; x_wconf 84' lang='lat' dir='ltr'><strong>Theodori</strong></span> <span class='ocrx_word' id='word_1_351' title='bbox 1337 2569 1555 2619; x_wconf 85' lang='lat' dir='ltr'><strong>Studitae,</strong></span> <span class='ocrx_word' id='word_1_352' title='bbox 1577 2582 1694 2620; x_wconf 88' lang='lat' dir='ltr'><strong>quem</strong></span> <span class='ocrx_word' id='word_1_353' title='bbox 1724 2568 1780 2607; x_wconf 83' lang='lat' dir='ltr'><strong>ait</strong></span> 
     </span>
     <span class='ocr_line' id='line_1_42' title="bbox 238 2622 1779 2679; baseline 0.004 -20"><span class='ocrx_word' id='word_1_354' title='bbox 238 2622 406 2661; x_wconf 86' lang='lat' dir='ltr'><strong>missum</strong></span> <span class='ocrx_word' id='word_1_355' title='bbox 432 2622 587 2661; x_wconf 85' lang='lat' dir='ltr'><strong>suisse&#39;</strong></span> <span class='ocrx_word' id='word_1_356' title='bbox 576 2636 619 2660; x_wconf 89' lang='grc'><strong>111</strong></span> <span class='ocrx_word' id='word_1_357' title='bbox 650 2623 815 2662; x_wconf 81' lang='lat' dir='ltr'><strong>exilium</strong></span> <span class='ocrx_word' id='word_1_358' title='bbox 844 2624 887 2666; x_wconf 80' lang='grc' dir='ltr'><strong>ἐν</strong></span> <span class='ocrx_word' id='word_1_359' title='bbox 916 2640 971 2679; x_wconf 80' lang='grc' dir='ltr'><strong>τῳ</strong></span> <span class='ocrx_word' id='word_1_360' title='bbox 1003 2624 1216 2679; x_wconf 76' lang='grc' dir='ltr'><strong><em>ἐγκειμένῳ</em></strong></span> <span class='ocrx_word' id='word_1_361' title='bbox 1248 2642 1349 2667; x_wconf 83' lang='grc' dir='ltr'><em>κατα</em></span> <span class='ocrx_word' id='word_1_362' title='bbox 1380 2625 1456 2679; x_wconf 77' lang='grc' dir='ltr'><strong>τήν</strong></span> <span class='ocrx_word' id='word_1_363' title='bbox 1480 2622 1779 2667; x_wconf 74' lang='grc' dir='ltr'><strong><em>Ἀπολλωνιάὸα</em></strong></span> 
     </span>
     <span class='ocr_line' id='line_1_43' title="bbox 239 2665 1777 2737; baseline 0.001 -18"><span class='ocrx_word' id='word_1_364' title='bbox 239 2680 386 2732; x_wconf 84' lang='grc' dir='ltr'><em>λίμνην</em></span> <span class='ocrx_word' id='word_1_365' title='bbox 411 2678 654 2735; x_wconf 80' lang='grc' dir='ltr'><strong><em>καλουμένῳ</em></strong></span> <span class='ocrx_word' id='word_1_366' title='bbox 665 2665 1210 2735; x_wconf 73' lang='lat' dir='ltr'><strong>Mevdna.Epl1raemius&#39;1n</strong></span> <span class='ocrx_word' id='word_1_367' title='bbox 1235 2685 1415 2737; x_wconf 85' lang='lat' dir='ltr'><strong>catalogo</strong></span> <span class='ocrx_word' id='word_1_368' title='bbox 1433 2686 1543 2725; x_wconf 85' lang='lat' dir='ltr'><strong>Patr.</strong></span> <span class='ocrx_word' id='word_1_369' title='bbox 1571 2684 1777 2722; x_wconf 85' lang='lat' dir='ltr'><strong>Constan-</strong></span> 
     </span>
     <span class='ocr_line' id='line_1_44' title="bbox 238 2736 637 2790; baseline 0.003 -16"><span class='ocrx_word' id='word_1_370' title='bbox 238 2736 366 2790; x_wconf 81' lang='lat' dir='ltr'><strong>tinop.</strong></span> <span class='ocrx_word' id='word_1_371' title='bbox 386 2736 637 2777; x_wconf 83' lang='lat' dir='ltr'><strong>deArsenio:</strong></span> 
     </span>
    </p>

    <p class='ocr_par' dir='ltr' id='par_1_11' title="bbox 460 2789 1570 2911">
     <span class='ocr_line' id='line_1_45' title="bbox 461 2789 1272 2866; baseline 0.007 -31"><span class='ocrx_word' id='word_1_372' title='bbox 461 2790 570 2836; x_wconf 80' lang='grc' dir='ltr'><strong><em>Εἶθ’</em></strong></span> <span class='ocrx_word' id='word_1_373' title='bbox 591 2789 798 2862; x_wconf 74' lang='grc' dir='ltr'><em>ἡσυχάζεν</em></span> <span class='ocrx_word' id='word_1_374' title='bbox 810 2794 882 2836; x_wconf 79' lang='grc' dir='ltr'><strong>καὶ</strong></span> <span class='ocrx_word' id='word_1_375' title='bbox 900 2800 988 2866; x_wconf 73' lang='grc' dir='ltr'><strong>θεῷ</strong></span> <span class='ocrx_word' id='word_1_376' title='bbox 1014 2797 1272 2853; x_wconf 83' lang='grc' dir='ltr'><strong><em>προσανέχων</em></strong></span> 
     </span>
     <span class='ocr_line' id='line_1_46' title="bbox 457 2843 1570 2911; baseline 0 -17"><span class='ocrx_word' id='word_1_377' title='bbox 457 2847 525 2894; x_wconf 85' lang='grc' dir='ltr'><strong>Ἐν</strong></span> <span class='ocrx_word' id='word_1_378' title='bbox 550 2847 872 2904; x_wconf 77' lang='grc' dir='ltr'><strong><em>Ἀπολλωνιάδος</em></strong></span> <span class='ocrx_word' id='word_1_379' title='bbox 903 2843 1173 2911; x_wconf 74' lang='grc' dir='ltr'><strong>ἄσκητηρίοις.</strong></span> <span class='ocrx_word' id='word_1_380' title='bbox 1396 2868 1570 2896; x_wconf 68' lang='lat' dir='ltr'><strong>numm.</strong></span> 
     </span>
    </p>
   </div>
  </div>
 </body>
</html>
