1794 3172
364 106 685 194 nistroffl
713 146 1094 192 BYZARTJNAE
1119 145 1332 192 X111.13.
1475 139 1576 187 689

82 261 211 319 γένεσι
230 263 315 304 τῶν
330 257 532 303 Ἱσπανῶν
562 258 631 302 διὰ
653 257 792 315 μάχης
815 259 1018 315 γίνονται,
1057 259 1126 300 καὶ
1156 256 1351 312 πολέμοις
1368 256 1576 311 πολέμους
1598 267 1636 299 Δ.
1652 267 1689 298 C.
1707 263 1794 303 1343

82 328 359 380 συνάπτοντες
394 330 459 372 ἐπὶ
481 330 643 384 μείζους
673 330 890 383 βαδίζουσι
919 326 1059 383 μάχας
1081 327 1156 370 ἀεί.
1204 327 1296 386 (Ε.)
1331 328 1418 370 Καὶ
1441 314 1794 395 Βρετ-Ῑωξὲἐζίζὼ

81 401 199 443 τανοὶ
222 399 267 442 δ’
289 397 464 454 ὁμοίως,
491 406 704 449 ναυτικαῖς
720 396 919 453 δυνάμεσι
941 398 1225 451 διαβαίνοντες
1245 398 1287 447 ἐς
1306 396 1384 452 τὴν
1402 399 1576 440 Κελτῶν

81 469 251 525 ἤπειρον
263 502 278 522 ,
326 467 532 525 μεγάλους
571 473 844 526 συγκροτοῦσι
882 467 1100 522 πολέμους.
1159 464 1251 525 (ς’.)
1278 465 1378 510 ’Έτι
1410 466 1495 522 μὴν
1526 467 1576 510 τὸ

53 538 295 584 5Σκυθικὸν
315 539 440 582 ἐκεῖνο
461 539 591 595 γένος,
631 532 677 581 οἳ
697 538 773 594 τὴν
795 537 1023 595 Ἀσσυρίων
1057 538 1126 580 καὶ
1156 534 1326 593 ,Μήδων
1359 538 1429 580 καὶ
1457 540 1618 595 Περ-ο

81 613 191 661 σῶν,
230 609 297 651 καὶ
317 606 397 651 ὅσα
417 608 599 651 ἐπέκεινα
615 612 699 651 τῶν
722 609 882 661 ἐθνῶν,
920 605 1051 650 πάλαι
1069 600 1201 650 πολὺν
1225 605 1307 663 ἤδη
1322 604 1479 666 χρόνον
1498 601 1577 650 κα-

80 678 227 734 τέσχον
254 681 331 734 γῆν
359 679 431 720 καὶ
459 677 509 721 τὸ
536 681 612 734 τῆς
639 677 865 728 αὖθεντιάς
885 675 997 721 ἅπαν
1022 678 1183 721 ἐκείνων
1205 675 1379 734 κράτος,
1417 681 1493 721 νῦν
1518 679 1577 728 εἷς

81 746 312 805 διαφόρους
338 747 604 797 διαλυθέντες
638 746 770 803 ἀρχὰς
798 747 929 803 συχνὰ
963 746 1063 790 κατ’
1096 745 1286 803 ἀλλήλων
1323 745 1572 802 ὁπλίζονται,

80 817 179 860 κάπὶ
208 817 314 874 μέγα
339 821 499 860 καπνοῦ
525 819 593 860 καὶ
623 817 778 875 φλογὸς
810 818 958 874 ἐγερεῖν
985 814 1195 873 ἧτούτων
1213 816 1297 874 ἔρις
1320 815 1577 873 ὑπισχνεῖται

25 901 72 936 10
84 887 156 930 τὸν
180 887 225 929 ἐκ
251 891 327 943 τῆς
354 885 494 943 μα’χης
523 885 665 945 φόνον.
722 885 816 945 (Ζ.)
846 886 964 944 Ἄρτι
998 887 1132 931 δὲκαὶ
1156 887 1394 944 συνδρομὴν
1415 887 1467 931 τὰ
1490 892 1576 931 τῶν

81 955 298 1014 διαφόρων
315 958 520 1001 Λατίνων
553 955 824 1014 ποιησάμενοι
849 957 945 1014 γένη
978 957 1087 1000 κατὰ
1115 960 1200 1000 τῶν
1228 959 1449 1014 Περσικᾶν
1479 955 1621 1016 ἐξῇ-1)

81 1043 181 1070 εσαν
198 1030 325 1080 νεῶν,
364 1025 459 1071 ὅσαι
478 1025 714 1085 πειρατικόν
732 1045 825 1070 τινα
840 1028 936 1080 βίον
954 1029 1023 1070 καὶ
1045 1026 1266 1085 λῃστρικὸν
1288 1027 1576 1086 ἄναμετροῢντ·

80 1113 148 1147 τες
177 1098 386 1152 λη’ίζονται
415 1096 493 1147 τὰς
519 1098 682 1141 ἐκείνων
710 1095 893 1148 ὁλκάδας
922 1114 967 1141 τε
998 1098 1075 1141 καὶ
1107 1095 1312 1156 τριήρεις,
1354 1096 1448 1141 ὅσαι
1473 1097 1572 1141 κατ’

80 1166 284 1223 ἐμπορίαν
314 1165 511 1210 ἀνιοῦσαί
527 1184 572 1210 τε
601 1169 671 1210 καὶ
692 1171 910 1211 κατιοῦσαι
937 1167 1014 1223 τὴν
1044 1165 1267 1211 θάλατταν
1294 1166 1463 1211 ἅπασαν
1495 1169 1575 1219 τὰς

23 1249 70 1285 15
82 1236 309 1294 ἐμπορικὰς
347 1238 583 1292 κομίζονται
608 1239 764 1295 χρείας.
803 1242 888 1281 τῶν
926 1254 972 1294 γε
1011 1237 1095 1293 μὴν
1125 1237 1347 1296 εἰρημένων
1378 1242 1480 1282 νεῶν
1516 1240 1574 1289 εἷς

79 1305 185 1350 ἔπτὰ
206 1307 275 1349 καὶ
306 1305 456 1350 εἴκοσιν
475 1303 528 1363 ἦν
557 1305 580 1350 ὅ
613 1307 799 1365 ἀριθμὸς
828 1305 966 1352 ἀνιών.
1015 1305 1197 1365 ,Κύπριοι
1229 1308 1275 1351 δ’
1308 1303 1417 1364 ἦσαν
1449 1302 1572 1352 αὗται

79 1377 147 1419 καὶ
166 1374 331 1430 Ῥόδιοι,
357 1377 610 1433 Σαλαμίνιοί
624 1394 668 1421 τε
684 1379 754 1421 καὶ
779 1378 1004 1430 Οὗενετῶν,
1021 1379 1090 1421 καὶ
1114 1377 1208 1422 ὅσαι
1227 1375 1332 1435 πρός
1348 1396 1392 1421 τε
1405 1377 1572 1422 Πάππα

80 1447 150 1490 καὶ
177 1450 220 1489 Γ
216 1444 386 1497 εννοῦας
415 1445 631 1505 συνῄεσαν.
670 1452 803 1501 πᾶσβι
828 1448 875 1491 δ’
901 1445 1009 1502 ὅμοῦ
1035 1448 1151 1506 παρὰ
1177 1448 1251 1491 τὸν
1272 1452 1347 1504 τῆς
1375 1447 1615 1507 ΣμύρνηςΕ

79 1516 276 1574 ἐξαίφνης
309 1522 682 1561 καταπεπλευκυῖαι
711 1517 857 1573 λιμένα
887 1515 996 1561 εἶλον
1031 1518 1075 1569 ἐξ
1114 1515 1269 1576 ἐφόδου
1309 1520 1379 1560 καὶ
1412 1517 1435 1560 ὃ
1453 1519 1569 1577 παρὰ

22 1585 155 1632 Ξοτόν
183 1585 329 1641 λιμένα
359 1585 562 1645 φρούριον
590 1582 642 1644 ἦν
675 1585 899 1645 Περσικόν.
936 1588 1011 1630 καί
1021 1604 1152 1646 4σφισι
1170 1587 1247 1643 μὲν
1267 1581 1318 1643 ἦν
1339 1587 1446 1631 κατὰ
1466 1587 1575 1645 γνώ-

77 1673 187 1712 μην,
235 1653 293 1706 ὥς
333 1657 378 1707 ἐξ
405 1656 624 1715 ἀσφαλοῦς
652 1655 906 1715 ὅρμητηρίου
944 1657 1078 1712 συχνὰ
1112 1657 1376 1700 ἐπεκθέουσιν
1417 1658 1574 1702 ἐκεῖθεν

79 1726 123 1776 ἐς
148 1725 224 1782 τὴν
248 1722 460 1782 μεσόγειον
488 1726 668 1771 ἀνωθεῖν
698 1728 743 1771 ἐκ
765 1730 850 1771 τῶν
879 1728 1093 1785 παραλίων
1107 1726 1250 1791 ’ἠρέμα
1282 1726 1332 1771 τὸ
1350 1725 1572 1786 βάρβαρον

79 1799 176 1840 πᾶν.
212 1794 268 1839 τά
287 1812 330 1853 γε
346 1795 432 1852 μὴν
454 1795 683 1855 πράγματα
700 1796 850 1854 ἣκιστα
874 1796 981 1840 κατὰ
998 1794 1166 1854 γνώμην
1183 1791 1237 1854 ἦν
1255 1802 1567 1856 προχωροῦντα.

79 1899 117 1929 et
134 1905 227 1929 nunc
244 1905 320 1929 cnm
336 1893 508 1941 Hispanis
525 1895 704 1941 Europam
721 1895 952 1931 incolentibus
971 1895 1196 1942 praeliantur,
1219 1898 1324 1942 atque
1342 1896 1413 1930 alia
1430 1907 1473 1931 ex
1493 1896 1573 1931 aliis

78 1941 172 1976 bella
194 1946 376 1976 nectentes
403 1943 441 1976 in
465 1943 596 1977 maiora
622 1943 781 1988 quotidie
804 1943 993 1978 certamina
1018 1942 1244 1977 descendunt.
1302 1942 1387 1988 (V.)
1410 1942 1572 1978 Britanni

80 1999 217 2034 quoque
240 1988 398 2023 similiter
413 1989 596 2024 navalibus
613 1990 725 2036 copiis
742 1990 777 2024 in
797 1989 947 2025 Galliam
967 1990 1183 2024 traiicientes
1206 1989 1298 2024 bella
1314 1990 1487 2032 conflant,
1510 2002 1572 2025 ea-

79 2047 149 2081 que
170 2034 337 2080 ingenth-
387 2036 488 2081 (VI.)
513 2037 567 2072 Ad
593 2037 680 2071 haec
708 2037 918 2082 Scytharum
940 2036 1029 2071 illud
1055 2048 1188 2082 gemm,
1221 2037 1314 2082 quod
1337 2036 1569 2082 Assyriorum,

78 2082 277 2124 Medorum,
302 2082 487 2118 Persarum
512 2088 549 2119 et
570 2083 769 2118 ulteriorum
791 2084 943 2128 gentium
961 2084 1125 2118 ditionem
1154 2083 1355 2128 iampridem
1381 2084 1569 2129 occupavit

79 2134 116 2163 et
135 2140 235 2163 omne
252 2129 472 2164 auctoritatis
487 2132 599 2165 robur
616 2130 709 2176 apud
729 2131 866 2166 eosdem
881 2131 1027 2172 obtinet,
1051 2142 1143 2165 nunc
1160 2130 1199 2165 in
1213 2130 1320 2165 multa
1332 2131 1479 2176 imperia
1494 2130 1570 2165 dis-

77 2176 205 2218 tracti,
228 2187 322 2210 arma
346 2176 382 2210 in
409 2189 449 2212 se
469 2178 616 2212 invicem
636 2177 791 2222 quotidie
818 2183 978 2220 movent3
1009 2177 1224 2222 minaturque
1249 2188 1366 2211 eorum
1392 2177 1571 2212 discordia

78 2233 220 2268 magnas
238 2223 364 2258 caedes
376 2249 387 2265 ,
409 2235 567 2271 magnum
586 2224 668 2259 belli
684 2224 902 2268 incendium,
926 2225 1055 2259 fumum
1074 2224 1236 2259 videlieet
1255 2229 1293 2258 et
1308 2223 1477 2259 flammam
1495 2224 1569 2258 late

79 2281 291 2316 sparsurum.
337 2271 457 2316 (VII.)
481 2272 607 2318 Nuper
626 2270 776 2317 denique
803 2283 971 2306 concursu
997 2272 1092 2306 facto
1119 2271 1259 2306 diversa
1278 2270 1480 2306 Latinorum
1503 2282 1567 2316 ge-

79 2327 163 2351 nera
184 2317 353 2352 adversus
372 2318 557 2353 Persarum
578 2329 685 2352 naves
705 2323 967 2364 processa-unm
990 2329 1107 2353 eorum
1123 2318 1262 2363 inquam
1277 2317 1480 2359 Persarum,
1505 2317 1567 2363 qui

78 2362 259 2409 piraticam
277 2369 314 2398 et
327 2363 495 2400 latronum
512 2365 619 2400 vitam
633 2365 770 2410 sequuti
780 2365 951 2411 diripiunt
968 2365 1147 2399 onerarias
1163 2365 1296 2399 illorum
1314 2375 1421 2399 naves
1441 2375 1484 2399 ac
1498 2363 1566 2398 tri-

77 2421 211 2452 remes3
234 2415 408 2457 quotquot
424 2424 547 2458 nempe
562 2411 736 2446 mercandi
753 2423 858 2446 causa
877 2424 942 2459 per
955 2416 1065 2446 totum
1083 2424 1178 2446 mare
1199 2411 1313 2445 eundo
1332 2422 1375 2445 ac
1389 2410 1567 2445 redeundo

80 2457 218 2491 venalia
241 2468 402 2503 quaeque
429 2460 615 2493 advehunt.
670 2458 811 2493 Illorum
838 2470 964 2504 porro,
996 2470 1083 2503 quos
1105 2459 1196 2500 dixi,
1214 2458 1418 2492 >Latinorum
1444 2456 1566 2492 classis

79 2504 228 2538 navibus
251 2509 384 2550 septem
405 2510 443 2539 et
458 2506 584 2551 viginti
600 2506 798 2540 constabat:
822 2511 991 2551 erantque
1009 2505 1090 2540 illae
1106 2504 1283 2545 Rhodiae,
1307 2504 1480 2549 Cypriae,
1501 2504 1568 2539 Sa·

79 2549 237 2585 laminiae
254 2556 293 2585 et
316 2551 492 2595 Venetae;
515 2556 655 2599 praeter
672 2564 743 2594 eas,
767 2563 857 2598 quae
874 2564 895 2586 a
909 2553 1009 2598 Papa
1026 2558 1063 2587 et
1078 2564 1100 2587 a
1111 2551 1356 2587 Geuuensibus
1372 2550 1567 2585 instructae

77 2600 324 2632 convenerant.
376 2598 454 2634 Eae
481 2611 558 2634 cum
583 2599 628 2633 ad
658 2603 793 2644 portum
818 2600 1085 2644 Smyrnaeorum
1112 2598 1301 2643 derepente
1325 2608 1443 2632 omnes
1466 2597 1567 2631 simul

77 2643 243 2688 appulsae
259 2647 387 2687 essent,
410 2645 521 2692 primo
540 2647 673 2691 impetu
689 2645 868 2680 castellum
886 2645 1064 2680 Persicum
1081 2649 1262 2692 ceperunt,
1286 2643 1378 2689 quod
1397 2648 1452 2678 est
1467 2645 1567 2678 iuxta

77 2694 224 2734 porum.
257 2691 307 2725 Et
322 2691 410 2736 ipsis
428 2693 565 2738 quidem
580 2692 618 2727 in
634 2692 747 2726 animo
763 2697 842 2727 erat
857 2692 951 2734 inde,
972 2696 1135 2738 tanquam
1154 2692 1198 2726 ab
1215 2690 1366 2725 statione
1384 2687 1583 2732 tutissima:

77 2736 220 2771 crebras
241 2737 359 2772 sanese
377 2741 616 2781 excursiones,
639 2750 682 2773 ac
701 2739 865 2784 paulatim
884 2740 928 2773 ab
948 2750 1011 2773 ora
1028 2739 1200 2774 maritima
1226 2744 1319 2772 retro
1343 2737 1380 2771 in
1404 2735 1570 2782 mediter-

78 2793 218 2817 raneum
233 2784 440 2830 compellere
456 2785 625 2832 quidquid
642 2785 714 2820 illic
732 2791 829 2821 esset
845 2786 1084 2823 barbarorum.
1130 2786 1202 2822 Res
1216 2795 1302 2820 vero
1317 2784 1418 2832 ipsae
1433 2783 1569 2820 minime

78 2840 122 2864 ex
142 2830 316 2866 sententia
338 2833 582 2869 succedebant.
1266 2841 1297 2868 τ’
