1794 3172
264 143 395 194 1008
531 183 534 185 *
666 147 982 195 NICEPHORI
1010 146 1333 194 GREGORAE

43 270 83 304 A.
99 270 144 303 M.
158 263 409 306 ’6859τεῦθεν
443 258 491 303 τὸ
518 253 669 317 κράτος
697 261 781 315 ’τῆς
807 256 1009 314 ἀληθείας
1047 257 1303 316 ἀμαυρωθὲν
1336 257 1514 316 ἀπορίας
1541 256 1736 317 παράσχῃ

99 318 166 352 Iud·
181 315 207 353 4
261 328 424 387 μακρὰς
433 362 447 383 ,
487 326 548 378 οἷς
571 327 782 385 ἀναζητεῖν
801 328 894 371 ποτ’
919 328 1022 384 ἐξείη
1041 328 1096 371 τὰ
1116 328 1208 384 ἴχνη
1226 331 1301 384 τῆς
1320 327 1487 379 εὔθείας
1506 332 1589 372 τῶν
1607 331 1736 372 θείων

261 395 477 456 δογμάτων
517 395 617 441 ὁδοῦ
627 430 642 453 ,
679 394 885 456 τριβόλων
915 399 984 441 καὶ
1014 396 1213 441 ἀκανθῶν
1241 398 1523 451 καὶιζιζανίων
1554 395 1736 441 ἐκτόπων

222 470 330 512 Εκαὶ
358 464 632 525 πολυτρόπων
662 466 940 525 ἔπιφυέντων,
979 468 1048 510 καὶ
1078 467 1327 510 δυσείκαστα
1355 465 1465 512 πάνυ
1487 484 1554 511 τοι
1571 465 1738 525 σφόδρα

261 534 540 593 πεποιηκότων
570 536 670 587 ἴσως
704 540 780 593 τῆς
809 534 942 579 πάλαι
972 536 1236 592 εὖδαιμονίας
1260 535 1313 580 τὰ
1341 534 1636 593 ὖπομνήματα.
1684 536 1765 580 οὗὸ

116 610 156 646 V.
172 611 242 648 512
261 606 341 664 γὰρ
356 604 499 662 μόνοις
515 603 615 662 ἡμῖν
633 605 710 657 τὰς
727 603 1011 664 ἀνδροφόνους
1034 604 1246 659 ὅπλίζουσι
1270 612 1412 663 χεῖρας
1432 606 1570 650 αὖτῶν
1583 619 1593 630 ·
1631 605 1738 649 ἀλλὰ

263 677 334 721 καὶ
363 679 447 720 τῶν
486 675 607 734 ἱερῶν
646 677 805 731 βίβλων
834 673 1016 732 μεγάλας
1049 675 1299 734 ἀφαιροῦσιν
1336 675 1591 732 ἀποτομίας,
1639 674 1740 725 ὅλας

264 742 426 797 δυάδας
453 746 523 790 καὶ
555 744 758 803 τετράδας
786 743 956 804 φύλλων
983 743 1186 804 χαρτῴων
1217 744 1364 796 ὀξείαις
1385 747 1612 802 μαχαίραις
1630 739 1741 787 ἐκτέ-

262 832 435 871 μνοντες
445 847 460 870 ,
497 814 662 859 κάκεῖνα
682 820 765 859 τῶν
786 816 915 859 θείων
937 812 1264 873 ἀπορῥηγνύντες
1289 819 1488 873 γραφῶν,
1527 813 1553 858 ἃ
1574 814 1633 870 μὴ
1658 832 1741 856 πα-

263 884 457 943 ραφέρειν
492 891 586 936 ταῖς
614 883 1000 943 παρανομουμέναις
1030 882 1240 940 ε’ξηγήσεσι
1277 884 1382 942 πρὸς
1410 884 1458 928 τὸ
1484 882 1740 940 βουλόμενον
1754 893 1794 927 10

111 959 154 996 Ρ.
174 957 245 998 634
265 953 464 998 δύνανται
488 958 565 1011 τῆς
592 959 755 1011 ψυχῆς,
794 954 968 1012 ἲσχυράν
999 955 1067 997 καὶ
1089 954 1385 1008 δυσεκβίαστον
1410 953 1486 1011 τὴν
1516 953 1742 997 ἀντίπαλον

264 1024 384 1080 ῗσχῦν
403 1023 641 1080 κεκτημένα.
691 1030 777 1074 τοῖς
796 1025 871 1079 μὲν
890 1024 970 1081 γὰρ
990 1023 1175 1081 κεφαλὰς
1202 1020 1440 1080 ἀνθρώπων
1475 1023 1664 1081 ἀφαιρεῖν
1693 1022 1743 1066 οὗ

267 1095 509 1152 φρίττουσιν
544 1092 639 1136 οὐδὲ
676 1092 794 1150 μόγις
828 1093 932 1149 μέγα
963 1092 1012 1136 ἄν
1042 1110 1143 1136 ποτε
1182 1094 1327 1150 φανείη
1355 1097 1529 1151 γραφῶν
1562 1092 1746 1150 κεφαλὰς

266 1162 458 1221 ἀφαιρεῖν
481 1161 674 1218 εὐσεβῶν.
744 1161 841 1222 (Θ.)
870 1162 986 1206 Ἀλλ’
1013 1164 1136 1205 ἐκεῖσε
1160 1159 1341 1217 ἐπάνειμι
1351 1196 1365 1215 ,
1399 1166 1483 1206 τῶν
1505 1161 1746 1219 αὐθημερὸν

266 1233 354 1276 ε’κεῖ
368 1231 752 1290 παρανομηθέντων
780 1228 869 1282 ἑνός
893 1249 973 1275 που
998 1233 1064 1274 καὶ
1088 1233 1202 1275 δυοῖν
1222 1233 1278 1282 εἷς
1303 1231 1468 1282 ἔνδειξιν
1494 1229 1743 1287 μνησθησό-
1758 1240 1794 1275 15

268 1318 415 1358 μενος,
454 1302 496 1354 ἐξ
526 1299 683 1357 ὀνύχων
724 1299 854 1360 φάναι
886 1301 960 1344 τὸν
990 1301 1159 1354 λέοντα,
1207 1299 1285 1343 κάκ
1317 1304 1393 1344 τοῦ
1424 1300 1658 1359 κρασπέδου
1694 1300 1742 1344 τό

233 1369 464 1430 Βῧφασμα.
500 1370 637 1427 ἐπειδὴ
662 1370 741 1429 γὰρ
760 1369 859 1427 ἡμῖν
876 1371 950 1426 μὲν
971 1369 1019 1414 τὸ
1040 1370 1166 1427 λέγειν
1188 1369 1263 1413 οὐκ
1281 1368 1338 1413 ἔτι
1357 1370 1472 1426 ἐνῆν,
1510 1370 1558 1413 τὸ
1582 1371 1627 1413 δὲ
1645 1386 1745 1413 σιω-

269 1444 354 1501 πᾷν
387 1441 505 1497 ἐνῆν,
551 1440 877 1497 καταψηφισθὲν
905 1438 1079 1484 οὗτωσί’
1127 1439 1291 1489 ἐκείνοις
1330 1439 1377 1482 τό
1415 1440 1491 1494 μὲν
1521 1443 1637 1499 σιγᾷν
1670 1439 1746 1482 οὐκ

270 1510 391 1566 ἐνῆν,
427 1510 474 1554 τὸ
494 1510 538 1552 δὲ
556 1513 694 1554 λαλεῖν
718 1509 867 1565 ἀνέδην
890 1510 957 1552 καὶ
978 1506 1094 1563 μάλα
1122 1508 1216 1564 ἐνῆν
1244 1509 1288 1551 ἐκ
1316 1508 1539 1566 διαμέτρου
1565 1509 1618 1551 τὰ
1639 1508 1746 1551 κατὰ

268 1577 470 1636 βούλησιν
496 1578 661 1623 ἅπαντα
677 1592 687 1604 ·
723 1579 851 1629 πολὺς
874 1579 1042 1634 κατέσχε
1063 1577 1110 1622 τὸ
1131 1582 1250 1634 βῆμα
1270 1575 1398 1628 σάλος
1426 1579 1551 1621 έκεῖνο
1575 1579 1643 1621 καὶ
1662 1576 1744 1621 θό-
1756 1590 1794 1624 2<

270 1653 425 1706 ρυβος,
462 1650 531 1692 καὶ
555 1646 642 1699 οἷος
662 1647 713 1691 ἂν
735 1648 889 1706 γένοιτο
919 1651 1010 1703 νηῒ,
1048 1644 1292 1702 πνευμάτων
1322 1646 1474 1705 ἀγρίων
1503 1647 1550 1691 τὸ
1574 1648 1748 1703 πέλαγος

266 1716 589 1775 συγκυκῶντων,
629 1719 698 1761 καὶ
722 1721 912 1776 βροντῶν
940 1718 1138 1775 αἰθερίων
1169 1715 1242 1759 τὸν
1273 1715 1388 1774 πέριξ
1412 1716 1514 1773 ἀέρα
1544 1715 1747 1774 κρατούν-

269 1804 377 1842 των,
405 1789 475 1831 καὶ
493 1792 634 1833 πᾶσαν
650 1784 943 1841 ἐπικλυζόντων
965 1786 1094 1833 ‹imin›
1120 1787 1188 1831 καὶ
1207 1783 1369 1832 σύνεσιν
1391 1790 1549 1837 λαλιᾶς.
1587 1786 1636 1830 οὗ
1667 1786 1746 1844 γὰρ

275 1977 377 2015 quam
392 1966 478 2002 haec
495 1969 643 2014 posteris
656 1967 919 2012 tradiderimus3
943 1970 1047 2014 atque
1062 1967 1164 2010 hinc,
1192 1965 1353 2002 veritatis
1379 1964 1416 2002 vi
1439 1965 1645 2008 obscurata,
1669 1977 1745 2001 ma-

276 2026 367 2060 gnae
384 2014 428 2048 iis
443 2014 665 2051 difficultates
684 2017 902 2057 oboriantur,
927 2015 986 2061 qui
1001 2020 1130 2050 rectam
1153 2014 1344 2048 divinorum
1361 2013 1556 2060 dogmatum
1574 2014 1663 2048 viam
1680 2013 1747 2047 ali-

275 2060 414 2106 quando
437 2062 643 2108 vestigaturi
669 2067 770 2104 sunt,
793 2061 1017 2102 tribulorum,
1042 2061 1216 2107 spinarum
1244 2060 1522 2106 zizaniorumque
1547 2060 1747 2094 adnatorum

275 2105 471 2152 importuna
496 2119 537 2142 ac
563 2109 741 2155 multiplici
770 2112 890 2153 segete
908 2107 959 2142 ita
976 2107 1177 2150 obductam,
1202 2111 1241 2142 ut
1256 2107 1394 2153 pristini
1414 2106 1606 2152 splendoris
1627 2118 1749 2140 monu-

277 2157 392 2187 menta
417 2152 639 2190 coniectando
669 2166 858 2201 agnoscere
881 2154 1119 2189 difficillimum
1149 2155 1299 2188 fortasse
1326 2153 1476 2188 futurum
1508 2152 1565 2187 sit.
1622 2154 1748 2197 Neque

278 2199 369 2234 enim
385 2198 421 2233 in
439 2211 501 2234 nos
530 2201 619 2236 solos
643 2213 761 2237 manus
787 2201 814 2235 ii
834 2205 967 2235 armant.
989 2200 1247 2246 sanguinaria„
1272 2200 1335 2234 sed
1353 2211 1397 2234 ex
1415 2199 1501 2245 ipsis
1523 2200 1639 2234 sacris
1650 2199 1747 2233 libris

278 2245 390 2280 recisa
417 2245 522 2281 multa
540 2249 721 2291 auferunt,
745 2247 827 2283 folia
848 2248 1032 2282 chartacea
1051 2247 1131 2282 bina
1157 2251 1193 2281 et
1220 2250 1390 2292 quaterna
1415 2246 1526 2280 acutis
1546 2245 1666 2279 cultris
1684 2246 1746 2279 de-

279 2294 456 2334 secantes,
480 2296 516 2327 et
538 2305 581 2327 ex
602 2294 711 2329 sacris
729 2294 828 2329 libris
846 2306 887 2329 ea
904 2294 1091 2329 avellentes
1103 2318 1113 2336 ,
1137 2305 1226 2339 quae
1245 2292 1396 2327 validum
1412 2296 1449 2327 et
1465 2297 1662 2337 expugnatu
1679 2291 1746 2325 dis-

277 2337 372 2373 ficile
388 2339 493 2373 robur
510 2340 737 2386 opponentia,
761 2341 806 2375 ad
825 2352 921 2375 suum
936 2352 1071 2375 sensum
1093 2343 1129 2375 et
1145 2340 1278 2374 libitum
1302 2337 1428 2383 iniquis
1453 2337 1750 2383 interpretationi—

278 2384 346 2420 bus
369 2383 577 2430 detorquere
601 2398 667 2421 non
691 2391 843 2432 possunt.
897 2386 1066 2421 Nimirum
1091 2387 1150 2432 qui
1177 2385 1367 2420 hominibus
1386 2384 1501 2431 capita
1524 2384 1661 2419 auferre
1680 2396 1747 2419 non

279 2431 550 2475 exhorrescunt,
572 2432 617 2467 iis
636 2432 694 2467 vix
712 2445 867 2478 magnum
887 2433 999 2468 videri
1016 2444 1163 2478 unquam
1178 2437 1296 2479 potest
1313 2430 1431 2476 capita
1447 2442 1491 2465 ex
1506 2430 1604 2465 libris
1627 2432 1746 2466 ortho-

281 2476 381 2512 doxis
398 2478 545 2514 auferre.
598 2478 698 2524 (IX.)
722 2480 850 2515 Verum
867 2492 932 2526 ego
952 2480 1034 2514 illuc
1050 2479 1166 2514 redeo.
1214 2478 1270 2513 Ex
1297 2477 1359 2520 iis,
1384 2488 1474 2523 quae
1497 2477 1558 2511 ina
1584 2477 1661 2522 ipsa
1690 2477 1747 2512 die

279 2526 423 2570 praeter
441 2524 496 2559 ius
517 2529 719 2572 perpetrata
741 2529 841 2569 sunt,
866 2538 970 2562 unum
986 2527 1196 2571 alterumque
1212 2523 1347 2559 facinus
1367 2523 1514 2569 exempli
1535 2534 1638 2558 causa
1655 2535 1747 2558 com-

280 2570 487 2606 memorabo.
533 2572 589 2606 lta
614 2571 745 2606 leonem
764 2583 806 2607 ex
831 2584 963 2618 ungue,
989 2577 1024 2607 et
1045 2583 1088 2606 ex
1113 2571 1248 2606 fimbria
1267 2574 1398 2605 textum
1417 2582 1514 2604 omne
1543 2569 1662 2604 licebit
1686 2581 1746 2604 co—

281 2626 459 2661 gnoscere.
506 2616 592 2654 Cum
610 2629 652 2652 ea
668 2618 705 2652 in
722 2630 785 2652 nos
803 2619 974 2654 sententia
992 2619 1064 2653 lata
1081 2622 1195 2660 esset,
1219 2620 1258 2651 ut
1274 2617 1374 2652 nobis
1396 2616 1532 2662 quidem
1548 2616 1634 2650 nihil
1650 2615 1746 2661 loqui

282 2662 450 2708 amplius,
473 2663 534 2698 sed
556 2668 695 2706 tacere3
718 2669 839 2700 contra
865 2665 934 2699 illis
960 2676 1027 2699 non
1053 2670 1191 2706 tacere,
1221 2663 1284 2698 sed
1312 2663 1459 2697 licenter
1484 2668 1521 2697 et
1546 2662 1747 2697 immodeste

281 2708 451 2754 quidquid
483 2710 642 2746 libuisset
670 2710 762 2755 loqui
788 2711 1066 2756 permitteretur-3
1098 2721 1221 2756 magna
1247 2709 1393 2754 agitatio
1411 2713 1448 2743 et
1466 2708 1746 2743 turbulentissimi

282 2759 393 2789 motus
415 2755 454 2790 in
471 2755 532 2792 illo
559 2756 723 2792 tribunali
748 2757 975 2800 exstiterunt,
1003 2758 1122 2803 quales
1148 2756 1245 2791 navis
1271 2755 1422 2802 experiri
1448 2755 1575 2800 possit,
1599 2767 1747 2800 aequore

278 2801 516 2838 saevientibus
537 2803 651 2839 ventis
677 2803 814 2838 turbato
827 2827 839 2846 ,
861 2803 956 2838 caelo
974 2808 1088 2838 autem
1114 2802 1279 2839 aetheriis
1294 2800 1511 2847 fragoribus,
1535 2812 1665 2835 omnem
1684 2813 1747 2835 au-

281 2845 401 2883 diendi
417 2860 553 2886 sensum
574 2853 611 2887 et
627 2849 857 2898 cuiuscunque
871 2849 968 2887 vocis
985 2849 1193 2887 intellectum
1211 2847 1488 2891 absorbentibus,
1510 2848 1662 2895 undique
1679 2847 1746 2882 cir-
