1754 3164
540 167 1019 214 ANNOTATIONES.
1434 167 1528 216 132
1537 168 1560 215 1

32 268 206 310 Verbum
237 282 293 311 est
323 283 442 312 extra
463 288 662 313 numerum
685 290 830 326 eorum,
854 291 954 329 quae
982 275 1110 316 libera
1132 276 1209 317 Dei
1225 277 1424 319 voluntate
1445 279 1563 335 facia

26 338 129 367 sunt.
188 329 278 368 Hoc
309 331 484 369 solemne
515 338 575 370 est
607 332 714 384 apud
738 334 776 370 S.
802 332 944 375 Athon.
975 340 1015 373 et
1035 335 1134 372 alios
1159 337 1224 374 SS.
1249 336 1406 388 Patres,
1439 345 1484 377 ut
1506 339 1563 378 di-

27 392 119 424 cant
136 386 283 426 Filium
312 388 493 426 divinum
522 391 573 444 τῇ
600 386 723 439 φύσει
754 391 928 441 genitum
958 405 1063 442 esse,
1103 406 1185 431 non
1215 400 1345 434 autem
1365 393 1563 449 θελήματι

25 444 197 482 factum:
229 445 283 483 ita
305 451 350 483 ut
381 442 424 486 τὸ
453 441 576 497 φύσει.
604 446 854 498 intelligatur
883 449 932 487 de
966 450 1195 501 operatione
1224 451 1316 501 Dei,
1346 454 1489 492 utiam
1520 455 1563 493 in

24 500 177 539 scholis
197 502 430 554 loquimur,
473 501 529 541 acl
559 504 693 556 intra‚·
724 511 763 543 et
788 503 831 546 τὸ
864 503 1064 559 θελήματι
1102 507 1151 546 de
1180 509 1481 560 operationibus
1507 510 1564 549 ad

25 568 169 607 extra,
199 574 280 598 non
308 560 413 611 quod
437 560 562 598 Filius
593 561 644 599 sit
674 562 871 615 ἀθέλὴτος
889 567 950 619 τῷ
974 564 1106 615 πατρὶ,
1136 564 1282 618 καὶμὴ
1312 568 1561 621 βουλομένου

23 618 100 655 τοῦ
119 615 279 670 πατρὸς,
310 617 353 655 id
377 624 447 667 est,
479 624 639 670 praeter
659 617 898 659 voluntatem
922 620 1058 660 Patris
1079 631 1114 660 el
1134 621 1286 661 nolente
1306 623 1450 674 Patr-«23
1483 624 1563 664 hoc

25 673 127 711 enim
140 674 290 714 diserte
307 682 423 725 negat
443 674 682 714 Athanasius
699 677 871 716 ibidem:
903 679 974 717 sed
994 679 1100 730 quod
1115 693 1196 718 non
1211 680 1262 718 sit
1278 681 1501 733 productus
1520 684 1563 722 in

22 736 202 782 tempore
231 732 392 784 quando
413 734 518 772 Deus
539 733 712 785 primum
737 735 924 784 voluerit,
956 737 1010 775 ita
1032 743 1076 775 ut
1099 737 1276 788 potuerit
1297 739 1414 779 nolle.
1473 740 1561 779 Hoc

23 788 176 840 quippe
196 804 316 828 sensu
342 796 545 828 creaturas
577 791 774 830 duntaxat
808 787 1018 833 voluntate
1040 795 1112 833 Dei
1138 795 1266 834 factas
1292 796 1413 836 fuisse
1442 797 1561 839 docet

22 845 164 884 eodem
188 847 280 886 loco
299 853 461 886 sanctus
487 848 645 887 doctor.
704 863 944 889 effrenum.

140 906 236 957 Peg.
272 907 405 955 1132,
437 904 501 947 14.
561 905 644 946 Καὶ
672 903 794 947 πάλιν
816 923 852 947 κ.
873 923 907 948 τ.
935 907 1003 961 λ.]
1034 907 1224 948 Athanas.
1244 916 1345 950 orat.
1370 911 1465 951 olim
1486 912 1558 953 ΙΙΙ.

19 960 98 998 iam
124 961 176 999 Π.
192 968 333 1000 contra
355 962 539 1004 Arianos.
599 977 840 1003 CAPPERONN.

135 1021 232 1072 Peg.
269 1020 398 1070 1134,
428 1024 467 1063 6.
523 1016 790 1075 Ἀθανᾶσιος]
823 1021 1012 1064 Athanas.
1043 1030 1142 1063 orat.
1173 1024 1268 1064 olim
1291 1024 1356 1066 IV.
1386 1025 1464 1065 iam
1488 1026 1556 1066 111.

18 1075 62 1114 in
84 1074 268 1118 Arianos.
329 1091 572 1117 CAPPERONN.

135 1136 232 1188 Pag.
265 1135 396 1187 1134,
427 1139 466 1178 9.
525 1138 762 1190 Σολομῶντι
782 1134 959 1191 λέγοντι]
989 1137 1181 1178 Proverb.
1202 1138 1273 1178 111.
1300 1153 1339 1180 v.
1360 1141 1426 1182 19.
1458 1153 1558 1180 cAP-

18 1204 192 1231 PERONN.

132 1247 231 1302 Pag.
264 1249 395 1302 1134,
439 1253 504 1294 10.
559 1245 627 1291 Ἐν
657 1248 861 1303 ψαλμοῖς]
899 1250 1047 1291 Psalm.
1082 1252 1222 1294 CXIII.
1273 1266 1313 1294 v.
1359 1256 1399 1297 9.
1459 1268 1556 1294 CAP-

18 1319 186 1345 runos-u.

131 1364 398 1417 Pag.‘1134‚
442 1367 507 1408 16.
565 1363 720 1418 Δαβίδ]
751 1364 894 1403 Psalm.
914 1364 1054 1407 LXIV.
1073 1379 1112 1407 v.
1140 1370 1181 1410 7.
1237 1367 1382 1406 Psalm.
1416 1369 1555 1408 XCIII.

16 1433 55 1460 v.
75 1420 115 1464 4.
177 1435 420 1462 CAPPERONN.

129 1477 227 1533 Pag.
266 1481 399 1531 1135,
437 1483 500 1523 18.
558 1475 626 1519 Ἐν
652 1479 765 1533 πίθῳ
796 1474 873 1530 τήν
903 1479 1118 1533 κεραμείαν
1147 1479 1341 1533 δρῶντες]
1377 1481 1554 1521 Prover-

14 1535 127 1574 bium
149 1543 232 1585 est,
264 1538 371 1590 quod
393 1536 505 1575 varie
529 1536 647 1575 simul
670 1542 790 1587 atque
815 1536 971 1576 erudite
995 1536 1223 1576 Desiderius
1244 1538 1397 1576 Erasm.
1420 1553 1554 1591 expo-

15 1594 75 1631 nit
99 1592 268 1637 chiliad.
300 1595 328 1637 Ι.
359 1595 521 1633 centur.
553 1593 618 1632 VI.
648 1592 842 1634 Proverb.
871 1594 958 1635 XV.
989 1594 1130 1647 Ipsum
1159 1595 1338 1646 consule,
1364 1595 1398 1634 si
1427 1596 1552 1636 lubet.

18 1664 266 1692 cArPEnoNN.

131 1711 230 1762 Peg.
247 1712 369 1759 1136,
382 1712 449 1763 10.
470 1703 605 1762 Μήθ’
617 1704 730 1749 ’ὅσιον
740 1703 844 1749 εἶναι
855 1703 1071 1759 πιστεύειν,
1096 1704 1195 1762 αἷμα
1204 1707 1272 1750 καὶ
1284 1711 1400 1761 σῶμα
1418 1704 1491 1750 τόν
1507 1724 1551 1750 τε

15 1761 131 1808 οἶνον
159 1768 349 1820 γίνεσθαι
376 1763 532 1807 καὶτὸν
563 1763 688 1819 ἄρτον
716 1764 812 1807 ποτὲ
829 1767 905 1806 τοῦ
937 1768 1133 1818 Χριστοῦ·
1163 1763 1294 1807 τύπον
1330 1763 1406 1820 γὰρ
1434 1763 1550 1806 ταῦτ’

15 1819 120 1864 εἶναι.
149 1823 305 1865 ἐκείνου
315 1854 326 1874 ,
355 1823 425 1864 καὶ
455 1819 530 1864 οὐκ
559 1823 714 1864 ἐκεῖνον
733 1818 990 1875 αὐτόχρημα]
1019 1823 1091 1862 His
1113 1824 1393 1862 Palamitarum
1414 1824 1549 1862 verbis

14 1894 191 1920 errorem
210 1881 620 1920 Sacramentariorum
641 1880 852 1928 contineri,
883 1893 963 1918 non
982 1881 1142 1920 omnino
1163 1881 1406 1932 negaverim.
1468 1881 1549 1919 Ve-

12 1951 103 1977 rum
121 1939 284 1979 illorum
316 1939 543 1993 patrocinio
567 1938 676 1977 haud
699 1938 782 1976 scio
814 1951 864 1975 an
893 1950 1005 1975 suam
1033 1938 1259 1990 opinionem
1287 1938 1392 1976 tueri
1421 1938 1549 1976 velint

12 1996 259 2036 recentiores
289 1995 506 2047 haeretici,
548 2009 639 2035 eum
672 1996 716 2033 in
744 1995 847 2034 hanc
885 1995 1166 2034 Palamitarum
1194 1996 1428 2034 sententiam
1465 2001 1548 2035 tam

13 2054 160 2092 acriter
183 2053 398 2092 invehatur
429 2054 650 2103 Gregoras,
681 2067 766 2093 eam
794 2051 1010 2104 impietatis
1038 2067 1146 2092 ream
1171 2058 1334 2103 arguat,
1365 2057 1405 2091 et
1430 2051 1548 2090 lucu-

11 2110 131 2149 lentis
163 2112 231 2150 SS.
251 2112 417 2150 Petrum
446 2111 685 2150 testimoniis
717 2111 936 2150 confodiat.
995 2110 1235 2161 Aliquand0‚
1263 2109 1405 2159 fateor,
1436 2109 1546 2161 apud

11 2168 226 2220 plurimam
242 2169 434 2208 ecclesiae
459 2168 637 2207 Graecae
652 2174 809 2220 partem
839 2166 1015 2206 obtinuit
1038 2167 1317 2206 Palamitarum
1341 2166 1541 2214 doctrina,

11 2232 60 2264 ut
88 2232 198 2278 patet
227 2240 278 2265 ex
301 2225 530 2265 Palamitica
558 2225 742 2278 Synodo:
774 2224 844 2264 sed
864 2225 1021 2263 nonnisi
1043 2225 1151 2276 quod
1173 2230 1327 2277 spectat
1352 2223 1543 2263 essentiae

13 2281 173 2322 divinae
209 2283 259 2322 ab
296 2283 502 2322 attributis
527 2283 850 2332 distinctionem,
892 2288 933 2321 et
957 2281 1173 2321 Thaborici
1203 2280 1366 2320 luminis
1399 2279 1543 2318 divini-

11 2346 159 2381 tatem:
193 2355 271 2380 nec
292 2342 397 2380 enim
422 2340 596 2380 obtinuit
624 2346 815 2391 quantum
838 2337 887 2376 ad
913 2339 984 2377 illa
1005 2339 1270 2388 consectaria,
1305 2351 1404 2390 quae
1426 2337 1541 2374 Pala-

11 2397 119 2436 mitis
145 2398 414 2450 exprobrabat
445 2399 655 2449 Gregoras.
716 2397 783 2436 Sic
810 2395 924 2436 verbi
951 2397 1075 2448 gratia
1104 2395 1307 2436 Palamitis
1335 2395 1539 2432 Iconoma-

13 2454 182 2494 chorum
210 2469 388 2495 errorem
409 2455 566 2507 saepius
597 2454 736 2493 obiicit
757 2455 977 2504 Gregoras:
1009 2460 1050 2493 at
1070 2454 1280 2493 Palamitas
1299 2464 1437 2489 revera
1455 2449 1539 2488 leo-

11 2510 233 2552 nomachos
269 2514 412 2563 fuisse,
455 2518 525 2551 aut
554 2510 916 2551 Iconomachorum
952 2524 1126 2550 errorem
1158 2509 1265 2562 apud
1295 2506 1537 2546 Orientalem

12 2569 224 2608 ecclesiam
258 2576 344 2610 tum
386 2572 650 2610 instauratum
680 2575 720 2609 et
750 2568 1015 2621 approbatum
1050 2569 1192 2616 fuisse,
1230 2578 1345 2604 nemo
1373 2563 1533 2604 dixerit.

12 2639 256 2668 cumanus,

128 2686 224 2736 Pag·
255 2687 386 2735 1136,
418 2688 484 2728 19.
539 2679 748 2737 Ἰωάννης]
786 2682 827 2722 8.
845 2682 955 2725 Ioan.
981 2683 1160 2722 Damaso.
1191 2677 1260 2717 lib.
1277 2676 1344 2717 IV.
1374 2675 1532 2716 orthod.

10 2738 80 2781 fid.
101 2754 189 2793 cap.
207 2741 314 2781 XIV.
373 2755 616 2781 cAPPERoNN.

126 2799 221 2851 Pag-
250 2801 382 2851 1137,
410 2802 478 2843 21.
535 2795 759 2853 Ἀνωτὲρω]
798 2796 884 2839 Lib.
919 2797 1029 2838 XIX.
1060 2808 1148 2848 cap.
1165 2791 1233 2832 111.
1254 2796 1295 2830 et
1317 2788 1382 2829 IV.
1441 2801 1535 2827 cn»-

12 2867 184 2893 Pmoun.

127 2915 341 2961 Nicephms
370 2917 520 2965 Gregor.
558 2917 634 2953 Vol.
659 2916 710 2951 ΙΙ.
1204 2907 1259 2947 84
