1794 3172
229 131 332 185 842
637 134 954 183 NICEPHORI
988 131 1320 180 GREGORAE
1351 172 1354 173 ι

12 248 48 301 Α.
69 263 112 297 Μ.
125 259 218 298 6856
233 251 392 310 μοσίων
417 248 646 299 πολυειδῶς
674 245 823 303 ἔχοντα
845 241 1108 304 πραγμάτων
1138 243 1327 287 ποικίλον
1356 242 1510 301 πορίζει
1536 247 1627 293 τοῖς
1647 239 1726 299 129-

64 312 135 346 ¹⁰⁶·
149 311 169 346 1
193 329 361 391 Βχικοΐς
387 319 644 379 πρυτανείοις
663 317 736 361 τὸν
755 318 937 360 πλοῦτον
952 329 962 339 ·
1006 312 1063 365 ὥς
1093 313 1287 358 ἐντεῦθεν
1306 312 1384 370 τὴν
1400 313 1477 369 μὲν
1497 312 1658 356 ἐκείνων
1681 312 1727 355 ἐκ

235 397 320 444 τῶν
341 389 485 450 φόρων
508 388 685 432 ἐπέτειον
703 387 895 445 γίνεσθαι
917 381 1129 443 πρόσοδον
1149 384 1375 427 διακοσίων
1396 382 1562 441 ἔγγιστα
1585 379 1727 438 χιλιά-

236 465 336 517 δων,
371 461 447 517 τὴν
469 460 514 503 δὲ
536 458 779 511 Βυζαντίων
807 457 883 517 βίᾳ
909 457 978 500 καὶ
997 452 1119 511 μόλις
1138 451 1378 512 τριάκοντα.
1418 452 1489 496 διὰ
1514 452 1567 509 δὴ
1592 455 1730 495 ταῦτα

236 526 620 590 μεγαλαυχούμενοί
645 545 690 572 τε
721 527 790 571 καὶ
821 530 896 583 τῆς
924 529 1009 569 τῶν
1040 525 1283 577 Βυζαντίων
1314 523 1536 573 ἀσθενείας
1565 519 1763 580 ἧμὲραν5

237 604 280 655 ἐξ
310 599 468 659 ἡμέρας
496 595 820 656 κατορχούμενοι
854 596 985 646 οἰκίας
1019 612 1064 638 τε
1103 591 1341 653 διωρόφους
1367 595 1436 637 καὶ
1467 589 1731 651 τριωρόφους

238 673 492 728 ἀνίστασαν,
527 670 597 712 καὶ
633 668 822 718 πλείονος
855 662 909 709 αὖ
942 664 1227 721 ἐπειλημμένοι
1257 664 1362 722 πρὸς
1388 663 1436 707 τό
1465 662 1637 712 ἄναντες
1656 659 1756 705 τό-·

239 759 321 786 που
360 737 543 798 πύργους
579 755 623 782 τε
666 735 909 799 ᾠκοδόμουν
942 732 1330 792 δυσανταγώνιστον
1372 731 1645 790 κεκτημένους
1679 730 1728 775 τὸ

202 811 354 868 Οῧψος
377 812 445 854 καὶ
464 807 553 866 ἅμα
571 799 689 865 τείχη
704 809 772 851 καὶ
791 804 1038 865 περιβόλους
1056 805 1223 863 μακρὰν
1240 804 1316 862 τὴν
1336 803 1592 863 εὐρυχωρίαν
1613 801 1732 858 ἕχον-

240 899 318 932 τας
348 880 502 931 ἄλλους
539 878 608 923 ἐπ’
645 878 786 929 ἄλλοις
817 876 996 934 συχνοὺς
1021 873 1319 934 περιήλαυνον·
1356 875 1425 918 καὶ
1458 870 1564 931 πρός
1594 889 1638 929 γε
1669 871 1728 915 ἔτι
1746 879 1789 914 10

243 950 433 1010 τάφρους
461 951 528 994 καὶ
560 946 814 1007 ὀχυρώματα
836 947 906 990 ἐπ’
938 946 1083 997 αὐτοῖς
1111 947 1180 989 καὶ
1211 943 1292 989 ὅσα
1326 945 1538 999 πολεμίοις
1560 944 1733 986 δυσεπι--Λ

241 1023 431 1079 χείρητον
452 1019 664 1064 ἀπειλοῦσι
685 1019 760 1075 τὴν
778 1015 965 1076 πάροδον
984 1016 1184 1076 ὤρυττον.
1232 1014 1322 1075 (Γ.)
1334 1014 1452 1072 ’Άρτι
1475 1015 1520 1057 δὲ
1540 1014 1607 1056 καὶ
1627 1029 1732 1056 ναυ-

245 1092 359 1135 τικὸν
392 1091 672 1134 συνίστασθαι
710 1088 997 1145 βουληθέντος
1029 1090 1105 1131 τοῦ
1142 1085 1347 1139 βασιλέως
1380 1084 1732 1139 Καντακουζηνοῦ

250 1161 322 1210 διὰ
339 1160 416 1211 τὰς
434 1160 588 1216 συχνὰς
607 1163 690 1203 τῶν
709 1162 929 1217 Περσικῶν
950 1155 1164 1212 δυνάμεων
1181 1154 1360 1214 ἐφόδους
1389 1155 1468 1199 κάκ
1493 1158 1569 1210 τῆς
1590 1152 1734 1203 Ἀσίας

206 1233 288 1283 Βές
318 1228 490 1292 Θρᾴκην
512 1228 674 1288 νύκτωρ
699 1231 767 1272 καὶ
783 1228 891 1285 μεθ’
921 1226 1082 1287 ’ἡμέραν
1103 1224 1338 1282 διαβάσεις,
1372 1227 1440 1269 καὶ
1459 1222 1549 1280 ἅμα
1568 1223 1666 1273 τοὺς
1687 1222 1732 1265 ἐκ
1747 1227 1789 1264 15

246 1299 468 1358 θαλάττης
488 1297 854 1358 οῗκονομικώτερον
870 1297 1027 1358 τρόπον
1047 1298 1326 1356 κουφίσαντος
1347 1294 1507 1355 φόρους
1526 1292 1735 1350 βουλομέ-

116 1377 238 1417 v.429
250 1388 337 1422 νοις
367 1372 576 1428 καταίρειν
606 1372 664 1421 εἷς
687 1370 760 1414 τὸν
792 1373 878 1413 τῶν
908 1369 1150 1422 Βυζαντίων
1182 1367 1354 1423 λιμένα,
1390 1365 1412 1410 ὃ
1434 1364 1619 1422 μάλιστα
1647 1369 1736 1414 τοῖς

249 1442 457 1491 Λατίνοις
471 1436 524 1497 ἦν
549 1440 609 1483 ἀεὶ
635 1444 828 1497 βοηθοῦν
853 1441 921 1483 καὶ
954 1436 1248 1498 κραταιότερον
1283 1437 1427 1488 αὐτοῖς
1453 1435 1501 1480 τὸ
1522 1432 1737 1478 δύνασθαι

250 1514 451 1568 διηνεκῶς
466 1509 747 1568 ἐργαζόμενον,
785 1507 986 1554 ὖπόνοιαν
1008 1509 1128 1565 ἴσχον
1148 1506 1265 1564 μάλα
1286 1511 1506 1564 θρασεῖαν,
1542 1506 1609 1548 καὶ
1633 1503 1738 1547 ἴδει-

253 1598 334 1625 σαν
365 1580 425 1640 μὴ
466 1578 960 1639 θαλαττοκρατησάντων
994 1578 1209 1635 Ῥωμαίων
1238 1576 1495 1636 ὖποῤῥυεῒσα
1525 1573 1552 1632 ἦ
1591 1573 1730 1618 αὐτῶν
1743 1579 1791 1615 20

253 1650 431 1707 δύναμις
460 1650 567 1706 μετὰ
594 1655 670 1707 τῆς
699 1655 775 1695 τοῦ
806 1651 978 1710 κέρδους
1005 1649 1200 1708 εὐπορίας
1230 1647 1392 1706 αὐξήσῃ
1429 1644 1607 1703 τάχιστα
1633 1642 1737 1688 Ῥω-

253 1722 417 1777 μαίους.
454 1719 477 1764 ὃ
504 1721 550 1764 δὲ
578 1720 762 1776 μάλιστα
792 1721 837 1764 ἐκ
865 1726 941 1765 τοῦ
971 1724 1230 1779 παραχρῆμα
1259 1721 1328 1769 καὶ
1356 1715 1554 1775 σύνεγγυς
1581 1714 1739 1773 ἔθραυε

211 1791 332 1847 Ετὴν
356 1791 515 1834 ἐκείνων
532 1791 676 1847 ψυχὴν
691 1824 705 1844 ,
738 1789 764 1847 ἡ
786 1795 861 1847 τῆς
875 1792 986 1834 Χίου
1009 1788 1221 1848 πρόφασις
1237 1784 1300 1846 ἦν.
1338 1789 1545 1832 ἐδεδίεσαν
1561 1785 1655 1843 γὰρ,
1677 1783 1738 1840 μὴ

253 1861 334 1919 πρὸ
365 1860 544 1918 βραχέος
571 1860 631 1904 ἔτι
664 1865 750 1904 τῶν
788 1858 1013 1918 ὁμοφύλων
1040 1858 1272 1915 ἐπιβούλως
1309 1857 1577 1917 ἀφελομένων
1606 1872 1739 1898 κατα-

345 1950 378 2031 g
401 1948 569 2005 ποικίλον
591 1960 657 1984 em.
680 1947 781 1984 Boiv.
804 1959 868 1994 pro
891 1948 1084 1984 ποικίλων.
1155 1948 1213 1984 15.
1242 1943 1436 1994 διαβάσεις
1458 1956 1523 1980 em.
1546 1942 1646 1979 Boiv.
1673 1953 1740 1989 pro

373 2006 568 2038 ιαστασεις.

255 2063 452 2119 prinqipum
471 2064 616 2100 aerariis
631 2076 788 2110 magnam
805 2063 974 2111 pecuniae
991 2062 1126 2109 copiam
1143 2063 1341 2106 afferentia,
1365 2061 1490 2098 sensim
1506 2060 1552 2097 ad
1569 2072 1608 2095 se
1624 2064 1742 2095 trans-

256 2110 423 2153 tulennt3
448 2111 499 2146 sic
519 2117 559 2146 ut
581 2112 767 2157 quotannis
793 2111 865 2157 ipsi
892 2123 934 2146 ex
953 2111 1183 2157 vectigalibus
1208 2111 1436 2146 ducentorum
1466 2109 1573 2144 ferme
1599 2107 1742 2142 millium

256 2168 418 2192 summam
440 2158 664 2204 colligerent3
687 2158 850 2205 Byzantii
868 2157 927 2193 vix
947 2162 1052 2204 atque
1078 2169 1184 2203 aegre
1213 2158 1362 2204 triginta
1385 2156 1493 2192 millia
1519 2154 1741 2190 conficerent.

255 2203 314 2258 Ea
334 2207 482 2250 propter
501 2205 621 2239 animis
640 2205 742 2248 elati,
767 2209 803 2241 et
820 2204 1068 2251 Byzantiorum
1089 2205 1268 2240 imbecillis
1290 2204 1424 2240 viribus
1450 2202 1605 2250 quotidie
1631 2200 1743 2246 magis

256 2251 477 2305 insultantes,
500 2251 605 2286 aedes
622 2252 764 2287 duorum
783 2255 820 2287 et
834 2251 1185 2287 trium'tabulatorum
1206 2256 1408 2287 exstruunt:
1431 2255 1504 2286 tum
1522 2247 1643 2284 maiori
1659 2259 1743 2293 spa-

256 2301 308 2352 tio
330 2309 392 2352 per
419 2298 601 2333 adversum
625 2298 752 2334 clivum
774 2303 961 2345 occupato,
986 2303 1103 2334 turres
1122 2299 1311 2335 aedificant
1336 2299 1464 2334 arduas
1485 2301 1521 2331 et
1540 2298 1743 2342 expugnatu

256 2343 447 2387 difficiles?
462 2356 646 2392 murosque
665 2349 702 2380 et
723 2345 889 2381 vallorum
913 2350 1014 2392 septa
1041 2346 1110 2381 alia
1135 2351 1242 2394 atque
1270 2345 1338 2381 alia
1362 2345 1434 2380 late
1460 2343 1744 2383 circumducunt3

255 2390 369 2446 fossas
398 2395 584 2438 praeterea
605 2397 643 2428 et
669 2393 874 2428 munitiones
899 2394 1104 2436 moliuntur,
1129 2399 1166 2428 et
1183 2403 1412 2439 quaecunque
1435 2390 1565 2426 aditum
1585 2389 1743 2423 hostibus

256 2437 434 2493 difficilem
458 2439 581 2474 minari
604 2439 728 2474 solent.
776 2440 880 2485 (ΙΙΙ.)
903 2440 1044 2476 Demum
1064 2452 1139 2475 curn
1157 2440 1344 2486 imperator
1365 2438 1633 2473 Cantacuzenus
1651 2435 1744 2470 clas-

256 2495 328 2519 sem
343 2489 520 2541 instruere
536 2485 763 2530 decrevisset,
787 2487 831 2522 ob
848 2488 988 2522 crebros
998 2487 1216 2523 Persicarum
1233 2486 1409 2533 copiarum
1424 2485 1584 2520 incursus
1608 2493 1744 2518 earum-

257 2539 325 2586 flue
348 2532 499 2587 eit-Ama
525 2532 562 2568 in
582 2534 773 2569 Thraciam
801 2539 985 2570 nocturnas
1012 2534 1223 2580 diurnasque
1246 2532 1547 2574 transvectiones3
1581 2530 1744 2575 idemque

256 2588 322 2620 ns,
347 2590 409 2625 qui
429 2579 474 2614 ad
494 2580 723 2626 Byzantinum
750 2586 885 2627 portum
911 2581 1090 2628 appellere
1113 2581 1264 2623 vellent,
1289 2580 1498 2615 tributorum
1526 2576 1744 2612 nauticorum

255 2635 343 2659 onus
363 2625 529 2670 prudenti
546 2626 683 2662 ratione
699 2627 890 2670 minuisset,
915 2628 1105 2664 cuiusmodi
1119 2628 1262 2663 consilio
1281 2627 1460 2673 plurimum
1477 2635 1613 2670 semper
1623 2620 1744 2658 Latini

255 2672 478 2727 proi-'ecerant
485 2678 527 2729 et
544 2674 734 2720 potentiam
750 2686 845 2709 suam
862 2675 900 2708 in
915 2675 990 2710 dies
1003 2680 1182 2717 auxerant,
1207 2666 1438 2720 suspicionem
1451 2672 1604 2707 habuere
1620 2670 1646 2705 ii
1658 2680 1744 2716 gra·

256 2729 441 2774 vissimarn,
467 2723 736 2768 timueruntque,
754 2733 798 2757 ne
813 2722 995 2768 Byzantiis
1021 2722 1128 2758 maris
1142 2722 1288 2768 imperio
1305 2719 1438 2767 potitis,
1456 2719 1529 2754 suis
1544 2728 1630 2754 vero
1649 2717 1745 2762 ipso-

254 2776 330 2800 rum
353 2767 488 2802 virlbus
507 2778 583 2804 cum
602 2767 690 2803 lucri
708 2768 889 2804 occasione
907 2768 1149 2812 dilabentibus,
1169 2781 1227 2804 res
1237 2769 1392 2803 Romana
1409 2769 1610 2813 augeretur.
1640 2763 1744 2805 Quae

254 2816 368 2867 autem
381 2813 568 2868 praecipua
584 2815 675 2850 ratio
687 2816 805 2851 statim
817 2821 853 2850 et
872 2816 1037 2862 propiore
1055 2821 1148 2852 metu
1166 2827 1281 2851 eorum
1294 2815 1423 2849 animos
1433 2811 1596 2860 perculit,
1614 2822 1657 2845 ea
1673 2809 1743 2844 fuit

254 2858 364 2894 Chios
379 2860 504 2897 insula.
537 2862 758 2899 Verebantur
776 2861 924 2906 scilicet,
943 2874 987 2898 ne
1003 2862 1120 2907 istam,
1147 2874 1249 2911 quarn
1267 2862 1370 2910 paulo
1389 2866 1470 2897 ante
1486 2859 1672 2907 populares
1687 2855 1742 2891 eui
