1754 3164
527 157 1006 204 ANNOTATIONES.
1408 149 1542 198 1249

125 271 221 322 Pag.
254 267 361 317 513,
391 268 459 311 24.
494 260 586 305 Ἐπὶ
605 266 688 305 τῶν
707 262 913 320 ἡμετέρων
933 260 1040 319 ’ὅρων
1058 279 1097 305 κ.
1113 277 1147 304 τ.
1164 261 1226 316 λ.]
1259 262 1424 316 Gregor.
1444 262 1542 303 Naz.

8 326 189 366 oratione
216 326 346 379 prima
369 325 418 364 de
434 323 553 363 Filio.
611 335 769 362 noxvm.

123 393 222 448 Pag.
254 395 357 445 514,
388 395 427 436 5.
488 386 594 433 Οὐδ’
624 386 797 444 ὀνόματα
825 406 863 432 κ.
886 406 918 432 τ.
940 389 1004 443 λ.]
1046 390 1213 441 Gregor.
1238 389 1334 430 Naz.
1362 389 1415 429 ad
1442 388 1544 429 Eva-

7 451 141 504 grium
165 453 215 490 de
238 451 470 494 Divinitate.
527 462 682 489 1301le-

126 511 223 562 Pag.
254 509 358 560 515,
390 511 429 551 8.
482 502 750 559 Ἀποστόλον]
808 505 872 545 Ad
910 507 1112 546 Romanos
1152 518 1241 558 cap.
1273 503 1384 544 Vln.
1422 517 1462 543 v.
1503 505 1543 545 9.

7 579 162 607 nclvm.

122 623 225 676 Pag.
257 622 359 672 516,
390 625 430 665 8.
485 619 555 670 Ὡς
594 623 731 676 σιωπῇ
763 617 813 661 τοὶ
854 619 971 671 σφίσι
1007 615 1203 675 λεγόμενα
1234 617 1446 672 δέχεσθαι]
1493 616 1547 656 Ut

9 678 207 735 quidquid
235 677 300 718 illi
330 678 522 731 dixerint,
552 679 668 718 taciti
695 679 773 732 ipsi
804 675 1030 728 admittant,
1061 692 1153 728 non,
1183 683 1230 716 ut
1253 674 1547 729 interpretaba-

9 745 78 778 tur
98 737 280 786 wolfius,
309 746 352 775 ut
381 733 578 791 quidquid
608 733 774 786 dixeris,
805 736 920 774 taciti
937 733 1096 790 ferant.
1158 748 1313 774 nomm.

126 807 223 858 Pag.
253 808 361 857 518,
394 808 460 848 19.
522 803 680 858 Φησὶν]
713 805 879 856 Gregor.
903 804 1000 844 Naz.
1018 804 1200 843 oratione
1225 802 1317 857 περὶ
1338 797 1545 857 δόγματος.

10 875 169 903 Bolvm.

127 922 223 974 Pag.
253 919 358 971 519,
391 922 456 963 13.
501 916 557 961 ‘¹0
576 934 622 974 ys
640 916 722 973 μήν
749 916 936 973 βασιλεῦς
958 917 1062 973 etc.]
1099 918 1253 958 Vitiosa
1282 915 1545 956 constructio.

9 990 166 1017 noxvm.

128 1037 223 1086 Pag.
257 1033 362 1083 520,
395 1038 433 1077 1.
497 1037 633 1076 Ταῦτα
663 1031 881 1084 διεξελθών
910 1029 1123 1087 ὅμόστοιχα
1152 1031 1281 1086 λέγειν
1304 1030 1422 1080 ἔδοξα
1450 1031 1545 1082 etc.]

10 1092 93 1130 Leo
115 1091 282 1131 Allatius
301 1091 351 1129 de
374 1092 518 1133 eccles.
537 1092 677 1133 Occid.
700 1099 740 1131 et
758 1092 914 1132 Orient.
939 1105 1056 1144 perp.
1078 1104 1260 1130 consens.
1280 1089 1429 1129 lib..11.
1454 1101 1546 1140 cap.

12 1149 121 1188 XVI.
145 1155 241 1189 sect.
261 1151 303 1191 2.
336 1149 541 1190 Pontificis
565 1150 733 1189 Romani
750 1149 957 1188 Benedicti
977 1149 1065 1189 XII.
1086 1150 1138 1187 ad
1153 1147 1373 1186 Robertum
1392 1146 1549 1184 Siciliae

13 1221 145 1258 regem
176 1205 385 1258 epistolam
407 1208 582 1261 profert,
610 1208 742 1247 datam
764 1207 968 1246 Avenione
1001 1206 1072 1245 ΙΙΙ.
1103 1206 1192 1244 Kal.
1221 1206 1330 1257 Sept.
1360 1217 1422 1242 an.
1455 1202 1548 1241 Chr.

13 1264 344 1305 MCCCXXX1X‚
369 1265 485 1317 eique
505 1266 696 1318 epistolae
716 1265 920 1315 subiungit
938 1269 1025 1302 acta
1045 1264 1185 1302 eodem
1202 1277 1304 1301 anno
1327 1261 1432 1300 inter
1452 1274 1548 1300 eun-

16 1321 106 1360 dem
127 1321 391 1360 Benedictum
411 1324 561 1376 Papam
590 1329 629 1363 et
658 1322 881 1362 Andronici
906 1322 1075 1361 iunioris
1098 1322 1270 1372 legatos,
1298 1320 1550 1358 Barlaamum

15 1385 55 1418 et
80 1378 326 1431 Stephanum
354 1381 594 1431 nandulum,
617 1381 686 1433 qui
708 1380 757 1419 de
780 1379 1041 1418 ecclesiarum
1061 1378 1274 1417 concordia
1294 1377 1424 1415 acturi
1446 1375 1549 1414 Ave-

14 1436 176 1475 nionem
198 1444 405 1478 venerant.
455 1438 659 1490 Denique,
688 1437 751 1476 his
780 1438 965 1475 omnibus
995 1437 1108 1475 velut
1137 1434 1422 1489 praestructis,
1451 1432 1550 1471 haec

14 1494 100 1547 ipse
122 1494 237 1532 addit
268 1495 317 1533 de
341 1508 435 1534 suo:
478 1493 703 1535 Concordia
731 1504 861 1534 tamen
889 1493 1094 1533 subsecuta
1123 1508 1202 1532 non
1231 1501 1306 1542 est,
1335 1489 1551 1544 Nic-ephori

19 1549 220 1604 Gregorae
258 1553 391 1590 omnia.
423 1562 530 1602 ium,
570 1562 606 1591 et
630 1550 782 1606 favore
820 1551 1014 1605 principis
1053 1560 1088 1589 et
1128 1548 1370 1604 eloquentiae
1408 1548 1549 1596 nervis,

14 1623 156 1662 susque
183 1606 304 1662 deque
332 1609 531 1648 miscentis
565 1610 812 1663 pervicacia,
854 1609 923 1662 qui
957 1605 1128 1662 prolixa
1166 1607 1344 1645 oratione
1368 1605 1551 1659 patriar-

17 1664 134 1705 cham
164 1666 290 1718 ipsum
306 1696 316 1716 ,
355 1665 674 1718 Dyrrhachinum
700 1666 920 1719 episcopum
937 1695 947 1714 ,
985 1674 1022 1703 et
1048 1662 1150 1703 alios
1174 1661 1394 1717 perplures,
1434 1659 1551 1700 sedu—

19 1732 128 1772 ctos,
171 1724 213 1761 in
245 1738 357 1762 suam
388 1724 520 1762 traxit
547 1724 796 1773 sententiam,
842 1738 888 1761 ne
916 1719 1036 1775 legati
1071 1720 1276 1772 Pontificis
1307 1717 1550 1767 audirentur,

19 1777 391 1835 repudiat-emurque
420 1782 576 1829 omnia,
619 1796 718 1835 quae
756 1777 1011 1819 concordiam
1042 1776 1208 1817 similem
1238 1774 1416 1815 stabilire
1444 1772 1552 1814 vide-

18 1847 163 1875 rentur.
222 1837 302 1876 Leo
325 1838 493 1877 Allatius
523 1845 705 1890 tempora
734 1836 961 1876 confundit.
1018 1836 1118 1874 Nam
1147 1834 1274 1874 oratio
1299 1834 1366 1871 illa
1400 1833 1551 1883 Grego-

17 1906 88 1932 rae
118 1907 198 1932 non
236 1894 287 1932 ad
317 1909 378 1935 an.
413 1895 506 1937 Chr.
530 1895 862 1935 MCCCXXXIX.
895 1900 966 1932 aut
993 1893 1216 1932 MCCCXL.
1245 1891 1443 1944 pertinet,
1480 1889 1551 1929 sed

20 1951 75 1991 ad
93 1965 157 1990 an.
176 1951 504 1994 MCCCXXXIH.
531 1960 578 1992 ut
596 1967 718 2006 supra
741 1953 894 1992 dictum
915 1957 987 1991 est.
1044 1963 1199 1992 nowm.

136 2023 233 2074 Pssg·
263 2023 369 2072 520,
398 2025 437 2066 8.
497 2021 581 2063 Καὶ
603 2021 628 2064 ὅ
648 2018 862 2075 δεσπότης]
893 2019 1117 2060 Andronici
1141 2017 1307 2059 senioris
1327 2017 1425 2071 imp.
1445 2016 1552 2055 filius

21 2077 199 2117 secundo
230 2079 387 2130 genitus
414 2094 466 2119 ex
488 2080 601 2119 Anna
621 2081 750 2133 prima
777 2092 918 2118 uxore.
956 2077 1057 2118 Vide
1080 2083 1245 2117 stemma
1263 2075 1488 2127 Palaeolog.
1513 2080 1553 2114 et

22 2135 241 2188 scriptores
262 2136 320 2175 ibi
348 2137 547 2178 laudatos.
605 2151 780 2177 nocue.

134 2207 239 2258 Pag·
269 2207 371 2255 523,
403 2210 442 2250 9.
502 2202 720 2260 Κάρουλον
742 2202 813 2246 τόν
834 2206 908 2258 τῆς
925 2198 1087 2254 Ἰταλίας
1108 2202 1237 2258 ῥ’ῆγα]
1267 2202 1436 2241 Fallitur
1456 2202 1552 2239 Gre-

23 2276 156 2314 goras.
195 2263 392 2303 Robertus
430 2264 534 2303 enim
559 2270 646 2302 tum
672 2263 810 2301 Italiae
842 2262 1083 2315 imperabat,
1113 2276 1205 2300 cum
1231 2260 1391 2300 Ioannis
1423 2257 1549 2298 XXII.

21 2321 67 2360 P.
86 2320 134 2361 P.
158 2334 279 2359 suasu
303 2322 390 2374 ipse
416 2336 463 2361 ac
486 2322 614 2361 Latini
636 2321 841 2373 principes
867 2320 1038 2360 invicem
1068 2324 1340 2359 convenerunt
1367 2317 1417 2356 ad
1439 2329 1553 2354 com-

22 2378 252 2431 primendas
281 2379 443 2418 crebras
474 2381 699 2418 Turcorum
725 2379 766 2416 in
797 2376 1115 2418 Christianorum
1145 2376 1317 2416 ditiones
1342 2372 1553 2414 excursio-

23 2449 116 2484 nes,
146 2450 250 2474 anno
277 2438 433 2477 seilicet
458 2440 579 2482 1326.
635 2449 810 2475 DUCANG.

141 2506 238 2557 Pog·
269 2505 373 2556 525,
406 2509 471 2548 10.
528 2505 581 2546 Οἱ
600 2502 644 2546 δὲ
668 2499 838 2557 Ῥόδιοι]
869 2503 1013 2543 Milites
1040 2503 1193 2543 ordinis
1222 2498 1438 2552 Hospitalis
1457 2497 1552 2536 Hie-

24 2561 324 2614 r⁰⁸⁰¹5fflstffifi2
376 2563 446 2615 qui
479 2562 667 2602 Rhodum
704 2575 807 2600 anno
843 2564 963 2604 1310.
1001 2561 1144 2601 Turcis
1174 2558 1431 2599 abstulerant.
1471 2569 1556 2594 nu-

26 2632 145 2659 cauo.

141 2675 242 2729 Pag·
273 2676 376 2728 525,
408 2680 472 2720 12.
527 2675 572 2718 Ὁ
596 2678 675 2717 τῶν
705 2671 932 2716 Κυκλάδων
961 2671 1101 2729 νήσων
1128 2666 1407 2727 ἡγεμονεύων]
1437 2669 1554 2707 Nico-

24 2734 115 2772 laus
136 2735 325 2783 sanutus,
355 2735 426 2786 qui
445 2734 572 2784 Naxi,
601 2732 804 2773 interdum
832 2731 1097 2786 Aegeopelagi
1129 2733 1276 2769 Ducem
1306 2740 1391 2766 sese
1413 2725 1558 2766 inscri-

25 2791 159 2830 bebat.
190 2791 292 2829 Vide
319 2791 418 2832 Hist.
437 2792 807 2845 Franco-Byzant.
829 2790 897 2833 lib.
922 2791 1009 2832 VH.
1031 2805 1071 2833 n.
1103 2792 1171 2833 20.
1203 2786 1311 2826 Infra
1329 2779 1554 2826 Κυκλάδων

26 2844 169 2902 νήσων
190 2843 375 2904 ἀρχηγός.
432 2864 609 2890 nocane.
