1754 3164
146 136 279 184 1246
662 140 778 187 ANN
785 139 1145 186 OTATIONES.

143 256 387 287 neomeniam
412 246 461 286 ab
480 245 636 287 infimae
655 247 881 287 Latinitatis
900 247 1167 302 scriptoribus
1189 246 1269 286 dici
1287 245 1403 286 solet.
1435 246 1683 286 Cantacuze-

143 319 222 346 nus
240 305 346 347 Hist.
372 305 440 344 lib.
464 307 495 345 1.
516 318 605 358 cap.
625 306 747 346 XLII.
770 312 889 346 vocat
914 305 1172 360 Τερνεμέντα.
1216 318 1376 347 1301v1N.

259 378 363 427 Pag.
392 374 497 424 483,
525 376 565 416 7.
629 370 747 415 Οὕτω
773 371 846 427 μὲν
874 369 1083 428 πρότερον*
1116 377 1196 416 νῦν
1226 372 1270 415 δὲ
1301 375 1476 427 συνεχῶς
1504 372 1685 424 τελουμέ-

145 432 248 486 νου]
280 432 410 472 Testis
432 439 494 471 est
511 431 814 470 Cantacuzenus
835 445 904 471 eos
924 431 1043 471 ludos
1064 446 1143 471 non
1163 431 1287 472 fuisse
1307 433 1350 470 in
1378 444 1454 470 usu
1474 430 1581 483 apud
1599 432 1683 482 By-

146 492 349 540 zantinos,
380 496 594 560 antequam
615 489 903 528 Andronicus
892 489 1026 528 1unio1·
1051 503 1219 528 uxonem
1242 489 1423 528 duxisset
1443 489 1596 527 Annam
1619 491 1686 527 Sa-

146 548 334 588 baudam.
399 542 470 588 Ἐκ
507 546 643 601 μέντοι
681 548 891 600 Σαβωΐας,
934 548 1084 600 inquit,
1121 543 1198 589 ούκ
1235 542 1358 600 ὀλίγοι
1386 549 1467 587 τῶν
1505 543 1688 599 εὔπατρι-

149 609 234 648 δῶν
265 606 322 656 εἰς
350 602 426 657 τήν
452 603 659 675 Ῥωμαίων
685 601 1011 658 ἀφικνούμενοι.
1076 621 1180 658 ,mv
1205 603 1426 658 λεγομένην
1448 604 1688 670 Τςουστρίαν

146 663 217 706 καὶ
245 661 294 705 τοὶ
329 661 576 717 Τερνεμέντα
606 658 721 703 αύτοὶ
758 665 910 715 πρῶτοι
950 637 1137 713 ἐδίδαξαν
1172 661 1408 715 Ῥωμαίους,
1450 659 1565 702 οὔπω
1595 656 1690 714 ποό-

148 736 265 776 τερον
295 720 387 775 περὶ
415 736 497 761 των
527 716 723 761 τοιούτων
754 716 912 769 εἰδότας
941 716 1072 762 ου’δέν.
1134 720 1247 759 Unde
1269 719 1457 772 suspicor
1476 719 1690 770 legendum

150 792 237 819 esse
257 777 451 817 hocloco
476 778 584 830 apud
613 778 855 829 Gregoram,
885 773 1032 818 τούτου
1062 778 1202 819 τοίνυν
1233 775 1347 818 οὔπω
1378 774 1450 830 μὲν
1479 773 1691 831 πρότερον,

150 840 228 878 νῦν
252 834 294 876 δὲ
316 848 492 888 συνεχως
513 835 776 889 τελουμένου,
807 835 850 874 id
873 841 954 885 est,
989 834 1065 875 hoc
1095 836 1229 890 itaque
1257 845 1450 877 certamen
1491 849 1691 889 nunquam

150 894 342 947 superiori
378 902 529 943 aetate,
572 903 614 932 at
644 907 750 932 nunc
783 890 959 947 quotidie
988 891 1179 933 celebrari
1211 891 1384 931 solitum.
1449 892 1527 930 Nec
1559 892 1693 930 obstat

152 951 261 1003 quod
287 951 393 989 idem
423 950 622 1002 Gregoras
643 964 764 1003 supra
794 949 890 1002 (hoc
912 964 999 1003 cap.
1025 957 1122 989 sect.
1148 947 1204 1004 1.)
1231 950 1400 1000 dixerit,
1432 950 1588 1002 saepius
1611 950 1693 987 iam

152 1018 270 1047 antea
292 1006 444 1047 eosdem
468 1006 585 1048 lucios
599 1007 736 1063 fuisse
757 1006 808 1046 ab
828 1006 1069 1047 Andronico
1100 1005 1238 1049 editos.
1281 1008 1380 1046 Nam
1401 1007 1516 1057 illud,
1541 1007 1695 1060 saepius

153 1067 232 1104 iam
254 1075 383 1113 antea,
413 1079 496 1104 non
518 1068 694 1118 pertinet
715 1065 763 1103 ad
787 1065 998 1117 superiora
1020 1065 1191 1116 saecula,
1225 1065 1296 1104 sed
1319 1064 1368 1102 as]
1392 1065 1518 1118 ipsius
1544 1065 1694 1115 Grego-

153 1136 225 1162 rae
254 1128 434 1163 aetatem.
496 1120 623 1163 Οὔπω
653 1123 693 1162 111
721 1119 827 1163 οὕτω
855 1129 1052 1161 mutatum
1079 1123 1227 1176 passim
1250 1123 1292 1160 in
1321 1122 1529 1161 codicibus
1558 1135 1696 1160 manu-

155 1179 315 1231 scriptis
337 1180 528 1219 occurrit.
559 1180 660 1218 V1de
681 1180 751 1222 hb
774 1180 898 1221 XVII.
922 1180 1026 1218 insia
1048 1194 1134 1233 cap.
1156 1181 1203 1219 II.
1227 1186 1324 1219 sect.
1348 1184 1382 1222 1.
1423 1193 1582 1219 nonus.

269 1246 599 1301 Pag.483,1.3
659 1245 940 1303 Ἀνὲγκλητον]
976 1248 1077 1288 Vide
1104 1250 1273 1311 eandem
1307 1248 1582 1292 dissertation.
1606 1248 1694 1289 VII.

154 1318 242 1359 pag.
270 1308 364 1348 169
396 1310 488 1350 170.
546 1320 722 1347 DUCANG.

270 1377 374 1428 Pag
406 1375 511 1425 483,
541 1379 611 1421 21.
679 1371 842 1416 Τούτων
865 1374 1028 1427 τοίνυν]
1069 1376 1126 1414 De
1159 1374 1240 1414 hoc
1269 1382 1456 1429 suscepto
1485 1375 1593 1413 bello
1631 1373 1699 1412 ad-

157 1446 301 1473 versus
330 1406 604 1471 Alexandrum
635 1433 903 1484 Bulgarorum
933 1446 1066 1483 regem
1095 1432 1143 1471 ab
1172 1432 1405 1472 Andronico
1434 1433 1614 1481 iuniore,
1660 1438 1701 1470 et

158 1504 259 1544 pace
280 1490 395 1540 inita,
426 1490 509 1542 agit
532 1490 834 1529 Cant‘acuzenus
853 1489 924 1528 lib.
947 1490 997 1529 II.
1022 1504 1107 1542 cap.
1127 1491 1277 1530 XXVI.
1298 1491 1459 1530 XXVII.
1499 1503 1672 1529 nonme.

277 1561 374 1611 Pag.
403 1558 509 1609 486,
539 1563 608 1602 20.
669 1558 713 1599 ‘O
741 1561 818 1600 τοῦ
837 1559 1044 1613 Καίσαρος
1069 1557 1141 1612 μὲν
1173 1557 1286 1612 υἱός]
1319 1560 1480 1599 Ioannis
1501 1561 1702 1599 Palaeolo-

161 1616 221 1667 gi,
253 1616 368 1657 cuius
398 1629 520 1668 supra
551 1616 730 1655 meminit
759 1616 830 1657 lib.
860 1616 932 1655 IX.
965 1630 1053 1669 cap.
1082 1618 1268 1658 XXXVI.
1294 1617 1422 1668 filius,
1455 1618 1703 1656 Constantini

159 1672 500 1726 Porphyrogeniti
519 1673 726 1715 Michaelis
753 1674 850 1728 imp.
871 1673 944 1714 filii
967 1687 1104 1727 nepos.
1138 1675 1238 1715 Vide
1262 1682 1427 1715 stemma
1442 1676 1704 1727 Palaeologo-

159 1744 263 1773 rum.
320 1745 495 1771 DUCANG.

277 1798 381 1852 Pag.
413 1801 520 1852 488,
550 1798 619 1842 24.
677 1798 722 1840 ‘O
752 1798 801 1841 δέ
822 1815 866 1855 γε
897 1797 1179 1855 Συργιοῖννης]
1222 1802 1525 1842 Cantacuzenus
1557 1802 1626 1842 lib.
1655 1801 1704 1841 II.

165 1870 254 1909 cap.
276 1857 428 1897 XXIV.
486 1871 661 1898 DUCANG.

281 1924 382 1978 Pag.
412 1926 516 1976 489,
545 1929 585 1968 3.
650 1921 995 1979 Τζαμπλάκωνος]
1038 1926 1119 1975 Qui
1153 1928 1286 1975 magni
1322 1926 1468 1980 Papiae
1511 1926 1705 1979 dignitate

169 1982 341 2021 donatus
362 1983 511 2022 dicitur
534 1983 967 2024 Cantacuzen.lib.11.
996 1998 1083 2037 cap
1104 1985 1268 2026 XXVII.
1309 1998 1486 2026 DUCANG.

282 2053 387 2104 Pag·
417 2053 523 2102 489,
553 2055 621 2095 20.
681 2051 923 2093 Βασκαίνειν
951 2068 1027 2106 γαρ
1054 2052 1210 2106 ἔφαμεν
1240 2049 1374 2109 αύτῷ]
1414 2054 1619 2124 Nusquam
1649 2052 1707 2091 di-

169 2108 231 2147 xit
251 2108 308 2146 Gi
312 2122 450 2159 egoras
472 2110 540 2148 inv
532 2109 665 2148 ddisse
686 2109 840 2149 aulicos
859 2110 1084 2164 Syrgianni.
1125 2111 1266 2164 ltaque
1286 2111 1533 2163 legendum'
1520 2110 1705 2163 ἔφασκεν,

169 2179 253 2205 non
274 2164 443 2219 εᾝφαμεν
497 2180 652 2207 BOIVIN.

287 2234 528 2287 Pag.490‚
563 2239 630 2278 11.
677 2233 765 2275 Καὶ
792 2235 822 2288 ἦ
842 2231 971 2290 μήτηρ
997 2239 1072 2278 τοῦ
1093 2235 1308 2290 βασιλέως]
1351 2237 1614 2277 cantacuzen.
1638 2235 1708 2276 lib.

175 2290 224 2333 II.
247 2304 334 2344 cap.
353 2291 539 2333 XXVIII.
569 2306 743 2333 DUOANG.
805 2294 1105 2332 Cantacuzenus
1129 2293 1230 2334 Hist.
1252 2294 1319 2333 lib.
1339 2294 1389 2333 II.
1411 2308 1500 2346 cap.
1520 2294 1707 2332 XXVIII.

176 2362 260 2387 eam
282 2351 336 2389 ait
357 2347 502 2387 obiisse
525 2363 628 2388 anno
648 2349 803 2402 integro
827 2358 866 2390 et
886 2351 1054 2390 dimidio
1080 2358 1172 2404 post
1195 2352 1347 2390 obitum
1367 2351 1534 2389 senioris
1553 2351 1710 2389 Andro-

175 2406 280 2456 nici;
311 2419 427 2458 quem
450 2412 606 2446 constat
623 2414 826 2446 mortuum
846 2422 949 2447 anno
970 2408 1064 2448 Chr.
1086 2409 1396 2447 MCCCXXXII.
1421 2409 1610 2449 Februar.
1643 2408 1709 2447 die

176 2463 285 2560 XHtL
315 2463 382 2502 sic
399 2463 508 2502 illam
530 2470 686 2518 oportet
704 2465 847 2506 obiisse
865 2480 968 2505 anno
993 2465 1087 2505 Chr.
1112 2466 1440 2508 MCCCXXXIII.
1465 2480 1599 2506 mense
1621 2466 1710 2505 Au-

177 2533 250 2572 gus
272 2534 523 2563 o.}301v1N.

295 2586 528 2643 Pag-490,
562 2588 626 2633 14
686 2587 742 2630 Σὲ
768 2589 811 2632 δὲ
841 2609 871 2633 ω
899 2591 1053 2647 μέγιστε
1077 2590 1146 2634 καὶ
1172 2587 1356 2632 θειότατε
1382 2592 1570 2646 βασιλεῦ]
1602 2592 1710 2631 Haec

183 2646 314 2684 oratio
349 2653 482 2686 exstat
508 2647 550 2686 in
583 2646 728 2686 Codice
754 2649 894 2701 Regio,
935 2651 978 2689 111
1009 2664 1086 2702 quo
1115 2655 1247 2688 tamen
1277 2650 1376 2689 aliae
1401 2650 1486 2690 fere
1518 2649 1712 2689 eiusmodi

184 2702 496 2744 declamationes
516 2705 683 2744 omissae
710 2713 817 2747 sunt.
873 2721 1030 2751 nowm.

298 2773 401 2825 Pag-
430 2776 536 2824 491,
567 2777 630 2816 12
690 2771 892 2829 Καθάπερ
916 2774 983 2817 ἐπὶ
1005 2775 1171 2830 στερἆς
1190 2773 1409 2829 κρηπῖδος]
1440 2774 1583 2814 Wolfio
1612 2790 1711 2828 κρη-

187 2826 257 2876 πὶς
280 2835 351 2868 est
361 2829 532 2885 crepido.
590 2830 669 2870 Sed
693 2830 851 2886 crepido
875 2831 1035 2873 consilii
1051 2833 1149 2886 quid
1174 2832 1236 2883 sit,
1266 2847 1347 2872 non
1367 2832 1498 2873 video.
1527 2845 1681 2871 nomm.
