1754 3164
183 159 315 207 1338

225 272 366 310 Amurio
390 270 538 314 comite,
578 271 682 306 urbes
706 271 881 307 Thraciae
905 273 935 307 it

225 320 447 356 sollicitatum
472 321 554 361 676,
582 321 637 355 19.
665 319 934 364 Christ-opolita-

226 379 287 402 nas
318 368 435 401 fauces
471 365 729 411 transgreditur
759 367 841 408 677,
877 368 932 402 10.

224 417 306 455 692,
340 412 374 448 4.
412 412 644 447 Perithorium
669 413 798 447 frustra
822 424 934 459 oppu-

224 465 328 504 gnat:
361 458 639 505 Didymotichum
664 459 737 493 abit
760 460 850 502 692,
877 463 932 496 10.

222 507 271 541 ibi
295 518 331 540 se
356 510 392 540 et
414 517 491 541 suos
515 506 629 540 reficit
653 508 739 548 692,
766 508 823 542 17.
862 506 934 541 Co-

223 558 393 588 motenam
428 557 465 587 et
497 553 764 599 Gratianopolin
801 553 837 586 in
870 553 935 588 de-

223 600 387 635 ditionem
411 599 538 646 accipit
562 601 711 642 703,1o.
736 600 828 646 apud
853 600 935 635 Μο-

223 647 392 693 sinopolin
417 651 684 681 castrametatur
707 649 789 690 705,
810 647 844 681 6.
870 648 933 682 ob-

223 693 400 729 dormiscit
430 693 660 728 amoenissimo
684 693 721 727 in
744 694 840 728 loco:
878 706 933 728 res

223 741 299 775 visu
324 745 361 775 et
385 740 503 775 auditu
529 740 700 775 mirabiles
727 741 759 775 ei
794 741 933 775 oblatae

222 789 318 830 705,
345 789 399 824 19.
425 787 538 822 subito
565 787 755 822 Momitilae
780 787 931 822 adventu

222 845 334 881 paene
358 834 566 880 opprimitur
587 834 669 875 706,
687 836 721 870 7.
746 835 932 869 tumultua-

221 881 307 916 riam
332 886 369 916 et
391 881 542 927 iniquam
570 892 716 926 pugnam
749 881 933 916 committit

221 930 313 971 707,
354 930 388 965 2.
423 928 586 972 armigeri
616 927 787 963 beneficio
819 928 932 962 salvus

223 975 362 1010 evadit:
388 974 540 1010 hostibus
555 974 684 1009 coactis
694 975 930 1017 retrocedere,

221 1022 501 1068 Didymotichum
521 1021 593 1056 abit
605 1023 686 1063 707,
712 1022 767 1057 11.
793 1021 891 1056 multi
911 1033 931 1055 e

222 1069 292 1104 suis
315 1069 424 1115 ipsum
449 1068 613 1103 deserunt
632 1070 712 1110 708,
724 1070 782 1105 23.
804 1068 930 1103 intem-

221 1115 362 1162 pestiva
385 1116 561 1160 postulata.
579 1115 701 1149 ducurn
725 1120 762 1149 et
785 1115 929 1149 militum

222 1164 305 1204 709,
320 1163 353 1198 3.
377 1162 466 1196 illius
489 1173 654 1207 responsa
674 1163 754 1204 709,
770 1163 824 1198 17.
849 1163 930 1197 Μο-

222 1208 364 1243 mitilam
387 1209 416 1243 it
439 1208 647 1243 debellatum
662 1209 743 1250 727,
759 1211 817 1245 20.
833 1209 930 1242 iuxta

223 1255 458 1290 Perithorium
492 1259 756 1290 castrametatur
788 1257 870 1297 728,
894 1256 929 1291 5.

222 1303 360 1338 laborat
383 1301 552 1348 pecuniae
575 1301 694 1346 inopia
708 1302 796 1344 748,
818 1305 852 1338 2.
876 1302 931 1336 ni-

222 1349 324 1384 mium
356 1349 502 1395 supplex
534 1352 570 1383 et
602 1347 756 1383 abiectus
787 1348 821 1383 in
856 1348 931 1394 epi-

223 1396 336 1431 stolis:
380 1396 521 1431 multum
552 1394 618 1430 sibi
651 1400 687 1431 et
718 1395 932 1441 reipublicae

223 1441 339 1477 obfuit
362 1443 555 1480 cunctando
578 1441 660 1484 754,
692 1441 726 1479 4.
759 1442 795 1476 in
830 1443 932 1477 Ioan-

223 1500 300 1524 nem
334 1488 567 1534 patriarcham
598 1489 738 1524 'officim
779 1489 823 1524 ad
855 1501 931 1523 eum

222 1535 383 1582 epistola,
410 1535 542 1581 scripta
564 1536 680 1570 rubris
703 1535 826 1571 litteris
849 1537 931 1578 755,

222 1585 257 1618 6.
283 1582 478 1628 Selybriam
500 1582 535 1616 in
554 1582 761 1617 deditionem
781 1583 932 1629 accipit:

223 1629 411 1664 Orestiade
435 1634 623 1664 coronatur
653 1631 696 1664 ab
730 1630 934 1676 Hierosoly-

222 1676 350 1710 mitano
366 1675 589 1722 patriarcha:
615 1677 818 1722 Byzantium
837 1677 933 1711 clan-

221 1722 364 1758 destinis
387 1722 619 1758 molitionibus
642 1724 808 1758 invadere
828 1735 933 1759 cona—

223 1773 282 1804 tur
315 1771 404 1814 762,
440 1771 472 1805 8.
516 1771 714 1816 Hyrcanum
747 1771 932 1816 Bithyniae

222 1820 408 1863 satrapam,
435 1828 597 1862 generum
622 1817 768 1852 adsumit
784 1819 933 1859 762,18.

222 1862 429 1908 Byzantium
462 1869 565 1898 noctu
606 1864 803 1910 ingreditur
838 1865 932 1900 Pha-

223 1909 351 1945 ceolati
386 1921 493 1956 opera
525 1909 614 1953 774,
646 1912 680 1946 4.
721 1911 862 1946 alteram
896 1915 935 1947 et

221 1955 364 1991 tertiam
398 1957 604 2002 legationem
637 1958 681 1992 ad
706 1961 834 1992 Annam
859 1970 933 1992 ma—

222 2003 300 2037 vult
322 2003 462 2038 mittere
486 2016 587 2050 quam
610 2004 678 2039 vim
701 2006 820 2040 facere
848 2006 930 2047 776,

225 2048 282 2085 14.
307 2049 394 2084 mira
417 2050 598 2086 clementia
621 2053 710 2094 778,
737 2055 792 2088 10.
823 2052 931 2086 verba

224 2096 318 2141 apud
342 2096 475 2141 legatos
498 2097 541 2132 ad
567 2099 698 2133 Annam
721 2098 828 2133 ituros
849 2100 930 2142 776,

223 2142 282 2177 21.
314 2142 450 2178 Palatio
483 2144 595 2187 cedit,
643 2157 687 2180 ne
721 2150 781 2180 aut
811 2149 931 2180 Annae

223 2192 286 2223 aut
307 2188 519 2236 Palaeologo
543 2191 791 2226 incommodet:
822 2192 933 2227 domi-

223 2234 335 2269 cilium
375 2236 443 2270 sibi
474 2238 651 2272 constituit
692 2238 785 2273 circa
818 2238 931 2274 Alexii

224 2280 406 2316 triclinium
430 2284 523 2327 783,
546 2283 604 2320 24.
629 2285 762 2330 qualem
785 2299 821 2320 se
845 2297 930 2331 erga

224 2327 457 2374 patriarcham
492 2331 658 2376 gesserit:
705 2344 777 2366 eum
814 2345 931 2367 mona-

222 2375 330 2410 sterio
353 2374 517 2419 includit3
542 2377 817 2423 Didymotichum
835 2380 930 2415 able-

223 2426 291 2466 gat·
309 2420 400 2464 784,
434 2426 489 2459 10.
524 2423 645 2458 iterum
679 2425 927 2471 inauguratur3

223 2479 325 2512 quam
361 2469 404 2503 ob
439 2481 569 2505 causam
603 2473 693 2514 787,
732 2475 766 2508 9.
801 2485 862 2507 cur
892 2473 929 2507 in

222 2513 467 2551 Blachernensi
507 2529 576 2551 non
614 2518 650 2552 in
692 2519 730 2553 S.
774 2520 930 2565 Sophiae

223 2562 349 2606 templo
374 2564 465 2606 787,
493 2565 548 2600 15.
582 2565 740 2610 pecunias
772 2578 840 2601 non
872 2579 930 2601 re-

222 2609 314 2652 petit
338 2610 382 2642 ab
405 2610 448 2644 iis
481 2611 541 2656 qui
565 2612 737 2646 aerarium
762 2614 930 2648 exhause—

220 2658 301 2688 rant
324 2657 413 2699 790,
449 2658 483 2692 7.
519 2669 655 2693 suorum
688 2661 863 2704 postulata
894 2663 930 2695 et

221 2701 379 2745 querelas
401 2706 442 2737 ut
465 2704 603 2739 eluserit
627 2707 708 2747 790,
733 2708 786 2741 16.
811 2707 929 2742 audita

221 2746 392 2783 Matthaei
415 2750 480 2784 filii
503 2752 720 2795 defectione,
751 2753 868 2787 anxius
891 2757 928 2788 et

222 2794 356 2828 consilii
378 2796 479 2842 inops
504 2798 586 2841 804,
608 2800 661 2834 13.
688 2811 827 2834 uxorem
852 2800 927 2835 Ire-

221 2846 283 2874 ren
306 2841 350 2876 ad
373 2842 479 2879 filium
501 2844 600 2891 legat
623 2846 713 2889 805,
745 2847 780 2882 2.
813 2846 925 2893 Didy-

770 169 938 209 1Nnax
967 169 1169 221 RERUM,

1027 272 1209 308 motichum
1250 271 1510 318 proficiscitur,
1546 275 1594 308 'ut
1629 275 1739 308 motus

1026 323 1209 366 componat
1233 321 1278 353 ab
1296 331 1403 355 uxore
1422 320 1491 354 iam
1507 320 1639 366 sopitos
1658 321 1739 362 813,

1026 369 1061 403 7.
1096 365 1309 412 provinciam
1342 366 1416 402 filio
1440 366 1623 401 Matthaeo
1650 368 1740 401 assi-

1027 418 1113 458 gnat
1136 412 1223 454 814,
1254 413 1288 447 9.
1324 413 1514 448 orationem
1539 413 1632 458 apud
1664 425 1740 448 eum

1027 461 1136 495 habet
1160 461 1241 501 814,
1263 458 1320 495 24.
1338 459 1373 493 in
1397 461 1515 494 urbem
1539 459 1632 495 redit
1656 462 1738 502 819,

1027 509 1084 544 15.
1105 508 1229 541 crebra
1248 506 1420 553 colloquia
1432 507 1540 541 habet
1559 518 1632 540 cum
1646 508 1740 541 Gre-

1027 565 1115 600 gora
1140 555 1230 596 823,
1253 554 1287 588 3.
1315 553 1460 587 lenitate
1483 552 1665 588 Hadriano
1690 553 1739 587 si-

1027 600 1118 635 milis
1151 601 1241 641 824,
1275 600 1334 635 24.
1378 599 1560 634 tumultum
1591 600 1737 642 veritus,

1027 647 1233 692 Byzantium
1259 646 1374 681 venit:
1397 647 1592 691 Gregoram
1617 647 1738 681 horta-

1026 698 1085 729 tur
1109 699 1148 728 ut
1170 694 1272 729 sileat
1297 695 1377 736 827,
1403 695 1438 727 4.
1468 693 1603 728 Cralem
1629 692 1738 727 officii

1028 741 1206 775 admonet:
1237 752 1306 775 non
1332 739 1487 775 auditur:
1521 739 1649 774 bellum
1674 751 1739 786 pa-

1026 793 1085 822 rat
1109 786 1200 830 834,
1226 788 1259 822 5.
1293 798 1410 822 renum
1436 787 1553 821 morbo
1579 786 1736 821 laborat:

1026 835 1071 869 ob
1095 835 1184 869 hanc
1208 838 1245 868 et
1270 834 1356 868 alias
1381 845 1500 868 causas
1518 845 1540 867 a
1556 833 1646 867 bello
1665 845 1737 868 sus-

1027 887 1130 927 cepto
1172 881 1309 916 desistit
1350 882 1441 923 835,
1478 881 1533 915 13.
1578 885 1737 925 equestre

1026 928 1237 975 praedonum
1263 939 1385 972 agmen
1410 926 1537 968 caedit,
1563 927 1679 961 fundit
1701 930 1738 960 et

1024 975 1126 1020 fugat
1168 977 1258 1017 839,
1294 977 1352 1011 18.
1389 974 1528 1009 classem
1562 973 1736 1008 construit

1025 1022 1116 1065 842,
1144 1023 1199 1056 12.
1233 1021 1344 1056 missis
1369 1020 1506 1055 auxiliis
1531 1024 1568 1055 et
1594 1020 1736 1062 nuntiis,

1023 1068 1271 1113 Byzantiorum
1296 1067 1425 1102 animos
1451 1067 1632 1102 confirmat
1652 1068 1735 1109 849,

1022 1117 1082 1151 20.
1105 1115 1293 1150 Orestiade
1308 1126 1481 1156 reversus,
1500 1113 1623 1148 bellum
1639 1119 1738 1148 terra

1025 1167 1060 1196 et
1085 1162 1170 1197 mari
1196 1167 1346 1208 apparat
1367 1158 1455 1205 854,
1478 1161 1512 1197 4.
1545 1160 1734 1205 Byzantios

1022 1209 1258 1254 negligentiae
1299 1208 1436 1254 arguit:
1486 1207 1665 1254 pecuniam
1700 1206 1736 1241 in

1024 1256 1166 1290 classem
1202 1255 1375 1290 contribui
1408 1255 1507 1289 iubet
1546 1254 1638 1297 854,
1679 1255 1735 1288 12.

1025 1301 1563 1384 {53335223203‘1332‘55}3⁶1¹*ss
1589 1299 1735 1381 ⁰3¹3}ssssss

1027 1395 1166 1438 cuzeni,
1191 1402 1272 1441 post
1295 1395 1447 1430 amissam
1473 1373 1634 1437 dlassem,
1660 1394 1736 1428 ani-

1025 1455 1099 1477 mus
1124 1443 1225 1477 fortis
1249 1446 1286 1477 et
1308 1441 1459 1476 invictus
1472 1443 1553 1484 866,
1570 1440 1628 1477 24.
1645 1441 1736 1475 clas-

1025 1501 1095 1524 sem
1136 1494 1300 1536 reparat:
1344 1488 1535 1534 vectigalia
1573 1487 1735 1533 imposita

1026 1538 1153 1582 auget:
1189 1548 1280 1570 nova
1311 1535 1457 1581 imponit
1488 1536 1568 1578 869,
1594 1536 1629 1570 9.
1662 1534 1735 1569 eius

1053 1583 1172 1618 olitica
1195 1582 1381 1629 prudentia
1405 1579 1494 1625 874,
1530 1584 1585 1617 11.
1619 1582 1736 1616 consi-

1025 1595 1106 1664 lium
1142 1630 1186 1664 de
1210 1630 1367 1675 cogenda
1391 1628 1534 1675 Synodo
1560 1629 1640 1670 875,
1676 1630 1733 1664 12.

1025 1676 1306 1712 Thessalonicam
1351 1675 1445 1718 abit,
1489 1675 1734 1720 Palaeologurn

1025 1735 1191 1769 generum
1214 1724 1246 1758 ei
1270 1723 1348 1758 urbi
1380 1723 1619 1769 praefecturus
1652 1724 1734 1765 876,

1025 1772 1082 1806 22.
1106 1771 1283 1805 admodum
1301 1770 1411 1805 laetus
1423 1769 1629 1814 Byzantium
1653 1769 1735 1803 red-

1026 1818 1075 1852 it:
1135 1818 1327 1853 Concilium
1373 1827 1566 1852 convocare
1602 1816 1734 1861 cogitat

1025 1865 1116 1908 878,
1145 1867 1200 1902 19.
1236 1865 1421 1909 Gregorae
1444 1862 1562 1897 verbis
1589 1874 1733 1897 exacer-

1025 1912 1148 1946 batur:
1189 1914 1311 1946 coacta
1343 1910 1485 1956 Synodo
1512 1909 1632 1944 ulcisci
1658 1921 1733 1943 eum

1024 1958 1149 1992 statuit
1172 1959 1262 2000 890,
1296 1959 1330 1993 7.
1363 1961 1505 1992 notatur
1535 1956 1732 2001 iniquit-atis

1025 2006 1106 2047 894,
1123 2006 1181 2040 21.
1206 2003 1381 2051 perplexis
1407 2009 1443 2038 et
1465 2004 1633 2048 ambiguis
1651 2015 1733 2037 ver-

1023 2051 1076 2087 bis
1099 2052 1195 2086 iurat
1218 2053 1299 2094 898,
1321 2051 1375 2086 14.
1399 2051 1580 2085 manifesta
1602 2050 1733 2095 iniqui—

1023 2103 1077 2133 tas
1102 2100 1182 2140 898,
1199 2100 1258 2133 20.
1282 2102 1472 2133 convocata
1489 2097 1631 2142 Synodo
1651 2109 1732 2131 ora-

1023 2145 1152 2180 tionem
1175 2146 1282 2180 habet
1313 2146 1406 2187 905,
1438 2146 1472 2181 7.
1515 2143 1661 2189 aequum
1695 2156 1732 2179 se

1023 2192 1181 2237 utrisque
1205 2192 1281 2227 fore
1307 2192 1421 2227 iurato
1445 2191 1616 2238 promittit
1648 2193 1730 2234 907,

1025 2241 1080 2276 12.
1104 2238 1311 2286 impatiens,
1337 2238 1422 2273 lenis
1445 2240 1527 2281 917,
1548 2239 1606 2273 23.
1633 2239 1730 2272 Gre-

1023 2297 1141 2330 goram
1175 2286 1396 2332 interpellat,
1447 2288 1485 2320 et
1516 2288 1556 2319 ut
1591 2284 1731 2320 brevior

1023 2334 1073 2367 sit
1095 2333 1256 2368 admonet
1279 2334 1360 2374 928,
1389 2332 1442 2367 12.
1466 2331 1646 2366 Palamitis
1668 2332 1732 2366 ad-

1023 2379 1138 2414 dictus
1161 2381 1241 2421 929,
1253 2380 1287 2414 3.
1312 2380 1393 2420 929,
1414 2380 1447 2414 9.
1469 2383 1636 2424 patronus
1653 2379 1731 2413 olim

1023 2431 1061 2461 et
1085 2426 1211 2461 amicus
1236 2424 1406 2460 Barlaami
1439 2426 1526 2468 935,
1559 2427 1594 2461 2.
1625 2425 1730 2461 Pala-

1023 2484 1098 2508 mae
1121 2473 1180 2507 uni
1214 2473 1310 2507 favet
1342 2474 1433 2514 936,
1463 2474 1498 2509 3.
1532 2473 1728 2517 Gregoram

1023 2519 1244 2566 interpellat:
1279 2518 1423 2554 liberius
1457 2519 1554 2565 loqui
1579 2519 1728 2562 solitum,

1022 2565 1213 2602 maiestatis
1235 2566 1433 2601 reverentia
1447 2565 1639 2612 comprimit
1649 2568 1728 2607 936,

1024 2614 1079 2650 17.
1116 2614 1302 2659 Gregorae
1320 2613 1392 2648 tria
1415 2613 1538 2649 obiicit
1559 2615 1646 2654 937,
1673 2615 1729 2648 12.

1021 2671 1136 2740 pauca
1157 2659 1332 2705 loquutus,
1356 2660 1588 2706 respondendi
1607 2671 1728 2694 munus

1054 2706 1185 2741 alainae
1217 2706 1379 2742 concedit
1411 2705 1500 2750 964,
1537 2707 1573 2742 9·
1616 2706 1727 2741 animo

1021 2753 1066 2788 ab
1090 2752 1291 2788 orthodoxis
1315 2765 1435 2789 averso
1461 2758 1496 2788 et
1534 2753 1621 2788 duro
1646 2753 1726 2794 978,

1018 2801 1075 2836 23.
1106 2800 1268 2835 Palamae
1301 2799 1394 2835 iussa
1418 2800 1617 2847 exsequitur
1646 2799 1726 2841 984,

1019 2849 1054 2884 3.
1093 2846 1137 2882 de
1160 2857 1252 2883 nova
1275 2846 1474 2894 disputandi
1502 2847 1641 2883 ratione
1665 2846 1727 2880 de-
