1754 3164
192 135 326 186 1190
370 130 375 134 ’
701 140 784 186 AN
785 139 1181 188 NOTATIONES

192 247 460 299 convenerint,
491 263 555 287 eos
582 262 661 288 non
689 246 885 319 precandi
903 245 973 288 secl
995 249 1112 302 genio
1144 246 1378 303 indulgendi
1398 264 1519 290 causa
1524 248 1724 321 affuisse.

193 308 263 348 sol·
280 310 346 350 38.
368 307 415 346 V.
446 302 560 376 Πρός
587 303 654 347 τὸν
680 301 981 361 αὕτοκρατορα,
1009 305 1102 360 περὶ
1131 309 1211 347 τῶν
1239 306 1480 361 ἐγγιζουσων
1507 304 1729 360 ἦνωμένων

195 365 339 408 οἰκιῶν
369 360 467 417 μετοὲ
495 366 578 404 τῶν
615 365 744 405 θείων
772 364 842 412 καὶ
877 364 1104 417 σεβασμίων
1141 363 1381 417 ἐκκλησιῶν,
1420 379 1468 403 ne
1497 365 1561 403 cui
1591 363 1730 404 domos

194 420 373 491 iempZis
378 422 615 460 continentes
644 431 679 460 et
708 422 915 475 contiguas
944 420 1085 460 habere
1113 419 1244 462 liceat.
1271 422 1340 461 fol.
1363 421 1432 464 43.
1452 421 1497 461 V.
1529 418 1642 474 Πρὸς
1661 419 1731 462 τὸν

197 475 494 533 αυτοκροέτορα,
537 476 796 532 συμπάθειαν
827 479 994 528 ἐξαιτων
1022 483 1108 528 τοῖς
1136 475 1377 521 ἀπολέσασιν
1407 479 1447 529 ἐξ
1478 478 1636 533 εἷρκτῆς
1663 475 1732 520 τὸν

198 537 332 590 Παξῆ.
363 536 434 575 fol.
457 533 524 577 44.
542 535 589 575 V.
632 536 711 576 Iste
734 536 853 576 Paxis
878 551 898 576 e
922 550 1084 576 carcere
1115 536 1318 589 effugerat.
1364 535 1599 575 Pat1iareha
1620 535 1734 589 apud.

196 595 479 647 imperatorem
496 593 578 645 agit
595 608 671 646 pro
698 594 959 645 custodibus,
991 595 1060 647 qui
1085 594 1198 634 illum
1222 595 1395 647 effugere
1417 595 1605 634 siverant.
1635 594 1735 632 For-

197 660 303 693 tasse
321 652 356 691 is
376 657 457 702 est,
489 665 606 704 quem
628 651 895 705 Pachyme1es
922 659 1043 693 vocat
1063 650 1376 706 Κουτζίμπαξιν.
1436 649 1550 706 Πρὸς
1572 648 1639 692 τὸν
1663 667 1735 692 αυ-

198 725 444 765 τοκρατορα,
472 708 564 763 περὶ
592 713 668 752 τοῦ
696 710 929 765 ἐλευθερίας
957 713 1262 753 καταπολαῦσαι
1287 708 1364 764 τήν
1393 709 1606 763 ἐκκλησίαν
1630 711 1736 779 Χρι-

166 809 170 815 ,,
201 771 322 820 62:015,
372 780 444 806 seu
477 764 524 805 de
550 766 756 807 asserenda
787 769 830 807 in
866 767 1085 808 libertatem
1115 765 1405 809 ecclesia.s01.
1438 767 1506 811 48.
1565 763 1736 834 Γραμμα

200 842 305 882 προς
333 841 404 867 τον
434 820 735 892 αὐτοκράτορα,
766 825 860 896 περὶ
891 821 942 867 οὗ
971 822 1252 879 ἅναφέρομεν,
1285 821 1335 867 οὕ
1367 821 1435 867 διά
1463 841 1501 866 τι
1529 820 1738 878 ἀνθρώπι-

202 900 299 934 νον,
331 879 430 924 αλλά
460 878 584 936 μόνης
612 881 729 939 χάριν
760 879 933 938 οἷγαπης.
993 883 1177 922 Affirmat
1200 897 1242 923 se
1271 884 1314 923 in
1333 883 1396 935 iis,
1419 896 1521 936 quae
1543 882 1624 921 ad
1612 895 1739 934 impe-

202 949 379 983 ratorem
398 940 569 994 referat,
598 955 718 981 unam
751 948 950 1009 spectare
967 941 1232 994 aequitatem,
1262 955 1344 980 non
1377 947 1507 980 autem
1536 953 1637 993 quae
1666 952 1738 978 sua

204 1006 300 1039 sunt
334 1012 536 1051 quaerere.
570 998 639 1039 fol.
667 999 736 1042 49.
762 998 804 1052 *)
866 994 1053 1073 Γράμμα
1068 1015 1170 1052 προς
1205 996 1271 1041 τόν
1301 994 1599 1054 αυτοκροῖτορα,
1638 1012 1740 1037 κατα

206 1057 502 1111 αἰσχροκερδῶν
530 1056 599 1097 καὶ
627 1073 710 1098 των
739 1059 974 1110 προνομίων
1004 1059 1075 1109 τῆς
1104 1057 1326 1109 ἐκκλησίας.
1387 1057 1568 1095 Postulat
1598 1061 1644 1094 ut
1672 1055 1740 1092 in-

208 1115 395 1168 quiratur
415 1115 458 1153 in
475 1127 556 1164 eOS‚
581 1115 650 1166 qui
670 1115 893 1154 Xeniorum
916 1115 1076 1153 nomine
1101 1115 1312 1180 pecuniarii
1333 1114 1538 1167 accipiunt
1558 1127 1610 1152 ex
1631 1110 1741 1165 turpi

210 1187 330 1212 causa
358 1172 402 1210 in
423 1171 694 1223 Simoniacqs,
725 1179 771 1211 ut
801 1173 968 1226 opinor·
998 1173 1183 1224 adeoque
1212 1172 1255 1211 in
1284 1173 1418 1240 ipsum
1441 1170 1741 1239 Theophanem,

211 1232 278 1270 cui
309 1229 504 1269 eiusmodi
529 1229 669 1269 so1des
701 1230 1004 1269 obiiciebantur.
1032 1229 1104 1268 sol.
1129 1231 1197 1272 59.
1259 1226 1431 1285 Γράμμα
1458 1227 1560 1282 πρὸς
1582 1243 1649 1269 τον
1672 1244 1744 1268 αυ-

209 1282 455 1341 τοκράτορα,
484 1286 577 1341 περὶ
594 1290 674 1328 τῶν
695 1289 823 1329 θείων
849 1291 984 1336 ναῶν,
1014 1293 1092 1327 etc.
1131 1285 1291 1341 Templa
1315 1284 1552 1327 decoranda.
1592 1285 1654 1324 Ne
1679 1284 1744 1324 cui

210 1344 330 1386 liceat
357 1343 539 1383 habitare
567 1346 608 1383 in
639 1343 970 1396 Caieclzumeniis‚
999 1355 1070 1384 aut
1100 1342 1238 1384 domos
1263 1343 1405 1384 habere
1437 1341 1592 1415 templis
1617 1342 1745 1382 conii-

211 1412 352 1443 nentes.
383 1401 453 1444 fol.
481 1402 530 1442 V.
565 1403 631 1445 59.
656 1399 721 1455 **)
783 1400 895 1457 Πρὸς
930 1418 1002 1444 τον
1037 1398 1332 1473 αὐτοκρατορα,
1372 1398 1477 1473 πρὸς
1503 1417 1598 1450 τους
1626 1415 1747 1455 χειρι-

214 1459 386 1508 σθέντας
415 1463 558 1528 φορεῖν
588 1475 788 1514 μαχαιραν
817 1458 916 1531 πρὸς
942 1462 1069 1510 θεον,
1097 1459 1167 1500 καὶ
1196 1457 1252 1513 μὴ
1281 1475 1382 1500 κατα
1410 1454 1456 1500 τὸ
1487 1458 1646 1528 θέλημα
1673 1458 1747 1498 τοῦ

214 1518 476 1586 χειρίσαντος
488 1512 747 1567 ανασείοντας
777 1534 935 1571 αυτην.
975 1545 1009 1558 ..
1038 1516 1107 1558 καὶ
1136 1516 1230 1572 περὶ
1256 1519 1332 1558 τοῦ
1365 1513 1499 1572 Τύρου
1527 1515 1596 1557 καὶ
1622 1510 1746 1564 'Aise-

216 1576 422 1629 ανδρείας,
452 1570 563 1622 ὅπως
592 1573 809 1624 ἐξέλθωσιν
839 1575 883 1617 ἐκ
911 1579 983 1628 τῆς
1011 1571 1173 1624 πόλεως.
1229 1572 1434 1614 Adversus
1456 1588 1532 1624 eos,
1565 1574 1634 1628 qui
1655 1571 1746 1627 gla-

218 1631 327 1672 dium
349 1630 426 1671 sibi
450 1646 476 1671 a
501 1631 586 1670 Deo
607 1631 797 1672 traditum
822 1647 902 1672 non
929 1633 1126 1672 incutiunt
1157 1630 1371 1671 secundum
1399 1629 1638 1671 voluntatem
1668 1632 1749 1669 eius

217 1691 288 1746 qui
309 1687 490 1728 tradidit.
542 1687 640 1728 Item
662 1688 710 1729 de
729 1691 910 1745 episcopo
935 1691 1035 1761 Tyri
1057 1700 1092 1730 et
1114 1687 1162 1728 cle
1188 1686 1476 1729 Alexandrino
1502 1686 1748 1755 patriarcha,

218 1757 263 1787 ut
287 1746 391 1786 Urbe
411 1756 568 1786 exeant
597 1747 667 1787 fol·
689 1750 757 1790 63.
779 1748 825 1788 V.
875 1745 1036 1802 Νεαροὲ,
1068 1751 1164 1796 [seu
1183 1743 1268 1817 ***)
1288 1742 1448 1799 ζήτησις
1467 1749 1542 1787 τοῦ
1556 1760 1751 1816 πατριαρ-

219 1821 293 1859 χου
322 1807 451 1875 κυροῦ
475 1800 747 1855 Ἀθανασίου,
784 1804 855 1846 καὶ
888 1808 962 1857 τῆς
995 1803 1087 1860 περὶ
1124 1801 1244 1846 αὐτὸν
1276 1805 1385 1871 ἷερᾶς
1415 1800 1608 1854 συνόδου,
1648 1818 1750 1857 προς

220 1860 295 1904 τὸν
327 1858 611 1915 ευσεβέστατον
639 1865 767 1931 κῦρον
793 1859 1050 1936 Ἀνδρόνικον
1078 1859 1150 1904 τὸν
1181 1857 1480 1915 Παλαιολὸγον,
1509 1862 1602 1915 περί
1630 1875 1751 1902 τινων

221 1920 454 1972 κεφαλαίων
483 1921 689 1973 νομίμων,
718 1935 849 1962 τυπον
880 1919 1023 1973 ε’χουσα
1051 1922 1209 1974 νεαρᾶς,
1237 1916 1327 1971 ἥτις
1354 1917 1425 1959 καὶ
1453 1917 1644 1971 ἐστέρχθη
1666 1914 1754 1960 τότε

224 1993 335 2031 παρα
374 1979 450 2017 τοῦΙ
488 1974 615 2019 αυτοῦ
655 1973 935 2031 ευσεβεστατου
975 1976 1180 2031 βασιλέως.
1241 1974 1438 2024 Novella,
1482 1989 1553 2016 seu
1591 1973 1752 2015 Relatio

222 2032 478 2089 patriarchae
497 2034 618 2075 Dom.
640 2034 881 2086 Athanasii,
910 2044 946 2074 et
972 2044 1229 2090 congregatae
1253 2031 1362 2088 apud
1385 2049 1470 2073 eum
1492 2031 1663 2085 Synodi‚
1701 2030 1754 2071 αι]

227 2090 563 2144 religiosissimum
600 2093 870 2145 imperatorem
900 2091 1020 2132 Dom.
1050 2091 1332 2132 Andronicum
1361 2089 1672 2144 Palaeologurn‚·
1709 2088 1754 2129 de

227 2146 464 2203 quibusdam
494 2149 592 2188 iuris
629 2149 843 2203 capitibus,
891 2150 934 2189 in
962 2148 1124 2189 modum
1144 2146 1355 2198 Novellae,
1395 2162 1515 2203 quam
1543 2149 1754 2214 imperator

229 2203 502 2276 approbavit-]
536 2206 607 2248 fol.
631 2209 698 2249 69.
759 2205 873 2262 Προς
900 2223 971 2248 τον
1002 2203 1292 2261 αὐτοκράτορα,
1323 2206 1418 2259 περὶ
1445 2220 1518 2246 του
1549 2201 1754 2259 γεγονότος

232 2264 290 2310 εἰς
316 2258 389 2303 τὸν
418 2259 516 2303 λαον
545 2266 677 2333 λιμοῦ.
733 2263 795 2303 Βε
816 2264 942 2335 fame,
966 2279 1045 2319 qua
1063 2262 1234 2323 populus
1266 2261 1475 2303 laboravit.
1505 2261 1577 2301 fol.
1607 2266 1675 2306 72.
1705 2261 1754 2303 V.

233 2316 348 2374 Προς
375 2315 442 2360 τὸν
469 2316 613 2371 αυτὸν,
654 2320 747 2377 περὶ
774 2337 845 2363 του
877 2338 1003 2364 αυτου
1034 2322 1104 2363 καὶ
1133 2316 1275 2371 αὖθις,
1310 2319 1380 2361 καὶ
1409 2317 1464 2373 μὴ
1492 2314 1641 2360 πὼλεῖν
1669 2334 1754 2361 τινα

233 2382 345 2418 σῖτον
383 2374 483 2417 ι’ίνευ
521 2374 711 2430 εἰδήσεως
749 2379 819 2420 καὶ
854 2382 929 2421 τοῦ
964 2394 1222 2434 πατριαρχου.
1279 2377 1341 2416 De
1369 2374 1504 2416 eadem
1533 2393 1595 2427 re,
1636 2393 1687 2417 ac
1713 2390 1754 2416 ne

232 2435 361 2475 inscio
400 2434 633 2505 patriarcha
660 2434 912 2509 frumentum
942 2446 1088 2476 veneat.
1127 2436 1196 2475 sol.
1229 2434 1296 2478 74.
1374 2432 1483 2488 Πρὸς
1522 2432 1591 2475 τὸν
1631 2430 1754 2483 αυτὸν,

234 2508 326 2546 περι
354 2494 429 2533 τοῦ
458 2507 607 2542 αυτου,
636 2492 706 2534 καὶ
735 2491 790 2547 μή
819 2490 1111 2561 τιμιουλκεῖν*-
1152 2493 1214 2532 De
1233 2490 1367 2531 eadem
1381 2507 1449 2561 re,
1478 2501 1514 2531 et
1533 2507 1580 2531 ne
1596 2492 1754 2546 pretium

236 2564 378 2604 augere
399 2546 532 2593 liceat
560 2549 665 2591 lbid.
696 2551 766 2592 fol.
793 2552 841 2594 V.
899 2549 1068 2608 Γρᾶμμα
1104 2548 1202 2606 πρὸς
1236 2566 1308 2592 τον
1338 2524 1636 2605 αὕτοκρατορα,
1671 2545 1754 2602 περὶ

283 2660 324 2707 *J
346 2661 476 2698 Exstat
500 2661 620 2718 smiilis
643 2664 839 2709 argumenti
862 2665 1021 2714 Epistola
1042 2664 1101 2701 fol.
1124 2665 1183 2700 80
1204 2663 1250 2699 V.
1297 2672 1433 2699 noxvm.

235 2758 237 2762 f
284 2730 344 2776 **)
368 2731 526 2768 Pertinet
549 2715 595 2769 ad
617 2733 840 2770 residentiam
864 2735 1113 2781 episcoporum.
1160 2743 1296 2768 telvm.

286 2800 370 2846 ***)
394 2801 521 2837 Exstat
542 2803 629 2839 haec
650 2802 834 2851 inscriptio
856 2803 894 2839 in
903 2804 992 2840 Cod·
1002 2803 1092 2852 Reg.
1104 2803 1226 2840 25252.
1253 2801 1314 2838 fol.
1337 2802 1419 2839 270.
1439 2811 1509 2837 non
1530 2798 1648 2836 item‘
1637 2810 1672 2834 ιιι
1681 2796 1754 2835 'rel-

240 2847 568 2886 leriano.no1vm.
