1794 3172
263 120 396 174 1056
672 125 987 172 NICEPHORI
1015 125 1341 172 GREGORAE

40 252 80 288 A.
99 254 143 288 Μ.
163 240 363 298 6859μίαν
394 241 540 298 σαφῶς
569 235 750 293 ἀναιρεῖ,
791 234 910 280 καθὰ
941 236 1009 279 καὶ
1039 234 1231 294 ἀνωτέρω
1259 253 1340 281 που
1374 237 1636 294 δεδείχαμεν,·
1673 238 1741 281 καὶ

99 299 203 337 Ῑ““Ῑ·4
261 308 407 354 πάλιν·
444 309 523 362 »τί
549 306 607 350 ἔτι
630 303 827 349 σύνθεσιν
847 305 1034 355 δέδοικας
1061 306 1127 349 ἐπὶ
1161 311 1236 350 τοῦ
1266 309 1390 360 Θεοῦ,
1417 308 1487 350 καὶ
1513 310 1597 351 τῶν
1628 307 1741 365 ἐνερ-

260 384 377 438 γειῶν
405 377 609 421 ἀκτίστων
636 374 773 419 οὖσῶν
795 392 840 418 τε
861 376 928 418 καὶ
951 375 1202 432 λεγομένωνς
1237 380 1376 435 πολλῷ
1397 380 1558 431 μᾶλλον
1588 376 1738 430 δέδιθι,

260 449 321 505 μὴ
342 449 494 501 κτίσμα
514 441 689 502 ποιήσῃς
711 443 784 488 τὸν
806 443 927 499 Θεὸν,
960 444 1037 495 τὰς
1052 444 1181 488 αὐτοῦ
1201 444 1378 502 φυσικὰς
1397 446 1595 504 ἐνεργείας
1615 443 1743 502 ἡγού-

258 534 382 574 μενος
402 514 570 565 κτιστάς
579 548 593 568 ,
629 512 685 564 ὡς
700 511 930 571 διαφόρους
948 518 1023 570 τῆς
1043 513 1231 565 οὗσίας.”
1266 516 1334 558 καὶ
1353 512 1499 558 πάλιν·
1535 512 1670 571 ,,ἧμΐν
1691 517 1716 558 δ
1721 514 1734 531 ’
1748 524 1771 560 5

223 586 436 641 Βοῦδεμία
465 583 562 629 ποτ’
589 583 704 627 ἔσται
727 583 838 634 -λέξις
867 583 1094 641 ἀποχρῶσα
1125 585 1308 638 πείθειν,
1343 583 1419 635 τὰς
1449 584 1645 642 ἐνεργείας
1668 589 1742 628 τοῦ

262 657 381 700 θείου
405 651 656 708 πνεύματος,
694 650 787 703 ἃςὸ
818 650 1053 711 Προφήτης
1082 655 1376 711 κεφαλαιωδῶς
1405 652 1510 697 ἔπτὰ
1534 661 1740 711 προσεῖπε,

261 725 367 782 μετὰ
396 728 480 767 τῶν
510 720 747 779 κτισμάτων
776 719 952 767 τάττειν.
999 727 1084 766 τῶν
1116 723 1161 766 δὲ
1194 724 1323 767 θείων
1355 724 1424 766 καὶ
1456 727 1642 781 φυσικῶν
1667 727 1743 766 τοῦ

267 797 375 839 Θεοῦ
400 795 604 851 ἐνεργειῶν
630 793 707 847 μία
723 793 791 834 καὶ
809 789 836 848 ἡ
856 793 998 850 κρίσις.
1038 787 1110 850 ἆρ’
1136 787 1211 836 οὖν
1232 794 1300 835 καὶ
1327 791 1433 849 αὕτη
1462 797 1545 837 τῶν
1569 791 1745 848 κτισμά-

262 881 347 908 των
363 861 433 917 (ἐν,
463 862 579 906 καθὰ
600 861 792 919 Ἀβραὰμ
821 860 923 919 ἔφη·
963 859 1151 920 ὃκρίνων
1173 866 1311 906 πᾶσαν
1340 861 1417 918 τὴν
1438 866 1515 919 γῆν
1541 862 1590 906 οὗ
1621 860 1743 918 ποιή-
1756 866 1794 902 10

262 950 345 984 σεις
370 933 500 990 κρίσιν
513 932 559 987 ;”
596 933 663 974 καὶ
687 928 832 974 πάλιν·
862 935 985 985 ,,πῶς
1008 931 1083 975 οὐκ
1105 930 1297 982 ι’ίκτιστος
1315 929 1342 987 ἦ
1360 929 1498 989 χάρις,
1521 931 1582 974 δι’
1610 930 1662 988 ἣν
1676 932 1745 974 καὶ

263 1003 301 1046 οἳ
321 999 616 1058 μετεσχηκότες
646 1000 774 1056 αὐτῆς
796 998 967 1057 ἄναρχοι
989 1002 1055 1043 καὶ
1077 999 1261 1044 ἄκτιστοι
1290 1003 1358 1044 καὶ
1381 998 1641 1058 ἀτελεύτητοι
1673 1002 1744 1044 καὶ

160 1123 170 1131 ,Δ
222 1078 256 1114 Ε
270 1071 393 1115 ἀΐδιοι
406 1070 449 1127 ;’'
521 1068 609 1129 (ς’.)
642 1069 767 1124 Ἔμοῧ
792 1070 836 1111 δὲ
856 1071 924 1112 καὶ
944 1071 1108 1120 πλείους
1129 1074 1292 1114 πολλῶν
1314 1074 1398 1114 τῶν
1418 1068 1616 1114 τοιούτων
1643 1071 1746 1114 ἐκεί-

262 1158 336 1186 νου
357 1143 636 1198 βλασφημιῶν
655 1139 901 1195 παρενείρειν
920 1139 1164 1193 ἐθέλοντος,
1196 1139 1370 1194 ἀνέκοψε
1390 1140 1463 1183 τὸν
1484 1137 1606 1197 λόγον
1628 1138 1650 1183 ὅ
1672 1141 1745 1197 φί-

262 1214 358 1264 λος,
388 1211 456 1253 καὶ
473 1208 661 1266 μακροὺς
681 1212 755 1251 τοῦ
772 1211 964 1263 Παλαμᾶ
987 1210 1200 1265 διεξῆλθεν
1225 1210 1429 1259 ἐπαίνους.
1466 1208 1603 1252 ἔπειτα
1625 1213 1742 1266 πρῶ-
1758 1215 1794 1251 15

114 1285 159 1323 V.
175 1286 244 1323 536
267 1297 340 1324 τον
361 1279 436 1336 μὲν
458 1277 641 1329 κάκεῖνος
659 1278 861 1322 ἇκτίστων
882 1278 1086 1336 ἐνεργειῶν
1107 1276 1209 1321 εἶναι
1230 1282 1395 1334 πλῆθος
1415 1282 1562 1336 σαφῶς
1581 1276 1744 1333 ῶμολό-

263 1366 322 1407 γει
342 1366 384 1392 τε
411 1349 479 1391 καὶ
502 1345 662 1405 ἐπῄνει,
692 1351 766 1403 τῆς
796 1347 939 1397 οὐσίας
967 1344 1100 1404 πάντη
1124 1348 1406 1404 διωρισμένας,
1466 1345 1656 1405 δεύτερον
1676 1349 1702 1391 δ
1709 1347 1740 1401 ’,

184 1449 190 1455 »
226 1418 330 1463 Εὸτι
348 1421 507 1473 πνεῦμα
532 1413 646 1474 ἅγιόν
666 1433 708 1460 τε
731 1417 799 1458 καὶ
826 1415 1019 1460 οἴκτιστον
1048 1416 1123 1472 οὐχ
1142 1415 1186 1460 (ἐν
1205 1416 1335 1473 ἔλεγεν
1361 1415 1486 1470 εἶναι,
1516 1416 1608 1461 οὐδ’
1639 1415 1744 1460 ἑπτὰ

262 1486 391 1544 μόνον
428 1485 570 1546 (ὄποΐα
597 1487 665 1529 καὶ
694 1490 753 1544 τῷ
778 1488 953 1545 Χριστῷ
984 1489 1219 1544 προείρηκεν
1244 1484 1421 1537 Ἡσαΐας
1457 1484 1745 1530 ἐπαναπαύσε-

264 1556 389 1614 σθαι)
424 1556 522 1600 ἀλλ’
545 1553 893 1611 ἑβδομηκοντάκις
911 1553 1038 1610 ἔπτὰ,
1071 1557 1139 1598 καὶ
1164 1554 1242 1599 ὅσα
1261 1555 1364 1613 πρὸς
1391 1553 1553 1606 τούτοις
1573 1554 1740 1599 δύναιτο
1753 1562 1794 1597 20

264 1625 317 1670 ἅν
338 1643 407 1676 ,τις
434 1630 487 1684 τῇ
514 1626 676 1685 διανοίᾳ
708 1623 1023 1681 περιλαμβάνειν
1033 1658 1047 1678 ,
1090 1626 1158 1668 καὶ
1188 1622 1397 1682 ἀπειράκις
1425 1624 1597 1682 ἄπειρον
1632 1624 1741 1680 μεθ’

266 1690 323 1740 ὧν
342 1698 410 1740 καὶ
436 1695 513 1747 τὰς
540 1696 605 1738 ἐπὶ
635 1698 719 1740 τῶν
745 1686 988 1739 ἀποστόλων
1009 1695 1184 1753 πυρίνοις
1208 1695 1408 1753 φανείσας
1431 1692 1590 1740 δώδεκα
1608 1692 1744 1752 γλῶσ-

358 1808 415 1844 13.
438 1807 564 1855 πολλῷ
584 1807 673 1845 coni.
697 1808 807 1856 Capp.

267 1898 418 1934 nationis
445 1900 641 1944 mysterium
667 1900 847 1936 evidenter
873 1901 1027 1942 evertat,
1060 1902 1099 1935 ut
1125 1911 1230 1946 supra
1256 1911 1391 1946 quoque
1415 1897 1653 1934 ostendimus?
1694 1898 1745 1933 Et

267 1946 409 1980 iterum:
432 1946 540 1991 „quid
558 1948 670 1982 adhuc
686 1948 786 1982 times
805 1959 848 1981 ne
867 1946 1065 1991 compositio
1085 1948 1121 1981 in
1131 1948 1205 1982 Deo
1227 1947 1439 1988 admittatur,
1457 1946 1487 1980 si
1502 1945 1642 1981 divinae
1659 1956 1746 1991 ope-

267 1992 418 2027 rationes
436 1992 612 2028 increatae
634 1994 704 2029 sint
724 1999 761 2028 et
777 1993 964 2027 dicantur?
997 1993 1108 2028 Multo
1130 1993 1238 2038 magis
1255 1994 1357 2035 time,
1381 2004 1424 2027 ne
1449 1992 1562 2027 Deum
1583 1992 1620 2026 in
1644 2003 1746 2026 crea-

268 2041 422 2073 turarum
440 2050 580 2074 numero
609 2051 778 2087 reponas,
803 2040 882 2075 dum
907 2040 1081 2074 naturales
1100 2040 1174 2074 eius
1193 2040 1412 2085 operationes
1429 2043 1591 2084 tanquam
1616 2049 1638 2072 a
1661 2039 1747 2072 sub-

269 2085 399 2119 stantia
417 2085 607 2128 distinctas,
617 2090 753 2121 creatas
764 2098 839 2120 esse
858 2085 1077 2121 arbitraris.'’
1105 2087 1154 2121 Et
1170 2087 1317 2121 iterum:
1341 2085 1461 2129 „nulla
1479 2097 1629 2131 unquam
1646 2084 1747 2119 nobis

267 2131 491 2177 persuadebit
511 2133 645 2175 oratio,
668 2137 708 2167 ut
723 2132 833 2167 divini
848 2132 1002 2178 Spiritus
1029 2133 1249 2178 operationes
1262 2159 1272 2176 ‚
1296 2145 1383 2179 quas
1409 2132 1585 2177 Propheta
1612 2135 1746 2177 septem

268 2177 456 2212 summatim
474 2179 682 2223 appellavit,
707 2179 797 2213 inter
817 2186 951 2213 creatas
969 2191 1025 2213 res
1046 2179 1271 2215 collocemus:
1295 2181 1356 2214 sed
1377 2178 1570 2213 divinarum
1588 2181 1624 2212 et
1642 2182 1746 2211 natu-

268 2224 388 2258 ralium
404 2223 472 2258 Dei
491 2226 724 2270 operationum
744 2236 812 2259 una
829 2230 883 2260 est
902 2225 1012 2271 ipsum
1028 2225 1200 2260 iudicium.
1248 2227 1340 2261 Num
1362 2225 1469 2270 igitur
1487 2224 1555 2259 Dei
1581 2223 1746 2258 iudicium

271 2275 326 2304 est
344 2281 364 2304 e
381 2281 519 2305 numero
538 2283 649 2306 rerum
672 2276 862 2306 creatarum
875 2297 885 2314 ‚
909 2272 1190 2317 quemadmodum
1207 2271 1295 2307 dixit
1305 2272 1496 2306 Abraham:
1522 2269 1593 2311 Qui
1610 2269 1745 2304 iudicas

268 2327 400 2352 omnem
419 2321 566 2358 terram,
589 2329 654 2351 non
673 2318 781 2353 facies
798 2317 1021 2353 iudicium‘3”
1064 2319 1112 2353 Et
1127 2318 1271 2353 iterum:
1295 2316 1491 2363 „quomodo
1509 2316 1662 2351 increata
1678 2327 1746 2351 non

270 2368 364 2397 esset
381 2362 444 2397 illa
462 2363 597 2408 gratia,
622 2375 684 2409 per
699 2375 800 2410 quam
816 2364 873 2409 qui
891 2364 966 2400 eius
992 2364 1179 2410 participes
1198 2365 1282 2399 facti
1303 2369 1404 2405 sunt,
1430 2367 1593 2408 expertes
1614 2362 1746 2408 princi-

268 2408 339 2454 pii,
364 2408 529 2451 increati,
551 2409 756 2444 immortales
776 2414 812 2444 et
833 2411 966 2445 aeterni
990 2410 1196 2446 evadunt‘ff
1251 2411 1350 2455 (VI.)
1379 2410 1465 2444 Cum
1489 2413 1602 2444 autem
1627 2409 1744 2455 plures

269 2455 383 2490 adhuc
402 2467 422 2490 e
441 2455 554 2499 multis
570 2456 661 2490 illius
678 2456 899 2502 blasphemiis
914 2457 1120 2492 interserere
1138 2457 1260 2492 vellem
1273 2482 1284 2499 ,
1309 2457 1478 2491 dicentem
1504 2468 1556 2490 me
1577 2454 1746 2501 interpel-

269 2501 356 2536 lavit
384 2501 510 2536 amicus
535 2502 735 2546 Cabasilas,
768 2503 828 2548 qui
855 2515 995 2548 magnas
1023 2503 1183 2538 Palamae
1206 2503 1325 2538 laudes
1351 2502 1539 2538 recensuit.
1595 2501 1743 2543 Deinde,

269 2547 415 2593 primum
432 2548 568 2594 quidem
582 2548 810 2583 increatarum
824 2549 1071 2585 multitudinem
1089 2550 1324 2596 operationum
1343 2553 1466 2594 aperte
1483 2548 1659 2583 consessus
1677 2551 1744 2590 est,

271 2598 308 2628 et
326 2605 387 2629 eas
411 2606 432 2629 a
455 2595 648 2630 substantia
674 2595 806 2630 omnino
827 2596 1011 2631 distinctas
1036 2608 1113 2631 esse
1135 2596 1408 2631 assentiebatur:
1439 2594 1590 2630 secundo
1608 2606 1745 2629 assere·-

271 2640 348 2682 bat,
375 2646 529 2676 sanctum
556 2646 593 2676 et
614 2642 807 2676 increatum
830 2642 998 2687 Spiritum
1026 2654 1092 2677 non
1119 2655 1195 2677 esse
1222 2654 1347 2684 unum,
1371 2653 1482 2686 neque
1508 2645 1639 2686 septem
1667 2653 1744 2675 esse

270 2684 439 2722 duntaxat
455 2687 648 2722 huiusmodi
663 2688 815 2733 Spiritus
834 2689 973 2734 (quales
997 2701 1102 2734 super
1119 2688 1296 2724 Christum
1308 2689 1527 2733 requieturos
1545 2699 1622 2722 esse
1639 2698 1743 2733 prae—

271 2731 361 2768 dixit
381 2734 534 2779 Esaias)
559 2734 621 2769 sed
637 2734 835 2780 septuagies
855 2740 985 2780 septem
998 2761 1006 2775 ‚
1031 2739 1066 2769 et
1087 2738 1257 2780 quotquot
1282 2739 1423 2780 praeter
1443 2735 1506 2768 hos
1532 2733 1641 2779 possit
1667 2732 1745 2778 quis

270 2783 384 2813 mente
401 2780 699 2826 comprehendere,
711 2785 748 2815 et
758 2780 923 2816 infinities
936 2781 1106 2815 infinitos:
1131 2781 1253 2827 quibus
1266 2787 1302 2815 et
1316 2780 1587 2815 annumerandas
1598 2791 1674 2814 esse
1690 2779 1745 2813 di-

269 2824 370 2862 cebat
386 2825 508 2873 igneas
528 2827 707 2865 duodecim
723 2827 874 2874 linguas,
895 2839 985 2875 quae
1001 2839 1107 2875 super
1117 2827 1301 2875 Apostolos
1317 2831 1574 2875 apparuerunt,
1595 2826 1746 2872 itemque
