1794 3172
319 139 639 188 HISTORIAE
667 134 1048 187 BYZANTINAE
1073 132 1232 181 XVIII.
1251 139 1292 182 3.
1439 125 1537 176 881

160 251 211 313 γ’.
245 252 356 298 ’.Επεὶ
386 252 431 297 δ’
462 251 489 309 ἦ
517 249 758 310 παρασκευὴ
785 253 871 294 τῶν
901 248 1039 294 ὅπλων
1060 247 1190 304 μέγαν
1207 263 1254 291 τε
1274 243 1446 290 ἔσεσθαι
1467 245 1541 290 τὸν
1552 258 1591 292 Α.
1612 259 1651 292 c.
1670 257 1761 295 1351

59 322 242 379 πόλεμον
259 323 569 380 ἐπαγγέλλεται,
605 322 673 364 καὶ
695 321 737 371 ἔς
761 320 929 363 πλείονα
950 318 1221 375 διαρκέσοντα
1235 314 1412 374 χρόνον,
1441 306 1762 389 τοῦςωξέζέοὲὼ

60 394 108 438 δ’
137 394 351 446 ἐπαίνους,
380 391 408 448 ἢ
441 391 683 435 τούναντίον
698 423 712 444 ,
751 389 828 432 οὐκ
857 386 1064 445 ἀρχόμενα
1092 391 1325 444 καρποῦται
1350 385 1404 430 τὰ
1428 384 1538 443 πρά-
1562 398 1604 435 P,
1622 377 1694 436 554

6 520 8 523 v
60 476 222 520 γματα·
259 465 476 505 τελευτῶσι
500 459 543 503 δ’
574 460 616 510 ἐς
644 458 698 503 τὰ
722 456 906 513 μάλιστα
929 458 979 501 τὸ
1009 454 1161 514 κράτος
1188 456 1326 500 ἕπεται
1347 460 1424 512 τῆς
1449 457 1540 514 κρί-

31 537 194 585 5σεως,
230 532 327 589 φέρε
360 530 508 588 μικρὸν
535 527 768 583 ἐπισχόντες
796 529 982 571 ἐνταῦθα
1021 530 1097 570 τοῦ
1131 524 1255 583 λόγου
1283 525 1357 570 τὸν
1384 523 1542 583 δρόμον

60 602 134 658 ἐφ’
158 602 275 658 ἕτερα
294 600 525 657 τρέψωμεν,
558 596 620 649 οἷς
638 598 691 641 τὰ
707 596 891 653 μάλιστα
909 594 1328 654 παρηκολουθηκότες
1345 596 1387 646 ἒς
1407 596 1537 650 τέλος,

59 669 133 722 ξύν
156 687 200 727 γε
219 676 312 719 ταῖς
335 666 642 726 προσηκούσαις
671 668 952 720 ἐπιστασίαις,
987 666 1140 723 ἀκριβῆ
1162 665 1237 722 τὴν
1264 672 1408 722 πεῖραν
1429 663 1541 721 εἰλῆ-

60 757 222 798 φαμεν,
261 737 365 782 ὥστ’
398 737 501 794 ἔχειν
529 735 741 794 ὄψιγόνοις
769 736 938 794 ἀσφαλῆ
967 737 1034 778 καὶ
1056 736 1208 790 βέβαια
1229 735 1284 778 τὰ
1303 739 1378 791 τῆς
1398 733 1580 792 διηγή-Β

60 824 165 859 σεως
183 808 481 866 παραπέμπειν.
519 806 629 865 εἷ’περ
650 805 730 863 γάρ
753 823 794 849 τι
813 810 896 850 τῶν
917 804 1111 849 ἁπάντων
1136 804 1273 862 ἕτερον
1282 837 1297 857 ,
1329 806 1397 847 καὶ
1416 809 1542 848 τοῦτο

5 885 52 922 10
62 881 88 922 δ
95 879 109 894 ⁰
133 880 175 928 ἐς
195 877 248 921 τὰ
265 875 448 933 μάλιστα
467 875 633 920 πάντων
655 876 803 920 εἰδέναι
823 874 1021 931 τετύχηκέ
1038 892 1136 930 μοι,
1169 878 1246 930 τῆς
1261 878 1458 931 χρονικῆς
1478 873 1542 918 ἀεὶ

61 945 342 1003 διδασκούσης
370 964 423 1002 με
447 951 531 990 τῶν
556 947 599 989 ἓν
625 947 705 1005 βίῳ
729 943 922 1003 περιόδου
954 942 1235 1002 πραγμάτων,
1274 945 1544 999 πεπεισμένον

62 1016 151 1072 ἅμα
186 1018 254 1060 καὶ
288 1016 532 1073 δεδογμένον
564 1014 664 1059 εἶναι
697 1023 784 1065 τοῖς
808 1013 986 1068 ἅπασιν,
1026 1011 1423 1071 ἀληθείαςὲχεσθαι
1459 1015 1544 1056 δεῖν

60 1085 142 1144 πρό
174 1103 217 1143 γε
246 1083 413 1130 πάντων
441 1086 518 1142 τὴν
547 1085 758 1142 ἱστορίαν,
794 1081 1035 1141 ἡγεμονικόν
1066 1101 1107 1127 τι
1139 1081 1293 1140 κράτος
1324 1085 1541 1140 εἰληφυῖαν

61 1156 273 1213 ἀρχῆθεν,
309 1153 463 1198 ι’ἰπονον
484 1156 755 1198 διδασκαλίαν
778 1152 952 1211 ἀνοίγειν
974 1160 1062 1204 τοῖς
1086 1153 1149 1197 ἀεὶ
1170 1154 1354 1196 ἐπιοῦσιν
1383 1150 1582 1210 ἄνδρά-ο

5 1234 51 1271 15
62 1242 151 1279 σιν,
188 1223 324 1283 ὥσπερ
344 1225 388 1276 ἐξ
405 1223 647 1283 ἀρχετύπων
665 1228 750 1268 τῶν
771 1221 1046 1281 φθασάντων,
1083 1221 1138 1267 τά
1157 1222 1203 1265 τ’
1227 1222 1416 1280 ὠφέλιμα
1438 1239 1543 1279 καρ-

60 1299 251 1339 ποῦσθαι
278 1299 515 1352 περιφανῶς
547 1296 616 1338 καὶ
657 1292 736 1338 ὅσα
777 1293 1080 1352 φαυλιζομὲνας
1109 1290 1372 1350 ἐκληρώσατο
1412 1296 1544 1348 κῆρας

61 1366 130 1408 καὶ
158 1362 287 1420 τύχας
315 1361 511 1408 ἁπάντων
537 1363 768 1422 ὁλοσχερῶς
800 1362 1054 1419 ἀπέχεσθαι,
1094 1360 1156 1413 οἷς
1180 1361 1232 1405 ἂν
1255 1361 1360 1419 πρὸς
1381 1359 1541 1417 βουλή-

62 1451 166 1485 σεως
192 1429 219 1492 ᾖ
240 1435 344 1489 βίων
366 1434 576 1492 αἱρεῖσθαι
597 1433 695 1485 τοὺς
717 1434 949 1492 κρείττους·
987 1431 1088 1476 εἶναι
1106 1433 1152 1475 δὲ
1171 1431 1271 1482 τοὺς
1296 1436 1371 1487 τῆς
1395 1431 1541 1486 ἔκκλη-

62 1506 156 1555 σιάς
172 1507 379 1559 χειμῶνας
398 1505 466 1547 καὶ
482 1502 720 1557 κλύδωνας,
759 1499 877 1558 οὓςῆ
905 1505 990 1545 τῶν
1022 1499 1232 1559 ἀρχόντων
1259 1498 1444 1556 ἁπλότης
1471 1501 1541 1543 καὶ

4 1571 90 1629 2οῆ
119 1577 195 1616 τοῦ
224 1572 363 1630 ἄρχειν
391 1573 557 1629 ἀπειρία
585 1580 673 1624 τοῖς
703 1572 870 1621 ἀθλίοις
897 1570 1146 1628 προῦξὲνησε
1171 1568 1411 1625 Ῥωμαίοις,
1441 1571 1542 1620 ’ξυν-

62 1641 337 1698 απαχθέντων
355 1649 448 1693 ταῖς
468 1647 543 1686 τοῦ
557 1646 748 1697 Παλαμᾶ
768 1641 1058 1698 καινοφωνίαις
1075 1641 1144 1684 καὶ
1162 1638 1325 1694 ἀσεβέσι
1339 1636 1537 1695 δόγμασι·

63 1709 256 1769 καθάπερ
276 1710 330 1754 τὰ
349 1715 488 1770 κοῦφα
507 1716 591 1755 τῶν
612 1715 790 1765 σκευῶν,
827 1709 990 1754 ἐπειδὰν
1007 1710 1224 1765 ποταμίοις
1245 1707 1533 1764 ξυναπαχθέν-
1550 1719 1585 1756 n

63 1799 119 1826 τα
151 1780 315 1840 ῥοθίοις
343 1781 448 1839 πρὸς
473 1779 655 1838 ἀδήλους
682 1782 750 1824 καὶ
774 1777 1056 1838 ἀτεκμάρτους
1087 1777 1279 1835 ε’σχατιᾶς
1303 1777 1543 1835 καταφίρη-

63 1869 157 1907 ται,
182 1850 345 1910 ῥαχίαις
363 1853 430 1895 καὶ
448 1851 616 1911 πέτραις
634 1849 781 1895 ἄλλοτ’
804 1848 949 1901 ἄλλαις
969 1846 1212 1909 ῥηγνύμενα.
1247 1849 1339 1908 περὶ
1357 1841 1415 1892 ὧν
1437 1850 1542 1891 πολ-

153 2009 189 2045 3.
213 2006 319 2042 Nunc
344 2006 505 2054 qnoniam
532 2007 610 2054 ipse
643 2018 813 2043 armorum
840 2008 1032 2054 apparatus
1066 2004 1191 2040 bellum
1226 2003 1293 2040 hoc
1316 2013 1474 2049 magnum
1499 2013 1545 2037 ac

63 2053 260 2089 diuturnum
280 2054 357 2090 fore
382 2054 585 2100 pollicetur,
615 2055 749 2090 laudem
768 2065 853 2089 vero
877 2057 938 2089 aut
965 2052 1263 2099 reprehensionem
1287 2062 1355 2086 non
1381 2050 1544 2096 inceptae

62 2112 124 2136 res
141 2104 334 2142 merentum
356 2101 419 2136 sed
437 2113 605 2136 censurae
630 2101 817 2136 auctoritas
837 2104 908 2135 tum
925 2100 1057 2134 demum
1076 2099 1174 2133 firma
1202 2102 1280 2140 est,
1313 2108 1388 2132 cum
1411 2108 1468 2131 res
1494 2094 1541 2130 ad

63 2148 194 2183 exitum
228 2146 416 2193 perductae
440 2152 542 2191 sunt3
583 2159 673 2193 age,
705 2147 869 2182 orationis
896 2158 1052 2189 cursum,
1083 2146 1150 2180 hoc
1175 2144 1250 2180 loco
1274 2144 1453 2191 paulisper
1475 2143 1541 2178 ab·

63 2200 224 2240 ruptum,
259 2193 305 2229 ad
333 2194 418 2229 alias
443 2205 500 2228 res
525 2200 787 2235 convertamus3
819 2204 904 2239 quas
931 2193 1015 2239 quia
1035 2204 1097 2227 nos
1114 2191 1184 2238 ipsi
1201 2191 1237 2226 in
1255 2190 1374 2237 primis
1391 2201 1446 2231 ea,
1468 2199 1541 2235 qua

65 2252 130 2287 par
155 2246 251 2283 erat,
279 2240 461 2286 diligentia
480 2252 587 2287 usque
608 2239 785 2287 assequuti
808 2251 923 2275 sumus
945 2244 982 2274 et
1009 2243 1173 2274 accurata
1194 2237 1390 2284 cognitione
1416 2247 1541 2282 perce-

65 2288 198 2334 pimus,
229 2287 358 2322 idcirco
386 2299 503 2322 earum
529 2299 644 2322 veram
670 2300 711 2322 ac
739 2291 868 2322 certam
900 2286 1132 2322 narrationem
1166 2284 1268 2319 facile
1300 2283 1345 2318 ad
1379 2286 1544 2329 posteros

64 2335 346 2369 transmittemus.
378 2335 515 2369 Etenim
531 2334 559 2369 si
580 2334 675 2369 aliud
693 2333 889 2380 quidquam,
905 2333 990 2368 illud
1008 2332 1154 2367 omnium
1172 2331 1317 2366 maxime
1331 2329 1415 2370 scio,
1433 2333 1540 2373 atque

64 2381 142 2427 ipso
168 2381 441 2427 quotidianarum
457 2393 573 2416 rerum
594 2393 661 2416 usu
677 2382 820 2415 edoctus
841 2391 912 2414 sum
925 2405 938 2422 ,
968 2379 1019 2414 ita
1040 2390 1155 2414 omnes
1177 2377 1243 2412 sibi
1265 2376 1476 2423 persuadere
1500 2386 1545 2410 ac

66 2433 222 2463 statuere
235 2453 245 2469 ‚
270 2428 429 2463 veritatis
450 2428 661 2474 potissimam
677 2427 843 2462 rationem
862 2438 939 2461 esse
956 2426 1084 2461 debere
1101 2426 1136 2459 in
1154 2423 1334 2465 Historia3
1365 2432 1455 2467 quae
1471 2421 1541 2456 iam

65 2474 148 2508 inde
174 2474 366 2520 antiquitus
390 2476 499 2509 robur
532 2479 569 2509 et
604 2474 846 2509 auctoritatem
877 2478 980 2508 nacta
1010 2472 1135 2506 futuris
1169 2469 1315 2505 subinde
1349 2467 1541 2502 hominibus

65 2521 202 2555 facilem
220 2521 435 2567 disciplinam
449 2521 626 2568 proponit,
648 2526 687 2555 ut
703 2521 747 2555 ab
766 2519 824 2562 iis,
845 2519 904 2565 qui
919 2521 1195 2559 antecesserunt,
1217 2514 1325 2552 veluti
1337 2513 1541 2568 quibusdam

65 2568 278 2613 archetypis,
297 2568 399 2602 utilia
413 2573 633 2610 mutuentur3
658 2579 747 2613 quae
766 2570 880 2600 autem
896 2566 1036 2600 sinistra
1051 2571 1088 2600 et
1104 2563 1266 2605 infausta,
1285 2562 1330 2596 iis
1347 2572 1386 2594 se
1405 2570 1541 2594 omnmo

66 2614 282 2656 abstineant,
306 2614 338 2648 si
354 2615 462 2649 velint
479 2615 569 2650 bene
585 2626 628 2649 ac
646 2615 751 2649 beate
767 2613 901 2647 vivere.
944 2613 1034 2647 Sunt
1059 2615 1172 2647 autem
1197 2622 1260 2645 eae
1279 2619 1336 2642 res
1368 2605 1440 2650 (dc
1464 2606 1546 2652 qui-

66 2660 132 2694 bus
157 2660 324 2695 dicturum
350 2672 404 2696 me
428 2661 613 2708 profiteor)
645 2659 904 2695 ecclesiasticae
929 2662 1154 2704 tempestates
1174 2668 1216 2691 ac
1240 2652 1433 2707 procellae,
1456 2663 1546 2697 quas

66 2706 201 2741 miseris
217 2706 379 2742 Romanis
397 2707 546 2743 intulere
562 2707 739 2753 principes
759 2705 891 2740 incauti
907 2710 945 2740 et
960 2703 1152 2750 imperandi
1171 2702 1296 2742 rudes,
1318 2710 1418 2734 novis
1440 2698 1548 2734 Pala-

66 2764 143 2787 mae
161 2753 377 2799 opinionibus
394 2758 431 2789 et
448 2754 556 2800 impia
572 2754 731 2788 doctrina
749 2750 904 2797 abrepti3
928 2751 1075 2797 perinde
1093 2762 1135 2785 ac
1155 2760 1240 2784 vasa
1259 2745 1404 2782 levicula
1416 2770 1429 2787 ‚
1453 2755 1549 2790 quae

66 2798 238 2834 flumineis
263 2799 455 2835 vorticibus
472 2806 652 2846 correpta,
676 2806 714 2834 et
736 2799 781 2833 ad
804 2797 976 2844 quaslibet
996 2808 1077 2832 oras
1095 2801 1227 2831 temere
1250 2797 1288 2828 et
1312 2791 1456 2826 fortuito
1481 2790 1546 2825 de·-

68 2845 210 2888 voluta,
234 2845 334 2881 vadis
354 2852 392 2882 et
408 2847 553 2894 rupibus
570 2848 669 2883 modo
689 2846 744 2882 his
760 2844 860 2880 modo
876 2843 946 2879 illis
971 2844 1072 2879 allisa
1096 2843 1315 2887 franguntur.
1363 2837 1444 2881 Qua
1466 2836 1546 2884 qui-
