1794 3172
271 117 375 166 982
671 119 984 167 NICEPHORI
1011 118 1335 164 GREGORAE

52 242 89 274 A.
105 239 149 273 Μ.
167 238 259 277 6859
274 232 437 278 θέντων
453 232 522 276 καὶ
541 230 905 289 παραληφθέντων
928 229 1046 289 ἕτερα
1056 263 1070 284 ,
1103 227 1200 274 ἀλλ’
1222 228 1388 280 ἐκείνοις
1407 225 1550 286 μόνοις
1568 229 1751 286 ἐμμένειν

115 284 220 322 Ind'4
276 305 344 347 καὶ
363 303 541 360 στέργειν
561 301 633 345 τὸν
659 300 826 344 ἅπαντα
838 298 1016 359 χρόνον,
1052 297 1115 351 οἷς
1135 317 1178 343 τε
1202 298 1340 354 ἴμαθέ
1363 316 1426 350 τις
1447 301 1516 343 καὶ
1537 299 1752 357 ἔπιστώθη

121 379 169 415 V.
186 378 255 416 499
279 373 383 431 πρὸς
412 376 496 415 τῶν
524 371 807 414 ἀποστολικῶν
837 368 1020 414 κανόνων
1046 371 1115 413 καὶ
1143 373 1327 423 θεσμῶν.
1370 370 1439 412 καὶ
1467 370 1512 413 τί
1535 371 1600 413 δεΐ
1618 368 1749 413 ’πάντ’

271 444 401 486 ἐκεῖνα
421 442 546 498 λέγειν
569 439 677 484 καθ’
706 441 883 496 ξ’καστας
919 439 1033 484 ἴσασι
1051 439 1132 498 γὰρ
1151 437 1351 492 ἅπαντες,
1388 436 1534 483 ὁπόσοι
1550 443 1625 482 τοῦ
1644 437 1752 483 θεά-

273 529 375 569 τρου
397 508 609 567 γεγόνασιν
632 511 783 554 ἐκείνου
807 511 951 565 μεστοὶ
961 543 975 564 ,
1004 514 1094 560 πῶς
1115 509 1267 565 ἐκείνην
1297 507 1443 564 σχεδὸν
1464 506 1650 552 ἀνάλωσε
1675 509 1785 565 τὴν5

234 580 453 638 Οὴμέραν,
492 580 534 623 ἐν
561 577 764 636 ἁπλότητι
801 578 934 636 λόγων
961 578 1288 635 ὑποκαθημένην
1317 595 1362 621 τε
1391 579 1460 621 καὶ
1486 576 1755 636 ὖφέρπουσαν

275 651 396 695 οἱονεὶ
425 651 677 708 προλοχίζων
705 652 773 692 καὶ
799 648 1058 706 παραμιγνὺς
1079 650 1311 705 περίνοιαν,
1350 649 1419 690 καὶ
1448 647 1500 690 τὰ
1525 648 1601 703 μὲν
1626 649 1754 690 οῗκεΐα

273 721 448 778 ἐξαίρων
460 753 474 773 ,
518 723 601 763 τῶν
624 719 816 774 κειμένων
837 718 944 775 ὅρων
974 720 1105 775 δῆθεν
1130 715 1290 769 ἐξιόντα
1318 716 1506 773 οὐδαμῆ,
1539 721 1685 760 πασῶν
1709 717 1754 760 δὲ

275 792 344 833 καὶ
362 789 568 834 παντοίων
588 786 794 846 γεμούσας
813 786 994 832 ἐκτόπων
1013 789 1195 837 ἐπιεικῶς
1214 786 1457 844 ἀποφαίνων
1476 790 1755 844 βλασφημιῶν

273 859 352 910 τὰς
373 858 475 915 ἐμὰς
495 856 760 916 συγγραφάς·
799 856 855 908 ὥς
875 856 1011 901 πάνθ’
1038 855 1144 912 ὂμοῢ
1173 860 1372 914 λαμπρῶς
1398 857 1754 912 ἐκδημαγωγηθῆ-
1767 867 1794 902 1«

275 947 344 973 ναι
370 928 423 972 τὰ
450 926 617 984 πλήθη·
655 930 971 984 παροξυνθῆναι
993 926 1038 970 δ’
1065 925 1252 976 ἅπαντας
1281 924 1385 968 καθ’
1413 923 1556 981 ἡμῶν,
1597 924 1685 968 ὅσοι
1712 942 1756 968 τε

275 1003 360 1043 τῶν
384 997 642 1056 εὐπατριδῶν
661 999 730 1041 καὶ
752 996 840 1041 ὅσοι
859 1001 942 1041 τῶν
964 995 1100 1047 ἄλλως
1118 994 1306 1053 ἐχόντων.
1354 994 1450 1038 ἀλλ’
1483 993 1553 1051 ἄγε
1574 994 1626 1050 δὴ
1635 1027 1649 1048 ,
1681 1012 1756 1049 με-

169 1084 173 1087 ’
234 1064 599 1124 Βταπεμψάμενος
617 1065 775 1118 πάντας
797 1064 1085 1125 ἀγορανόμους
1108 1064 1213 1121 ὅμοῦ
1242 1066 1310 1108 καὶ
1330 1061 1590 1121 δημάρχους,
1623 1063 1757 1107 κέλευε

275 1139 496 1194 μαστιγίας
518 1138 694 1188 ἐκείνους
721 1135 906 1188 ἅπαντας
935 1136 1150 1187 ἀποδεῖξαι
1172 1135 1350 1190 ταχέως,
1386 1135 1453 1176 καὶ
1478 1138 1562 1177 τῶν
1582 1133 1756 1188 ἱματίων

275 1207 482 1265 γυμνοὺς,
517 1208 586 1249 καὶ
609 1205 698 1262 ἅμα
718 1204 870 1257 πάσαις
899 1207 967 1249 καὶ
994 1207 1280 1254 παντοδαπαῖς
1302 1201 1650 1260 ἐγκεκλεισμένους
1673 1203 1757 1260 εἲρ-
1771 1211 1794 1245 1.

277 1283 417 1331 κταῖς,
466 1274 556 1320 ὅσοι
584 1280 660 1320 τοῦ
690 1274 903 1334 σύρφακος
929 1275 1052 1330 ὄχλου
1085 1272 1276 1329 τυχόντες
1308 1272 1383 1316 οὐκ
1417 1273 1633 1315 αἰδοῦνται
1670 1279 1757 1322 τοῖς

277 1345 381 1404 ὖπὲρ
414 1343 589 1400 δύναμιν
617 1347 910 1403 ἐγχειροῦντες,
940 1346 1010 1387 ἵνα
1041 1340 1303 1401 μονότροπός
1334 1358 1397 1391 τις
1430 1339 1558 1384 ἅπασι
1593 1341 1759 1398 γένηται

280 1414 441 1474 φόβος·
479 1414 583 1458 ὥστε
611 1420 687 1471 τῆς
719 1415 916 1472 ἀγοραίου
941 1415 1010 1456 καὶ
1036 1417 1260 1470 θεατρικῆς
1287 1410 1524 1469 παῤῥησίας
1543 1410 1618 1467 τὴν
1639 1411 1758 1466 ταχί-

279 1503 382 1542 στην
403 1483 711 1540 ἀποσχομένους
740 1484 844 1542 πρὸς
873 1483 948 1539 τὴν
982 1481 1209 1540 ὡρισμένην
1237 1482 1410 1524 ἕκαστον
1431 1480 1665 1537 ἐπείγεσθαι
1683 1484 1759 1523 τοῦ

239 1558 274 1593 Ε
282 1557 377 1612 βίου
397 1554 589 1610 τελευτὴν
611 1552 777 1597 οὖτωσί.
815 1550 986 1596 κᾶπειτά
1008 1568 1074 1595 σοι
1094 1551 1334 1608 δεδογμένον
1360 1549 1479 1603 ἔστω,
1512 1552 1579 1592 καὶ
1598 1549 1794 1607 πράῳ-ἓ

280 1626 493 1682 γιαίτατον
525 1622 718 1668 ἁπάντων
739 1620 946 1679 μάλιστα,
984 1621 1196 1679 συνέδριον
1218 1619 1307 1676 ἅμα
1337 1624 1396 1679 τῷ
1425 1617 1659 1677 πατριάρχῃ
1681 1617 1758 1675 τή-

281 1712 409 1753 μερον
428 1691 593 1738 πάντων
614 1695 803 1737 ἐνταῦθα
823 1691 1016 1750 γενέσθαι
1035 1695 1119 1734 τῶν
1147 1688 1389 1734 ἐπισκόπων.
1438 1687 1566 1731 ἅπασι
1592 1688 1670 1746 γὰρ
1693 1689 1761 1731 ἐπὶ

283 1767 411 1821 ξυροῦ
433 1763 487 1807 τὰ
509 1767 584 1820 τῆς
601 1764 823 1819 καταδίκης
846 1762 989 1817 ἐπίσης
1008 1762 1198 1814 ἵσταται,
1226 1764 1552 1816 συλλειτουργοῖς
1570 1760 1637 1800 καὶ
1657 1754 1760 1812 ὁμό-

285 1849 437 1891 φροσιν
455 1831 607 1876 ἅπασιν
629 1828 743 1876 οὖσιν
761 1830 879 1887 ἡμῖν·
916 1833 983 1873 καὶ
997 1830 1080 1887 χρὴ
1102 1834 1226 1873 πᾶσιν
1250 1830 1391 1884 ἐπίσης
1412 1827 1638 1885 φροντίζειν
1654 1825 1758 1884 ὑπὲρ

287 1906 408 1960 σφῶν
432 1901 583 1946 αὐτῶν.
631 1903 666 1945 εἲ
688 1901 735 1945 δέ
753 1917 883 1954 τινες,
918 1899 1132 1954 εὐλαβείας
1159 1897 1387 1957 προφάσει,
1423 1901 1499 1952 τῆς
1517 1894 1635 1952 ἡμῶν
1655 1894 1794 1951 ὁμο-2

287 2011 333 2035 ea
352 1999 425 2034 sola
450 2002 620 2045 perpetuo
636 2000 905 2035 observarentur
921 2001 956 2032 et
976 1998 1271 2043 approbarentur,
1295 2006 1385 2042 quae
1402 1993 1549 2040 quisque
1565 1993 1760 2037 didicisset,

287 2049 325 2080 et
348 2057 494 2090 quorum
512 2047 615 2081 fidem
643 2058 685 2080 ex
708 2044 894 2080 canonibus
915 2048 951 2078 et
968 2044 1269 2078 constitutionibus
1288 2042 1528 2088 Apostolorum
1551 2041 1682 2076 firmam
1702 2052 1761 2074 ac-

287 2092 452 2138 cepisset.
501 2091 595 2133 Quid
616 2104 698 2127 vero
719 2102 861 2126 necesse
886 2095 940 2124 est
967 2091 1078 2124 omnia
1098 2096 1135 2125 et
1152 2090 1288 2136 singula
1309 2088 1520 2124 recensere?
1554 2087 1763 2132 Quicunque

287 2138 348 2173 illo
375 2139 572 2184 spectaculo
600 2151 638 2173 se
663 2139 908 2184 expleverunt,
931 2137 959 2171 ii
982 2137 1095 2171 sciunt
1115 2138 1284 2183 quomodo
1310 2136 1370 2170 ille
1393 2136 1484 2169 diem
1511 2134 1585 2169 fere
1605 2145 1764 2168 consum-

287 2185 419 2231 pserit3
443 2185 612 2219 occultam
639 2188 674 2220 et
701 2185 786 2220 clam
810 2184 1051 2229 subrepentem
1082 2184 1255 2219 solertiam
1281 2183 1318 2217 in
1348 2181 1570 2228 simplicitate
1600 2179 1764 2215 sermonis

288 2230 391 2278 quasi
403 2230 649 2266 insidiatricem
663 2231 832 2266 collocans
852 2235 888 2265 et
905 2230 1137 2272 interserens;
1162 2242 1203 2265 ac
1219 2242 1282 2265 sua
1294 2229 1430 2275 quidem
1447 2228 1564 2262 verbis
1581 2226 1763 2268 extollens,

287 2281 411 2323 utpote
438 2281 538 2312 extra
564 2278 769 2312 constitutos
786 2277 874 2311 fines
892 2288 1105 2323 nequaquam
1125 2283 1293 2322 evagata3
1315 2287 1392 2310 mea
1409 2278 1522 2308 autem
1539 2273 1670 2317 scripta
1685 2272 1764 2317 qui-

289 2324 442 2360 buslibet
462 2328 498 2358 et
513 2323 771 2372 cuiusquemodi
788 2323 945 2358 absurdis
965 2323 1183 2370 blasphemiis
1206 2324 1307 2369 plena
1325 2321 1445 2366 utique
1470 2320 1655 2354 affirmans.
1703 2318 1763 2352 Sic

290 2375 400 2407 totam
417 2369 670 2406 multitudinem
685 2370 787 2405 facile
804 2370 871 2404 sibi
897 2371 1129 2416 mancipavit3
1152 2374 1189 2404 et
1206 2379 1430 2415 quoscunque
1448 2365 1611 2411 patricios
1638 2377 1678 2399 ac
1708 2365 1765 2398 di-

288 2420 413 2453 versae
432 2416 635 2452 conditionis
654 2417 807 2452 homines
829 2417 865 2450 in
889 2429 950 2451 nos
982 2417 1144 2452 irritavit.
1191 2417 1346 2461 Agedum
1373 2412 1512 2448 Aediles
1533 2415 1569 2447 et
1588 2412 1764 2447 Tribunos

289 2463 403 2511 plebis
429 2474 544 2499 omnes
571 2474 726 2506 arcesse,
759 2467 829 2498 tum
855 2467 1025 2509 quotquot
1050 2464 1094 2498 de
1121 2463 1238 2497 infima
1265 2463 1368 2509 plebe
1384 2472 1452 2494 non
1468 2462 1633 2494 verentur
1657 2461 1763 2503 captu

291 2521 354 2545 suo
384 2510 511 2546 altiora
538 2510 727 2552 affectare,
759 2511 1004 2556 quamprimum
1029 2510 1181 2544 vestibus
1207 2514 1354 2551 exutos,
1386 2511 1422 2542 et
1453 2506 1607 2552 quolibet
1635 2504 1764 2551 passim

291 2568 433 2592 carcere
454 2556 624 2599 inclusos,
648 2557 851 2591 verberibus
869 2556 966 2591 caedi
982 2556 1074 2591 iube.
1120 2556 1176 2590 Ita
1197 2567 1312 2590 omnes
1330 2566 1416 2589 unus
1433 2558 1470 2588 et
1493 2552 1638 2598 simplex
1655 2556 1765 2585 metus

296 2603 495 2639 continebit.
542 2604 598 2639 Ita
617 2603 755 2650 publica
776 2607 812 2638 et
832 2609 955 2649 aperta
973 2602 1117 2638 audacia
1132 2602 1247 2637 statim
1267 2602 1413 2644 abiecta,
1437 2599 1652 2646 praescripta
1670 2596 1766 2642 quis-

297 2660 368 2695 que
386 2651 483 2686 vitae
501 2650 614 2686 munia
631 2649 786 2685 studebit
803 2650 957 2695 implere.
1005 2650 1140 2685 Deinde
1158 2649 1208 2683 sic
1226 2650 1381 2692 statusto,
1406 2651 1442 2682 et
1457 2650 1538 2680 ante
1552 2645 1662 2679 omnia
1680 2654 1767 2688 ope-

296 2707 370 2730 ram
390 2696 492 2740 dato,
514 2701 553 2732 ut
570 2708 684 2732 omnes
702 2696 805 2731 hodie
825 2696 976 2743 episcopi
997 2708 1072 2731 cum
1094 2695 1292 2741 patriarcha
1316 2696 1382 2731 huc
1403 2692 1619 2729 conveniant.
1664 2689 1767 2724 Peri-

298 2742 410 2778 culum
430 2745 560 2791 quippe
579 2744 721 2799 evidens
745 2747 782 2778 et
807 2754 970 2789 praesens
997 2743 1150 2778 omnibus
1177 2742 1307 2788 pariter
1337 2740 1530 2789 impendet,
1563 2749 1606 2772 ne
1639 2736 1767 2770 conde-

299 2794 477 2833 mnentur,
524 2791 659 2826 uoniam
677 2802 703 2824 11
723 2801 836 2825 omnes
855 2790 1029 2825 nobiscum
1052 2789 1185 2824 faciunt
1206 2793 1242 2823 et
1268 2790 1438 2824 sentiunt:
1471 2785 1626 2830 adeoque
1651 2793 1767 2817 omnes

298 2840 439 2883 oportet
457 2837 524 2873 sibi
539 2836 626 2886 ipsis
646 2836 782 2885 aequali
797 2836 1029 2873 sollicitudine
1045 2835 1234 2872 consulere.
1280 2836 1385 2880 Quod
1401 2835 1433 2871 ai
1453 2832 1515 2879 qui
1537 2842 1601 2879 per
1618 2829 1770 2877 speciem
