1794 3172
242 100 348 177 ’696
442 143 444 145 >
649 132 965 179 NICEPHORI
985 131 1312 176 GREGORAE

26 259 65 291 A.
84 257 129 291 M.
144 256 237 292 6852
249 245 377 302 εχείας
407 240 480 288 τόν
511 242 553 287 τ’
587 244 650 286 ἐπὶ
681 246 755 286 τοῦ
784 244 1023 285 πλινθωτοῦ
1041 238 1176 291 κιόνος
1197 240 1238 284 ἓν
1257 239 1454 301 ἀγγελικῷ
1471 243 1532 302 τῷ
1554 239 1736 299 σχήματι

70 304 139 339 In'd.
152 304 198 338 12
241 318 424 372 χαλκοῦν
458 311 683 370 ἀνδριάντα
731 314 798 355 καὶ
844 309 932 366 ἅμα
962 310 1034 353 τὸν
1064 315 1139 353 τοῦ
1180 310 1605 368 προβεβασιλευκότος
1636 317 1736 356 Πα-

189 374 191 378 ‚
246 381 463 440 λαιολόγου
498 387 551 440 τῇ
595 383 669 442 βίᾳ
708 380 1093 438 καταγωνισθέντας
1127 384 1186 438 τῷ
1226 381 1302 435 μὲν
1335 382 1399 423 ἐπὶ
1421 381 1616 444 ,θατέρου
1649 387 1734 425 τῶν

210 454 374 510 Β-ὤμων
397 453 609 495 κεκλίσθαι
630 451 706 507 τὴν
724 451 928 510 κεφαλὴν,
959 454 1019 509 τῷ
1041 450 1086 492 δὲ
1113 449 1193 507 πρὸ
1213 451 1355 493 ποδῶν
1374 450 1574 509 ἒῤῥίφθαι
1594 451 1667 495 τὸν
1693 453 1736 495 ἓν

241 530 380 581 χεροῖν
404 526 483 577 τῆς
502 519 656 571 πόλεως
679 517 966 577 σχηματισμόν
979 533 988 543 ·
1027 517 1083 569 ὥς
1104 522 1313 574 εἰκασμοῖς
1333 538 1438 564 τισιν
1458 522 1648 564 ἐντεῦθεν
1670 522 1771 564 ε’ν-5

244 594 361 642 ’νοίας
397 590 511 641 τινὰς
542 591 855 646 ἇναλεξαμένοις
887 591 1005 639 ἐνίοις
1039 587 1338 647 ἀποπεφάνθαι
1348 623 1361 644 ,
1399 590 1459 646 μὴ
1491 592 1548 641 εἷς
1568 591 1735 648 μακρὰν

245 666 320 718 τῆς
348 665 431 704 τῶν
450 659 753 717 Παλαιολόγων
773 660 1101 717 αὐτοκρατορίας
1121 658 1293 702 ἔσεσθαι
1318 659 1394 716 τὴν
1417 659 1731 718 καταστροφήν.

248 729 336 791 (Ε.)
373 729 492 774 Κᾶπὶ
512 728 675 781 τούτοις
693 730 741 773 τὸ
766 729 1058 787 προπεπονθὸς
1071 734 1146 785 τῆς
1165 727 1272 788 ἑῴας
1292 729 1447 785 ἀψίδος
1469 734 1545 803 Tg&
1561 735 1635 786 τῆς
1661 734 1736 774 τοῦ

244 804 350 845 θεοῦ
381 801 541 858 Σοφίας
572 799 650 843 νεα)
686 796 1043 854 καταπονούμενον
1071 795 1205 855 ἡσυχῆ
1233 797 1542 859 παρερρήγνυτο
1575 804 1738 856 μᾶλλον

212 869 337 924 cde),
377 871 446 912 καὶ
463 870 619 920 πολλὰς
639 870 793 913 ε’κεΐθεν
810 870 1009 927 ψηφίδων
1029 871 1098 912 καὶ
1119 870 1306 913 πλίνθων
1327 870 1582 928 κατέῤῥιπτε,
1617 870 1737 927 μέχρι
1750 882 1794 916 10

245 945 323 997 τῆς
355 943 582 990 παντελοῦς
610 937 827 990 πτώσεως·
874 941 964 996 περὶ
996 933 1047 995 ἧς
1067 937 1165 995 ἡμῖν
1187 939 1293 982 κατὰ
1309 937 1454 998 χώραν
1478 942 1610 983 ἰοῦσιν
1632 940 1740 983 ἀπο-

246 1007 441 1068 χρώντως
459 1009 670 1061 λελέξεται.
708 1013 782 1052 νῦν
802 1011 827 1052 δ
835 1009 848 1024 ²
871 1009 1122 1052 ἔπανακτὲον
1145 1009 1217 1053 τὸν
1247 1007 1370 1067 λόγον
1402 1011 1471 1052 καὶ
1505 1010 1733 1066 διηγητέον,

251 1078 331 1123 ὅσα
368 1080 408 1122 ἓν
437 1081 543 1139 τῷδε
576 1083 651 1122 τοῦ
677 1076 834 1138 χρόνου
867 1080 953 1140 ἰδία
988 1077 1287 1123 συνεπεπτώκει
1318 1079 1513 1137 γενέσθαι
1534 1087 1620 1131 τοῖς
1647 1082 1739 1123 Βυ-

252 1150 440 1202 ζαντίοις.

115 1225 162 1262 V.
174 1224 243 1262 353
356 1216 405 1275 γ’.
432 1218 539 1262 Ἐπεὶ
557 1218 635 1276 γὰρ
653 1216 893 1278 Ἀποκαύκῳ
916 1217 968 1262 τὰ
990 1217 1098 1262 κατὰ
1118 1215 1286 1276 γνώμην
1305 1218 1379 1262 οὒκ
1396 1217 1522 1263 εὔοδα
1543 1219 1651 1262 κατὰ
1664 1223 1739 1263 τοῦ
1753 1229 1794 1267 15

211 1271 245 1307 D
257 1288 460 1345 βασιλέως
479 1287 660 1344 ἐβάδιζεν
675 1302 685 1313 ·
723 1288 819 1332 ἀλλ’
845 1289 981 1348 ἐκείνῳ
998 1290 1076 1344 μὲν
1103 1289 1148 1332 ἐκ
1169 1293 1244 1332 τοῦ
1270 1293 1346 1346 τῆς
1371 1287 1640 1346 ἀπογνώσεως
1660 1294 1741 1342 βυ-

252 1363 339 1403 θοῦ
360 1360 499 1410 δεξιῶς
521 1358 732 1413 ἀνέβαινεν
756 1358 890 1417 ἠρέμα
915 1358 970 1402 τὰ
991 1356 1217 1417 πράγματα
1248 1361 1316 1402 καὶ
1338 1358 1616 1419 ἀνερρώννυτο
1638 1359 1743 1416 πρὸς

253 1428 301 1472 τὸ
332 1428 681 1486 εὐθαρσέστερον·
728 1427 865 1489 τούτῳ
898 1428 942 1472 δ’
981 1428 1075 1473 οῦτε
1101 1429 1156 1472 τὰ
1188 1429 1295 1472 κατὰ
1328 1428 1551 1473 θάλατταν
1574 1430 1743 1480 ἐλπίδας

253 1505 418 1556 παρεῖχε
445 1497 714 1557 θαρρούσας,
751 1498 845 1543 οὔτε
874 1505 961 1550 τοῖς
980 1499 1078 1543 κατ’
1111 1498 1280 1558 ἤπειρον
1299 1498 1430 1552 δεξιόν
1447 1517 1487 1543 τι
1508 1501 1742 1543 καθίστατο

255 1566 466 1623 σύμβολον
479 1582 489 1592 ·
513 1568 585 1626 ἐφ’
606 1567 749 1626 ἑτέρας
769 1569 957 1628 ἐτρέπετο
977 1568 1180 1626 μηχανάς.
1218 1569 1318 1627 ἔγνω
1336 1569 1416 1628 γὰρ
1435 1574 1794 1628 προβιβασμοΐςῇῃ

208 1642 381 1696 Εγερῶν
401 1639 470 1681 καὶ
487 1636 706 1696 προσόδων
725 1637 871 1698 πόροις
887 1637 1082 1683 ὖπελθεΐν
1102 1638 1175 1683 τόν
1201 1649 1257 1683 τε’
1276 1638 1534 1699 πατριάρχην
1555 1641 1623 1682 καὶ
1654 1638 1745 1695 ἅμα

249 1707 322 1751 τὸν
354 1711 396 1751 Γ
393 1712 557 1764 αβαλᾶν
587 1706 805 1766 Ἰωάννην·
849 1708 895 1760 ὃς
931 1707 1292 1766 γλωττοδαίδαλόν
1323 1727 1416 1753 τινα
1440 1710 1545 1768 πρὸς
1567 1714 1642 1765 τῆς
1661 1707 1745 1768 φύ-

121 1787 163 1824 P.
174 1785 356 1828 436σεως
375 1776 629 1834 κτησάμενος
654 1779 875 1835 εὐστομίαν
908 1778 1024 1835 μάλα
1055 1797 1119 1824 τοι
1149 1780 1331 1831 πιθανὸς
1358 1778 1487 1824 ἐδόκει
1508 1786 1595 1830 τοῖς
1617 1777 1746 1822 ἀκού-

256 1864 370 1901 ουσι,
406 1854 493 1899 τοῖς
519 1865 562 1892 τε
593 1848 733 1900 ἄλλοις
766 1851 836 1893 καὶ
866 1848 956 1894 ὅσοι
991 1850 1067 1907 τὴν
1095 1851 1306 1906 βασίλειον
1341 1847 1614 1908 συνεκρότουν
1645 1848 1747 1907 σύγ-

257 1959 334 2000 est,
366 1959 480 1993 statua
503 1970 608 1995 aerea
627 1960 783 2006 angelico
808 1961 950 2004 habitu,
982 1973 1047 1996 nec
1074 1972 1143 1996 non
1169 1961 1386 1996 simulacrum
1411 1961 1506 1996 illius
1531 1960 1746 2006 Palaeologi‚

260 2004 321 2050 qui
336 2005 519 2040 novissime
537 2006 786 2053 imperaverat,
811 2009 1000 2043 violentiae
1017 2008 1204 2051 cesserint,
1231 2014 1266 2043 et
1284 2009 1336 2043 illi
1355 2008 1491 2055 quidem
1514 2013 1622 2054 caput
1641 2009 1676 2043 in
1696 2009 1748 2043 al-

257 2055 370 2085 terum
384 2052 557 2087 humerum
576 2054 774 2089 inclinatum
792 2056 856 2098 sit3
882 2055 962 2090 huic
982 2059 1098 2090 autem
1117 2055 1162 2089 ad
1180 2055 1286 2102 pedes
1305 2055 1489 2102 provoluta
1509 2056 1556 2091 sit
1577 2067 1631 2098 ea,
1647 2067 1749 2101 quam

260 2098 411 2132 habebat
427 2099 463 2132 in
483 2100 647 2143 manibus,
668 2102 782 2147 figura
802 2103 910 2137 urbis.
945 2102 1111 2138 Nonnulli
1130 2102 1250 2148 itaque
1271 2103 1508 2138 coniectantes
1529 2108 1565 2137 et
1582 2102 1750 2149 quaedam

263 2144 346 2178 inde
373 2146 556 2190 praesagia
591 2148 767 2194 capientes
798 2161 867 2184 non
893 2150 997 2195 longo
1023 2154 1105 2196 post
1130 2161 1288 2184 eversum
1315 2150 1360 2184 iri
1385 2149 1506 2184 dixere
1524 2149 1750 2194 Palaeologo—

263 2202 339 2225 rum
362 2191 614 2237 imperatoriam
631 2196 882 2230 auctoritatem.
917 2197 1000 2242 (V.)
1025 2197 1079 2231 Ad
1096 2197 1183 2230 haec
1200 2209 1252 2240 ea,
1271 2208 1360 2243 quae
1378 2198 1423 2231 ad
1437 2197 1604 2232 orientem
1620 2196 1750 2242 vergit,

264 2237 385 2282 templi
412 2242 551 2273 sanctae
570 2241 723 2286 Sophiae
746 2244 903 2285 testudo,
937 2243 1099 2278 laborans
1127 2255 1168 2277 ea
1192 2248 1294 2290 parte
1319 2255 1387 2289 qua
1412 2244 1480 2278 iam
1503 2243 1631 2278 affecta
1661 2248 1751 2285 erat,

264 2284 430 2330 paulatim
451 2286 518 2320 iam
538 2288 645 2332 magis
664 2300 705 2323 ac
724 2290 833 2335 magis
856 2290 1064 2332 fatiscebat;
1088 2294 1192 2336 atque
1210 2291 1291 2325 inde
1310 2291 1434 2325 calculi
1451 2295 1487 2326 et
1503 2290 1661 2325 laterculi
1680 2291 1753 2324 fre-

265 2334 409 2377 quentes
429 2332 644 2376 decidebant,
670 2336 877 2380 quoadvtota
895 2337 1033 2372 tandem
1056 2338 1261 2384 procubuit:
1286 2349 1354 2383 qua
1377 2337 1420 2372 de
1438 2349 1479 2372 re
1500 2337 1593 2372 infra
1615 2336 1752 2371 abunde

265 2388 326 2412 suo
352 2377 428 2413 loco
453 2379 578 2414 dicturi
597 2393 722 2415 sumus.
768 2383 871 2418 Nunc
896 2389 1012 2419 autem
1039 2385 1234 2425 revocanda
1257 2384 1338 2419 inde
1361 2385 1494 2427 oratio,
1528 2389 1564 2419 et
1581 2382 1752 2430 quidquid

266 2435 332 2470 per
353 2424 440 2459 illud
463 2429 599 2472 tempus
622 2428 802 2473 Byzantiis
826 2431 969 2466 seorsim
993 2431 1183 2473 acciderit,
1207 2430 1424 2465 narrandum.

354 2472 390 2508 3.
415 2471 507 2514 Quia
530 2475 715 2520 Apocauco
739 2475 775 2509 in
792 2476 857 2518 iis,
885 2489 973 2523 quae
997 2479 1164 2513 adversus
1191 2479 1433 2524 imperatorem
1458 2477 1683 2519 moliebatur,
1709 2487 1753 2511 ex

263 2518 436 2553 sententia
460 2531 529 2554 non
552 2521 784 2564 succedebat,
819 2524 879 2557 sed
905 2525 1140 2559 Cantacuzeni
1167 2525 1304 2571 quidem
1330 2536 1387 2559 res
1414 2536 1458 2559 ex
1486 2524 1754 2570 profundissima

263 2563 508 2610 desperatione
538 2568 711 2602 commode
736 2571 958 2615 emergebant
980 2571 1143 2616 paulatim
1175 2576 1212 2606 et
1239 2571 1354 2607 auctis
1384 2571 1516 2606 viribus
1549 2571 1695 2606 animum
1719 2570 1754 2604 ei

263 2610 458 2654 addebant3
481 2612 534 2647 illi
553 2619 666 2649 autem
683 2626 794 2660 neque
812 2628 832 2650 a
850 2617 935 2651 mari
954 2629 1035 2663 spes
1052 2619 1123 2653 ulla
1145 2618 1230 2653 satis
1250 2618 1320 2653 fida
1341 2618 1542 2664 affulgebat,
1567 2630 1680 2663 neque
1696 2628 1755 2651 res

263 2669 286 2691 a
306 2662 403 2693 terra
428 2659 480 2694 ita
506 2671 544 2694 se
568 2661 762 2703 habebant,
799 2666 839 2696 ut
869 2675 911 2697 ex
938 2664 981 2698 iis
1004 2665 1130 2700 bonum
1157 2677 1255 2700 omen
1276 2677 1402 2711 capere
1428 2671 1566 2711 posset:
1601 2666 1646 2699 ad
1668 2664 1755 2699 alias

264 2705 536 2741 machinationes
559 2711 706 2742 mentem
731 2709 876 2754 appulit.
922 2709 1091 2746 Decrevit
1116 2713 1206 2747 enim
1230 2713 1395 2747 honorum
1425 2712 1693 2757 amplificatione
1721 2714 1758 2745 et

265 2751 391 2786 oblatis
411 2753 584 2788 reditibus
609 2754 857 2790 circumvenire
876 2758 1108 2801 patriarcham
1129 2759 1229 2793 simul
1250 2764 1286 2794 et
1303 2759 1462 2793 Ioannem
1479 2759 1672 2799 Gabalam3
1697 2757 1758 2802 qui

107 2804 201 2855 ὕ
265 2809 341 2853 cum
362 2810 384 2833 a
399 2803 524 2835 natura
543 2801 737 2847 accepisset
755 2803 975 2837 artificiosam
1001 2806 1170 2850 quandam
1189 2805 1327 2840 dicendi
1347 2805 1567 2848 facultatem,
1594 2805 1759 2850 eloquen-

265 2847 415 2880 tlssuuus
433 2846 616 2884 videbatur
637 2848 870 2895 audientibus,
896 2854 968 2886 tum
987 2852 1083 2895 aliis,
1107 2857 1179 2887 tum
1198 2852 1341 2888 maxime
1359 2853 1425 2895 iis,
1451 2852 1575 2899 quibus
1594 2850 1759 2899 principis
