1794 3172
246 122 347 170 758
572 190 575 194 Ἴ
661 126 977 196 NICEPHORI
1006 127 1334 172 GREGORAE

23 251 62 282 A.
82 248 125 280 M.
142 239 272 298 68543}
293 237 502 298 μάρτυρες
520 242 619 296 γοῦν
642 242 726 281 τῶν
747 237 970 294 γινομένων
989 255 1032 281 τε
1052 239 1119 280 καὶ
1143 235 1455 292 ἀποβαινόντων
1473 236 1548 284 εἷεν
1573 240 1737 285 αὖτοι’.”

69 292 200 366 1²¹*d'44
248 310 337 371 (E.)
369 304 544 359 Ἕκεΐνος
569 309 645 364 μὲν
673 303 745 351 οὖν
776 308 973 364 ἔρυθροΐς
1000 324 1044 350 τε
1060 309 1128 350 καὶ
1153 310 1427 366 οῗκειοχείροις
1447 312 1503 360 εἷς
1519 315 1652 366 μῆκος
1670 313 1737 354 ἔκ-

244 382 380 430 τείνας
411 377 625 436 γράμμασι
655 378 732 434 τὴν
763 376 982 433 ἐπιστολὴν
992 410 1006 430 ,
1045 379 1114 420 καὶ
1147 381 1280 436 πολλῇ
1310 383 1361 436 τῇ
1389 381 1478 437 περὶ
1499 381 1575 436 τὴν
1597 381 1737 437 δέησιν

246 450 565 508 σμικροπρεπειά
595 452 671 490 τοῦ
699 446 837 503 ἤθους
863 445 1150 504 χρησάμενος,
1187 449 1259 491 ἵνα
1290 453 1349 507 τῷ
1379 449 1494 508 ἄκρῳ
1512 455 1587 493 τοῦ
1605 451 1735 506 μέσου

224 518 372 577 1τύχῃ,
411 518 484 561 τὸν
513 516 635 574 λόγον
672 514 860 560 ἐνταῦθά
892 534 972 559 που
1011 517 1280 562 κατέπαυσεν,
1319 515 1436 574 ἡμεῖς
1464 520 1540 573 δὲ,
1582 521 1771 577 τᾶναγ-5

112 588 438 645 Ὗ.384καιότερα
463 591 539 642 τῆς
562 587 803 644 προθέσεως
822 587 978 630 ἐκεῖθεν
1000 585 1308 645 ἔρανισάμενοι,
1347 588 1424 645 τὴν
1443 588 1737 648 προσήκουσαν

246 659 477 713 ἒξεθέμεθα
499 655 679 713 δήλωσιν
701 658 911 700 ἐνταυθοῖ.

205 740 237 775 Β
351 726 404 771 δ’.
444 731 518 786 Τῷ
539 744 582 783 γε
601 726 685 782 μὴν
704 723 940 784 πατριάρχῃ
966 730 1101 770 ταῦτα
1125 725 1348 783 ἀκηκοότι,
1395 727 1471 784 οῧχ
1504 730 1595 772 οἵαν
1631 729 1738 772 κατὰ

241 803 327 843 τῶν
348 799 443 855 πρὶν
464 797 748 852 πεμπομένων,
777 794 976 852 τοιαύτην
997 797 1219 840 κάνταῦθα
1239 798 1316 855 τὴν
1336 798 1470 856 ὀφρὺν
1489 799 1736 851 ἐπεδείξατο·

245 868 342 913 ἀλλ’
374 869 417 918 ἐς
444 867 491 910 τὸ
514 867 849 925 σωφρονέστερον
878 866 957 923 τὴν
979 865 1167 910 διάθεσιν
1188 872 1263 923 τῆς
1291 873 1432 925 ψυχῆς
1452 867 1533 912 ὑπὸ
1554 874 1640 912 τῶν
1660 873 1735 912 τοῦ
1751 877 1794 911 10

239 937 396 996 χρόνου
424 935 619 993 κυμάτων
648 936 910 990 πεπεισμένος
940 937 1099 994 τρέπειν
1135 936 1274 981 τοιάδε
1305 938 1397 982 τινὰ
1428 938 1735 997 ἀπεφθέγξατο.

246 1007 338 1069 (Β.)
374 1006 678 1064 ,,Ἀμφοτέροις
691 1004 853 1065 (φησὶν)
867 1004 1034 1057 εἰκότως
1056 1007 1107 1050 ἄν
1125 1025 1186 1058 τις
1205 1007 1465 1065 ἐπιτιμήσειε,
1489 1012 1738 1053 Καντακου-

246 1081 352 1138 ζηνῷ
373 1095 416 1121 τε
438 1077 576 1132 κάμοὶ,
604 1076 878 1135 ἀνθρωπίνως
897 1078 1123 1120 διατεθεΐσι
1145 1078 1250 1135 πρὸς
1269 1079 1346 1135 τὴν
1367 1083 1585 1138 παροῦσαν
1606 1096 1739 1122 σπου-

205 1149 324 1205 Οδὴν
337 1181 351 1202 ,
388 1149 456 1190 καὶ
485 1147 613 1203 μηδὲν
641 1144 904 1204 ὑψηλότερον
926 1147 1078 1190 ἔννοεΐν
1105 1152 1401 1204 βουληθεῖσιν,
1439 1147 1495 1199 ὡς
1526 1151 1561 1192 εἴ
1582 1149 1641 1205 μὴ
1662 1148 1738 1192 κᾶν

244 1219 300 1263 τὰ
318 1222 394 1274 τῆς
412 1216 575 1261 ἄνωθεν
597 1215 946 1272 συνεπιλαμβάνοι
962 1219 1181 1274 προνοίας,
1204 1216 1384 1274 μάταιος
1403 1224 1519 1262 πᾶσα
1539 1217 1740 1270 καθάπαξ
1752 1224 1794 1261 15

244 1291 368 1333 εἷπεΐν
391 1292 474 1331 τῶν
497 1285 734 1345 ἀνθρώπων
753 1284 930 1343 σπουδή.
967 1287 1068 1331 ὅθεν
1090 1287 1193 1343 ὀψὲ,
1225 1289 1331 1344 μετὰ
1359 1289 1526 1346 μακρὰν
1548 1291 1615 1332 καὶ
1649 1291 1740 1346 δρι-

243 1358 427 1416 μυτέραν
445 1357 520 1413 τὴν
543 1364 686 1415 πεῖραν
700 1391 713 1411 ,
746 1357 793 1400 τὸ
815 1357 908 1400 δέον
928 1356 1160 1413 μανθάνειν
1179 1357 1414 1416 ἀρχόμεθα,
1450 1358 1517 1403 ὅτε
1539 1359 1741 1415 δυσχερὴς

243 1427 272 1485 ’ἦ
295 1433 378 1471 τῶν
399 1425 657 1486 σφαλμάτων
676 1429 760 1470 ἐστὶ
779 1425 1019 1485 διόρθωσις.
1057 1426 1078 1472 ὅ
1100 1429 1176 1484 μὲν
1194 1428 1273 1486 γὰρ
1294 1431 1350 1480 εἷς
1369 1429 1441 1473 τὸν
1452 1429 1627 1485 βασιλέα
1647 1432 1741 1472 Ma-

240 1498 351 1555 χαὴλ
370 1497 443 1541 τὸν
459 1496 749 1555 Παλαιολόγον
779 1497 855 1554 τὴν
886 1496 1053 1554 μνήμην
1081 1498 1302 1556 ἀνενεγκών
1333 1500 1551 1555 ἐμέμψατο
1586 1499 1662 1555 τὴν
1685 1501 1765 1549 εἷς’

243 1568 317 1612 τὸν
339 1572 414 1611 τοῦ
445 1565 765 1624 τελευτήσαντος
802 1568 1007 1623 βασιλέως
1036 1568 1129 1612 υἱὸν
1163 1569 1327 1613 ἀδικίαν
1353 1571 1422 1613 καὶ
1460 1570 1537 1626 τὴν
1559 1575 1633 1613 τοῦ
1653 1574 1734 1624 βα·-
1749 1583 1794 1617 20

203 1639 398 1685 Βσιλείου
423 1636 602 1697 κράτους
631 1638 878 1697 τυραννικὴν
898 1638 1120 1696 ἀντίληψιν
1136 1653 1145 1663 ·
1183 1641 1250 1683 καὶ
1269 1640 1434 1696 βέλτιον
1462 1639 1487 1695 ’ἢ
1514 1640 1608 1683 κατ’
1639 1641 1741 1682 ἐκεῖ-

243 1727 317 1752 νον
341 1710 399 1759 εἷς
417 1708 493 1765 τὴν
514 1706 712 1765 τοιαύτην
734 1710 801 1752 καὶ
822 1708 947 1759 αὐτὸς
967 1709 1214 1765 ἐληλυθέναι
1233 1711 1540 1766 βεβουλημένος
1560 1711 1742 1767 ἐγχείρη-

246 1796 337 1832 σιν,
385 1778 511 1829 αὐτὸς
539 1780 615 1834 μὲν
642 1777 837 1830 ὑπούλως
869 1780 935 1821 καὶ
974 1777 1081 1834 μετά
1107 1797 1230 1823 τινων
1273 1780 1498 1837 ἀπατηλῶν
1522 1782 1590 1822 καὶ
1620 1796 1742 1822 σεσο-

248 1848 454 1907 ςοισμένων
473 1846 746 1907 προφάσεων,
779 1849 826 1893 τὸ
846 1850 1055 1904 βασίλειον
1076 1847 1388 1908 περιζώσασθαι
1412 1848 1565 1909 κράτος
1586 1846 1742 1905 βεβού-

336 1937 371 1971 8.
396 1935 464 1970 Pro
490 1931 511 1972 ὅ
533 1948 573 1982 γε
595 1934 671 1983 μὴν
694 1951 802 1984 πατρ.
830 1951 863 1974 τ.
888 1934 1080 1984 α’κηκοώς,
1103 1942 1143 1973 ut
1167 1939 1331 1974 observat
1354 1938 1454 1974 Boiv.

248 2008 311 2040 aut
333 2005 453 2040 saltem
478 2018 594 2041 eorum
608 2033 617 2050 ,
645 2020 735 2054 quae
755 2013 922 2054 geruntur
950 2020 1109 2055 quaeque
1133 2008 1314 2051 accidunt,
1338 2008 1407 2054 ipsi
1426 2010 1535 2043 testes
1555 2005 1741 2044 existant.”

249 2052 334 2097 (V.)
358 2052 484 2086 Rubris
500 2053 559 2088 ille
580 2054 708 2089 litteris
731 2061 767 2090 et
786 2056 928 2101 propria
944 2068 1045 2090 manu
1064 2068 1139 2090 curn
1157 2057 1336 2101 epistolam
1357 2055 1490 2100 longius
1509 2054 1742 2100 produxisset,

249 2103 286 2133 et
303 2099 441 2133 multam
459 2099 494 2133 in
514 2101 740 2146 supplicando
757 2103 872 2148 pusilli
890 2103 992 2137 animi
1010 2103 1294 2148 significationem
1313 2102 1477 2144 dedisset,
1502 2107 1540 2135 ut
1554 2101 1664 2135 medio
1682 2112 1743 2134 ex-

248 2150 393 2180 tremum
411 2148 647 2192 responderet,
665 2149 852 2184 orationem
872 2150 921 2184 ibi
940 2151 1047 2185 ferme
1064 2151 1241 2185 conclusit.
1274 2151 1351 2185 Nos
1370 2161 1452 2184 vero
1473 2160 1562 2194 quae
1580 2148 1624 2182 ad
1642 2159 1744 2193 prae-

250 2204 329 2229 sens
351 2192 547 2228 institutum
567 2196 711 2230 maxime
730 2196 972 2242 pertinebant,
995 2197 1077 2231 inde
1095 2197 1343 2243 excerpsimus,
1366 2201 1403 2231 et
1421 2207 1538 2231 eorum
1556 2194 1744 2240 expositio-

248 2250 327 2274 nem
349 2239 416 2274 hoc
436 2241 534 2282 loco,
556 2241 608 2275 ita
627 2246 666 2276 ut
687 2244 894 2278 conveniens
916 2248 1012 2286 erat,
1036 2244 1216 2280 edidimus,

343 2285 379 2321 4.
404 2286 470 2321 His
497 2288 695 2332 patriarcha
720 2290 868 2333 auditis,
899 2303 966 2325 non
991 2292 1110 2326 eodem
1138 2292 1233 2326 fastu
1254 2291 1316 2325 has
1336 2290 1473 2324 litteras
1492 2287 1651 2334 excepit,
1676 2299 1743 2333 quo

249 2332 467 2379 superiore53
492 2334 553 2367 sed
575 2335 741 2370 suadente
760 2336 851 2371 illius
871 2338 1033 2383 temporis
1053 2337 1325 2384 perturbatione,
1349 2335 1452 2372 animi
1473 2335 1525 2369 sui
1540 2335 1743 2370 sententiam

251 2379 299 2414 ad
314 2380 486 2415 meliorem
503 2381 636 2425 frugem
658 2385 848 2426 revocavit,
868 2390 905 2418 et
921 2386 973 2419 sic
990 2386 1098 2419 ferme
1118 2385 1280 2431 loquutus
1298 2388 1362 2419 est.
1404 2382 1489 2428 (ΙΙ.)
1508 2380 1743 2425 ,‚Ambobus,”

250 2426 384 2472 inquit,
418 2427 574 2470 „merito
594 2428 763 2474 quispiam
789 2436 990 2466 succenseat
1014 2437 1050 2466 et
1071 2432 1315 2466 Cantacuzeno
1338 2436 1374 2465 et
1395 2429 1495 2471 mihi,
1521 2429 1580 2474 qui
1599 2441 1680 2470 nos,
1706 2430 1744 2462 ut

250 2473 432 2509 humanum
453 2478 551 2517 erat,
575 2475 612 2508 in
635 2477 807 2520 praesenti
827 2478 968 2523 negotio
995 2478 1180 2523 gessimus,
1205 2490 1246 2513 ac
1262 2490 1330 2512 non
1353 2476 1477 2512 altiora
1497 2476 1665 2521 quaedam
1684 2487 1743 2509 co—

250 2520 367 2565 gitare
387 2521 580 2563 voluimuS3
612 2521 748 2557 inanem
777 2523 942 2558 videlicet
971 2537 1049 2559 esse
1074 2537 1205 2560 omnem
1234 2525 1368 2559 omnino
1394 2522 1565 2558 homiuum
1595 2522 1744 2567 diligen-

249 2566 357 2610 tiam,
383 2568 449 2602 nisi
465 2573 501 2603 et
521 2568 681 2603 caelestis
704 2570 796 2603 adsit
809 2570 1049 2608 Providentia.
1088 2572 1193 2607 Unde
1213 2572 1265 2614 fit,
1284 2578 1323 2606 ut
1343 2582 1434 2612 sero,
1460 2574 1540 2615 post
1554 2569 1688 2614 longam
1709 2573 1745 2602 et

252 2615 412 2650 acerbam
425 2615 680 2660 experientiam
694 2641 704 2656 ,
727 2616 810 2662 quid
830 2618 994 2663 expediat
1014 2623 1085 2653 tum
1106 2619 1302 2665 intelligere
1327 2617 1549 2663 incipiamus,
1573 2628 1647 2650 cum
1670 2615 1744 2649 dif-

250 2660 344 2696 ficile
363 2665 420 2697 est
435 2662 562 2696 nostris
582 2663 710 2697 mederi
728 2663 867 2697 erratis.
914 2665 1054 2700 Etenim
1074 2666 1152 2708 hic,
1177 2678 1252 2700 cum
1271 2665 1315 2700 ad
1330 2665 1568 2711 imperatorem
1587 2662 1745 2697 Michae-

252 2707 318 2742 lem
335 2708 580 2754 Palaeologum
603 2709 749 2744 animum
768 2710 966 2753 retulisset,
991 2724 1086 2754 eum,
1110 2713 1203 2758 quod
1221 2711 1442 2759 imperatoris
1463 2709 1618 2744 defuncti
1639 2709 1746 2743 filium

250 2754 428 2791 affecisset
443 2755 590 2799 iniuria,
613 2768 656 2791 ac
676 2757 856 2803 tyrannice
875 2757 911 2790 in
933 2769 1091 2793 summam
1114 2765 1324 2805 potestatem
1342 2757 1547 2800 invasisset,
1572 2756 1748 2801 improba-

251 2800 321 2844 vit3
348 2806 384 2837 et
402 2803 579 2838 honestius
597 2815 698 2850 quam
716 2804 774 2838 ille
795 2803 916 2850 eadem
931 2806 1076 2849 aggredi
1092 2807 1225 2848 volens,
1243 2805 1311 2840 sibi
1328 2805 1464 2851 quidem
1485 2803 1629 2838 subdole
1643 2828 1653 2844 ,
1686 2813 1749 2836 ca-

249 2848 378 2894 ptiosis
387 2850 589 2898 quibusdam
599 2855 636 2887 et
651 2850 892 2887 commentitiis
911 2851 1102 2887 rationibus
1121 2853 1294 2900 allegatis,
1318 2850 1572 2900 imperatoriam
1592 2848 1747 2885 auctori-
