1794 3172
286 141 420 191 1012
665 149 981 196 NICEPHORI
1008 149 1335 197 GREGORAE

60 266 159 300 an.
174 264 269 303 6859
284 266 351 311 αῒς
374 258 478 311 ’τοὺς
506 257 803 314 κολαζομένους
830 256 1175 317 συγκρύπτοντες,
1214 257 1370 305 ἔλαθον
1390 259 1560 306 τᾶνόσια
1589 268 1759 323 λῃστρι-

122 309 229 349 hd'4
284 328 462 388 κῶτερον
490 328 518 385 ἢ
548 326 770 384 ἐβούλοντο
809 327 1039 388 δράσαντες
1074 327 1244 387 τρόπον.
1299 332 1458 389 τυφλὸν
1495 332 1575 390 γὰρ
1618 333 1759 388 θυμὸς

281 399 406 450 ἅπας.
455 396 507 441 ἂν
537 398 583 440 δὲ
607 399 676 441 καὶ
707 403 791 443 τῶν
821 398 1020 457 ἀγροίκων
1054 400 1123 442 καὶ
1154 398 1336 453 ἀμαθῶν
1367 399 1389 444 ὃ
1418 399 1684 458 θυμούμενος
1711 398 1754 462 ᾖ,

242 472 273 507 Β
280 469 414 525 βαβαὶ
432 466 538 511 καθ’
563 461 622 511 ὧν
645 465 846 526 ὁρμᾶται,
884 468 1037 526 φλογὸς
1052 466 1216 525 ἁπάσης
1240 467 1433 528 ὀξύτερον
1452 471 1690 527 κεχυμένος,
1728 471 1757 527 ’ἢ

280 538 334 582 τὰ
355 534 499 595 πρόσω
525 535 662 581 πάντα
692 535 972 596 σφοδρότερον
1007 539 1170 588 ἐλπίδος
1199 536 1363 596 ἁπάσης
1395 541 1658 598 ἐπινεμομένη
1688 542 1790 585 καὶ5

281 608 564 651 κατεσθίουσα
584 609 751 668 δαπανᾷ
771 609 837 650 καὶ
857 611 992 657 κακῶς
1013 608 1264 663 διατίθησιν.
1338 608 1457 669 (ΙΓ.)
1486 610 1652 653 Ἔπειτα
1674 614 1758 654 τῶν

279 678 389 733 ἐμῶν
406 680 557 734 χειρῶν
591 676 689 727 τοὺς
719 677 842 732 ἐμοὺς
871 677 1018 732 βιαίως
1043 675 1287 734 ἀφήρπαζον
1315 677 1536 735 μαθητὰς,
1575 680 1621 723 οἳ
1641 680 1760 737 μέχρι

281 748 425 796 τέλους
451 746 542 801 ἐμοὶ
560 748 884 803 παραμείναντες
904 744 1160 802 συνεμάχουν
1184 747 1227 790 ἐν
1246 750 1306 806 τῷ
1325 750 1480 808 σταδίῳ
1505 749 1655 808 ἐκείνῳ,
1691 750 1761 791 καὶ

242 823 369 867 exerc,-
388 814 539 867 ἄθλοις
555 819 639 859 τῶν
660 816 874 868 διαλέξεων
895 817 1055 860 ἐκείνων
1075 817 1410 873 συνηγωνίζοντο,
1446 815 1637 875 καθάπερ
1659 816 1761 861 σκύ-

281 892 402 936 λακες
431 885 597 942 εὐγενεῖς
605 918 619 939 ,
658 880 715 929 ὧν
744 886 792 930 τὸ
816 884 1034 929 ὑλακτικὸν
1059 886 1253 944 ἐγκαίρως
1271 885 1481 943 γινόμενον
1507 889 1573 930 καὶ
1593 886 1614 931 ὃ
1633 888 1760 944 μέγας
1773 898 1794 934 1’

281 955 423 1012 ὖμνῶν
443 953 750 1013 Χρυσόστομος
760 989 773 1009 ,
814 955 882 1000 διὰ
899 955 947 999 τὸ
967 959 1050 999 τῶν
1069 952 1182 1008 ζώων
1201 955 1381 1000 εὐνοϊκὸν
1391 989 1406 1011 ,
1445 958 1511 999 καὶ
1530 956 1632 1000 θεὸν
1653 957 1762 1000 ἀπο-

284 1026 480 1082 δέχεσθαι
513 1023 662 1087 φάσκει
693 1025 789 1076 τοὺς
812 1024 914 1083 ὑπὲρ
942 1029 1018 1081 τῆς
1048 1024 1255 1080 εὐσεβείας
1283 1024 1565 1077 ὗλακτοῦντας
1589 1024 1762 1084 ἀνθρώ-

131 1105 176 1141 V.
195 1105 266 1144 514
285 1111 389 1145 πους
408 1094 512 1138 καθ’
541 1093 767 1151 ὁμοιότητα
787 1099 870 1139 τῶν
892 1098 1037 1138 κυνῶν.
1085 1092 1246 1138 τούτων
1265 1096 1309 1138 δὲ
1326 1095 1424 1146 τοὺς
1450 1097 1525 1151 μὲν
1547 1097 1762 1152 δεσμωτη-

285 1166 388 1224 ριόις
419 1170 506 1214 τοῖς
526 1165 781 1222 πικροτέροις
813 1164 1114 1221 παρέπεμψαν·
1151 1171 1238 1215 τοῖς
1266 1165 1309 1207 δ’
1340 1165 1564 1221 ἠπείλησαν
1596 1165 1647 1208 τὰ
1678 1167 1762 1208 δει-

285 1233 466 1287 νότατα,
505 1236 539 1277 εἰ
558 1233 616 1290 μὴ
639 1234 715 1291 τὴν
735 1234 835 1291 ἐμὴν
857 1231 1017 1289 ὁμιλίαν
1042 1231 1201 1284 ἑκόντες
1229 1232 1493 1289 ἐξομόσαιντο
1524 1234 1671 1278 τέλεον.
1721 1234 1761 1277 οἱ
1775 1241 1791 1276 1

245 1305 368 1362 Βγὰρ
406 1303 593 1357 πλείους,
632 1302 687 1355 ὡς
715 1304 893 1361 εἴρηται,
940 1304 1145 1353 δείσαντες
1180 1304 1331 1354 ἐκείνας
1364 1303 1415 1346 αἳ
1447 1307 1499 1362 τῇ
1536 1305 1762 1364 προτεραίᾳ

288 1375 407 1432 σφίσι
436 1372 622 1424 κολάσεις
650 1373 911 1429 ἧπείληνται,
950 1371 1024 1428 τὴν
1057 1370 1158 1428 ἐμήν
1187 1389 1231 1415 τε
1261 1372 1485 1416 ἀπείπαντο
1519 1371 1762 1430 φθάσαντες

279 1443 571 1499 συνδιαίτησιν
607 1447 861 1500 παραχρῆμα
894 1443 963 1485 καὶ
1002 1440 1156 1500 ᾤχοντο
1195 1442 1486 1501 διασπαρέντες
1524 1442 1648 1493 ἄλλος
1684 1442 1776 1486 ἇλ-.

294 1516 393 1556 λοθι
421 1516 506 1556 τῶν
543 1516 618 1568 τῆς
647 1513 845 1570 ἀφανείας
876 1514 992 1566 μυχοῖ
996 1524 1039 1554 ν·
1083 1509 1149 1554 ὅτε
1179 1511 1339 1567 δηλαδὴ
1369 1513 1436 1554 καὶ
1470 1509 1491 1555 ὅ
1517 1516 1592 1567 τῆς
1619 1510 1760 1569 Τύρου

294 1583 542 1640 διαληφθεὶς
568 1583 809 1635 ἐπίσκοπος,
846 1578 902 1631 εἷς
921 1584 1004 1624 τῶν
1030 1585 1106 1635 τῆς
1129 1580 1361 1636 Ἀντιοχέων
1383 1582 1579 1638 ἐπαρχίας
1598 1579 1794 1624 {aconti-2

295 1669 384 1696 πων
405 1649 601 1708 ὑπάρχων
610 1684 625 1706 ,
661 1649 912 1709 ῗταμώτερον
932 1648 1025 1693 τότε
1053 1652 1243 1706 διωχθεὶς
1264 1651 1419 1694 ἐκεῖθεν
1451 1648 1528 1701 τοὶς
1556 1668 1600 1694 τε
1636 1649 1762 1694 συνό-

253 1723 396 1772 Εδους
431 1722 584 1773 ἐκείνας
625 1721 822 1766 ἀπείπατο
853 1724 929 1763 τοῦ
962 1723 1107 1763 λοιποῦ
1141 1721 1210 1763 καὶ
1239 1723 1291 1779 τῇ
1331 1721 1438 1782 οἰκία
1471 1721 1762 1776 συσπειραθεές

293 1790 367 1835 τὸν
391 1788 562 1848 ἡσύχιον
589 1793 657 1835 καὶ
685 1791 795 1838 ι’ίκων
827 1789 922 1849 ἤνυε
949 1790 1043 1846 βίον
1078 1790 1244 1834 ἐκεῖθεν.
1290 1787 1378 1834 εἶεν.
1450 1788 1569 1850 (ΙΔ.)
1596 1789 1759 1848 Ἔμοιγε

292 1979 379 2014 quos
402 1967 761 2013 animadvertebatur,
784 1980 849 2004 sua
864 1969 1014 2015 ipsorum
1042 1968 1163 2004 umbra
1185 1966 1377 2011 occultant,
1411 1968 1516 2014 atque
1536 1966 1587 2002 ita
1608 1978 1673 2013 per
1694 1965 1758 2001 im-

291 2015 527 2061 prudentiam,
559 2017 596 2051 in
626 2017 695 2051 illis
725 2017 911 2051 sceleribus
935 2015 1204 2057 committendis,
1237 2026 1363 2049 morem
1385 2014 1659 2049 latrocinantium
1681 2013 1760 2047 imi-

291 2066 413 2096 tantur
434 2063 542 2108 magis
565 2075 664 2109 quam
687 2063 807 2098 velint.
853 2061 996 2096 Scilicet
1018 2073 1124 2096 caeca
1146 2067 1200 2096 est
1222 2061 1396 2107 quaelibet
1416 2061 1605 2095 iracundia.
1653 2059 1758 2101 Quod

293 2107 326 2141 si
346 2107 378 2141 is
411 2108 472 2153 qui
497 2109 660 2144 irascitur
683 2108 831 2155 agrestis
863 2108 908 2142 sit
932 2113 1114 2154 praeterea
1137 2113 1174 2144 et
1202 2109 1386 2150 indoctus,
1419 2108 1484 2143 beu
1507 2107 1660 2142 infelices
1685 2119 1757 2148 eos,

293 2154 332 2188 in
353 2165 438 2199 quos
461 2155 589 2190 effusus
613 2155 703 2198 ruit,
737 2155 860 2200 quovis
890 2155 1044 2190 flammae
1065 2155 1194 2201 impetu
1215 2157 1424 2198 torrentior,
1457 2154 1547 2189 omni
1569 2166 1632 2199 spe
1655 2152 1758 2186 citius

293 2200 397 2235 obvia
430 2213 587 2247 quaeque
619 2202 833 2247 depascendo
867 2201 1130 2247 devorandoque
1171 2201 1380 2236 absumentis
1419 2212 1461 2236 ac
1498 2198 1757 2246 depopulantis!

295 2246 432 2292 (XIII.)
456 2248 590 2283 Deinde
611 2248 714 2282 iidem
737 2247 921 2294 discipulos
944 2260 1036 2282 meos
1060 2260 1124 2294 per
1146 2248 1214 2283 vim
1236 2261 1255 2282 e
1275 2248 1427 2283 manibus
1444 2247 1528 2282 meis
1545 2245 1758 2287 abstrahunt,

296 2292 359 2339 qui
381 2294 463 2328 mihi
485 2295 521 2329 in
553 2295 611 2329 illo
645 2294 755 2329 stadio
779 2295 824 2329 ad
848 2301 1032 2330 extremum
1055 2294 1142 2329 socii
1165 2295 1431 2340 defensoresque
1454 2293 1583 2328 assidui
1617 2293 1758 2326 fuerant

296 2350 341 2374 ac
363 2351 490 2375 mecum
513 2341 549 2375 in
580 2340 651 2375 illis
682 2341 881 2386 disputandi
915 2341 1156 2376 certaminibus
1180 2344 1497 2387 propugnaverant‚
1527 2339 1624 2374 velut
1648 2338 1756 2372 catuli

296 2386 476 2431 generosi3
499 2399 642 2434 quorum
665 2387 865 2431 animalium,
889 2394 927 2423 ut
945 2388 1227 2430 benevolentium,
1249 2390 1393 2422 latratus
1411 2392 1622 2433 opportunos
1640 2385 1757 2431 Chry-

297 2436 467 2468 sostomus
489 2445 631 2480 magnus
652 2434 704 2468 ita
726 2434 898 2477 celebrat,
933 2440 971 2470 ut
1001 2440 1037 2470 et
1070 2434 1220 2469 homines
1244 2445 1365 2468 canum
1388 2445 1482 2468 more
1505 2445 1566 2479 pro
1590 2431 1755 2476 religione

296 2478 467 2515 latrantes
487 2480 556 2527 ipsi
579 2480 653 2514 Deo
677 2487 838 2526 acceptos
863 2494 939 2516 esse
964 2482 1068 2516 dicat.
1118 2482 1250 2516 Horum
1278 2480 1365 2514 alios
1395 2480 1432 2514 in
1454 2479 1669 2514 saevissimas
1693 2490 1756 2512 cu-

287 2525 430 2564 stodias
450 2527 612 2569 tradunt3
642 2526 740 2569 aliis,
770 2527 838 2562 nisi
869 2529 958 2563 ultro
982 2539 1110 2563 omnem
1133 2538 1260 2562 mecum
1283 2527 1558 2562 consuetudinem
1580 2524 1756 2566 eiurarint‚

295 2577 450 2607 extrema
471 2573 681 2608 minitantur.
728 2576 778 2608 Ac
801 2574 867 2609 iam
890 2575 1065 2621 plerique,
1088 2577 1128 2608 ut
1150 2573 1275 2608 dictum
1299 2579 1372 2616 est,
1406 2573 1511 2609 veriti
1531 2584 1590 2608 eas
1614 2583 1754 2617 poenas,

296 2629 387 2664 quae
403 2619 586 2654 novissime
603 2619 688 2666 ipsis
705 2619 929 2656 denunciatae
951 2626 1067 2663 erant,
1092 2620 1206 2656 statim
1229 2620 1310 2654 mihi
1333 2620 1533 2655 societatem
1553 2618 1757 2654 renunciare

297 2670 564 2708 maturaverant,
588 2671 623 2701 et
645 2665 704 2701 alii
726 2667 794 2701 alio
819 2668 967 2714 dispersi
989 2668 1024 2702 in
1046 2667 1182 2713 ignotas
1205 2667 1356 2702 latebras
1371 2667 1523 2702 abditum
1541 2678 1579 2700 se
1599 2665 1756 2706 iverant3

294 2714 368 2745 tum
390 2724 466 2747 cum
496 2713 630 2747 scilicet
660 2717 698 2747 et
718 2713 794 2758 ipse
816 2726 915 2759 quem
938 2715 1084 2750 diximus
1107 2711 1198 2760 Tyri
1219 2713 1425 2760 episcopus,
1445 2724 1533 2748 unus
1558 2710 1756 2758 provinciae

295 2758 530 2794 Antiochense
551 2759 833 2804 suffragantium,
855 2761 1055 2796 insolentius
1077 2760 1157 2795 inde
1180 2760 1363 2807 expulsum,
1395 2765 1433 2795 et
1453 2759 1522 2794 illis
1544 2758 1696 2794 conciliis
1719 2757 1756 2792 iu

297 2809 473 2849 posterum
496 2805 681 2848 valedixit,
715 2810 751 2839 et
773 2807 863 2841 domi
889 2808 1038 2843 clausum
1061 2819 1101 2842 se
1122 2807 1298 2843 involvens
1321 2807 1426 2842 vitam
1447 2806 1519 2841 illic
1540 2804 1756 2850 tranquillam

295 2854 335 2886 et
355 2850 543 2888 solitariam
564 2852 621 2888 vel
642 2851 772 2888 invitus
795 2853 955 2901 deinceps
978 2866 1085 2901 agero
1106 2853 1266 2891 instituit.
1311 2853 1385 2890 Sed
1408 2853 1453 2890 do
1473 2852 1526 2888 his
1545 2852 1681 2900 quidem
1700 2861 1758 2886 sa-
