1754 3164
554 163 1033 212 ANNOTATIONES.
1420 161 1444 207 1
1455 160 1551 209 193

15 287 102 313 rum
131 281 168 312 et
195 287 327 313 eorum
357 273 589 312 oeconomia
617 282 654 312 et
693 270 965 312 ecclesiastica
992 268 1172 310 absentia
1198 270 1258 310 sic
1285 271 1444 324 scripsit
1452 288 1468 314 .-
1485 270 1554 316 „Si

14 344 145 369 verum
185 339 262 380 est,
307 331 458 384 inquit,
502 327 612 384 quod
653 327 737 369 dici
774 327 894 380 solet,
934 329 1006 383 qui
1035 343 1191 381 gregem
1223 338 1383 381 pastore
1406 330 1552 382 privat,

14 387 170 441 utrique
202 385 423 440 periculum
461 402 612 436 creare,
657 385 840 440 profecto
875 400 997 439 grave
1026 383 1262 438 supplicium
1292 396 1421 425 manet
1449 401 1549 437 eum,

14 445 84 498 qui
108 454 306 497 pastorem
337 453 444 483 arcet
475 442 525 482 ab
556 442 673 493 ovili,
711 442 895 498 debetque
931 444 1000 497 qui
1035 451 1177 495 pastor
1211 451 1294 492 est,
1341 459 1461 497 usque
1497 442 1554 482 ad

13 502 243 553 sanguinem
270 515 345 554 pro
371 516 489 553 grege
519 515 596 539 non
628 498 930 554 derelinquendo
960 498 1114 539 labores
1138 499 1328 554 perferre,
1358 502 1436 539 nisi
1463 515 1553 539 cum

15 571 114 611 opus
130 555 264 613 fuerit
295 560 334 596 in
367 555 530 612 &nodo
561 556 727 611 singulis
757 558 872 596 annis
901 555 958 595 ad
984 554 1178 610 agendum
1207 554 1255 595 cle
1284 555 1395 595 rebus
1427 572 1555 597 neces-

14 615 133 653 sariis
169 613 372 667 paulisper
407 613 560 659 abesse,
608 613 749 668 quibus
787 612 983 654 conclusis
1021 611 1194 654 celeriter
1222 611 1285 652 illi
1315 612 1553 654 redeundum

14 672 88 720 sit,
120 671 155 708 si
184 669 308 710 credit
343 687 385 710 se
420 670 664 709 redditurum
693 672 883 710 rationem
919 686 1070 710 summo
1107 671 1262 723 pastori
1295 668 1472 719 Christo,
1516 680 1554 710 et

15 728 51 766 si
85 725 227 780 dignus
260 737 316 766 est
345 727 502 766 nomine
526 728 720 781 pastoris,
760 729 837 766 nisi
860 726 979 784 forte
1008 729 1124 767 etiam
1152 736 1313 781 propter
1341 731 1555 768 necessita·-

15 793 91 823 tem
123 782 179 822 acl
206 783 413 824 utilitatem
445 786 668 823 animarum
702 786 954 838 pertinentem
980 783 1031 824 ab
1063 785 1296 838 imperatore
1324 795 1392 824 aut
1415 799 1440 823 a
1469 800 1555 839 pa-

14 839 194 880 triarcha
223 843 358 880 statim
392 839 588 880 rediturus
617 852 787 881 vocetur.
832 840 1078 881 Huiusmodi
1105 856 1249 880 causas
1280 843 1556 882 oeconomicus

15 907 52 937 et
90 897 380 938 ecclesiasticas
409 897 534 938 brevis
571 898 773 937 absentiae
807 909 1014 952 pastorum
1052 897 1105 938 ab
1134 897 1308 939 ecclesiis
1335 901 1417 938 suis
1445 897 1556 939 didi-

17 964 125 995 cerat
155 957 215 994 vir
247 965 409 995 sanctus
435 957 478 995 in
508 955 725 1008 Scripturis
762 965 798 994 et
825 965 1051 995 sanctorum
1081 953 1245 994 Patr-um
1282 955 1556 996 sanctionibus

16 1009 191 1051 eruditus
228 1012 499 1059 Athanasius,
550 1013 619 1067 qui
658 1010 954 1052 commendatas
990 1011 1175 1052 ecclesias
1207 1027 1279 1052 suo
1306 1014 1424 1052 etiam
1455 1023 1557 1053 tem-

14 1083 111 1124 pore
141 1071 271 1108 novit.-
305 1067 353 1108 cle
382 1069 524 1125 quibus
553 1068 609 1107 acl
635 1071 856 1123 episcopum
885 1069 1095 1122 Apameae
1122 1068 1318 1120 scribens,
1348 1069 1421 1108 Ad
1442 1068 1555 1125 quid,

16 1127 170 1180 inquit,
210 1142 360 1166 necesse
389 1137 444 1166 est
473 1124 529 1164 ad
562 1141 674 1165 suam
710 1141 899 1180 quemque
936 1125 1147 1167 dioecesem
1177 1127 1233 1164 ire
1259 1128 1463 1181 propriam
1493 1124 1559 1167 vel

17 1182 359 1234 commendatam,
387 1184 466 1223 nisi
485 1193 527 1222 ut
558 1182 673 1236 lupos
700 1181 793 1221 inde
821 1181 1024 1224 arceatis?
1061 1181 1181 1235 Quod
1206 1184 1241 1222 si
1257 1183 1456 1239 fortassis
1477 1183 1555 1225 Izuc

17 1254 86 1280 vos
120 1239 183 1294 (id
212 1251 268 1280 est
300 1237 702 1295 Constantinopolim)
733 1241 874 1279 incitat
903 1250 939 1278 et
969 1239 1090 1279 trahit
1122 1250 1203 1278 tum
1233 1239 1407 1280 studium
1437 1251 1556 1296 atque

19 1295 251 1336 desiderium
282 1296 513 1338 consulendi
535 1296 746 1337 multorum
775 1295 915 1347 saluti,
948 1295 1067 1352 idque
1085 1296 1195 1337 vobis
1210 1299 1456 1352 propositum
1479 1305 1552 1348 est,

18 1364 101 1394 tum
129 1355 295 1395 scientia
328 1365 410 1394 tam
441 1353 592 1404 multa,
635 1364 677 1393 ut
706 1369 759 1393 ex
787 1354 864 1393 hac
893 1353 986 1393 urbe
1011 1355 1172 1408 possitis
1201 1355 1318 1394 etiam
1352 1371 1452 1409 quae
1478 1370 1555 1395 ex-

18 1422 82 1452 tra
105 1413 208 1466 fines
245 1422 461 1452 vestrarum
502 1410 725 1451 dioeceseon
752 1412 885 1465 posita
912 1421 1002 1449 sunt
1029 1410 1273 1464 gubernare,·
1307 1411 1363 1450 acl
1399 1413 1556 1452 exstin-

15 1467 213 1523 guendam
244 1470 352 1509 sitim
381 1470 499 1509 istam
530 1469 718 1522 istiusque
743 1466 867 1507 studii
896 1469 1012 1507 vestri
1045 1466 1249 1517 ardorem,
1279 1470 1410 1507 veniat
1442 1468 1556 1508 vobis

18 1528 60 1566 in
83 1536 245 1565 mentem
269 1525 392 1574 illius,
427 1527 492 1565 cui
514 1523 689 1579 plurima
721 1534 949 1564 sanctarum
979 1523 1198 1564 litterarum
1228 1526 1393 1564 scientia
1425 1525 1554 1565 Theo-

18 1583 104 1637 logi
141 1593 438 1636 cognomentum
473 1580 601 1630 dedit,
645 1579 830 1635 illiusque
865 1596 1013 1635 parvae
1043 1580 1286 1621 Sasimorum
1323 1580 1552 1632 dioeceseos,

17 1643 78 1681 ita
107 1650 150 1679 ut
178 1639 241 1679 vel
264 1649 426 1693 propter
453 1636 730 1694 excellentiam
760 1637 870 1677 illius
898 1636 1219 1678 excellentissimi
1247 1640 1343 1689 viri,
1371 1637 1436 1678 vel
1458 1654 1552 1693 pro-

14 1707 104 1752 pter
129 1695 408 1751 aequalitatem
451 1695 636 1745 honoris,
670 1710 748 1750 quo
778 1696 951 1735 contenti
978 1711 1056 1735 esse
1089 1693 1255 1743 debetis,
1297 1697 1460 1750 quisque
1490 1710 1554 1735 ve-

17 1764 142 1794 strum
171 1755 279 1793 intra.
307 1768 399 1793 suos
426 1769 466 1793 se
480 1754 589 1807 fines
619 1754 827 1792 contineat.
881 1751 1143 1805 Quamobrem
1170 1753 1381 1802 existima,
1400 1752 1552 1808 frater,

19 1810 152 1851 deberi
181 1826 207 1850 a
237 1821 274 1850 te
305 1810 380 1850 hoc
409 1826 529 1865 usque
563 1808 619 1848 ad
655 1811 907 1864 sanguinem,
955 1818 999 1848 ut
1035 1825 1123 1849 cum
1162 1808 1298 1849 ovibus
1332 1811 1410 1849 tuis
1434 1811 1490 1849 sis
1515 1819 1553 1848 et

17 1870 147 1913 vivas.
204 1866 256 1908 Et
287 1883 389 1923 quae
415 1877 628 1922 sequuntur
657 1865 788 1905 divine
825 1866 959 1906 omnia
995 1867 1169 1918 scripta,
1201 1876 1237 1905 et
1266 1865 1322 1904 acl
1351 1865 1407 1913 id,
1437 1863 1547 1920 quod

19 1924 134 1965 nobis
161 1926 314 1979 agitur,
345 1934 381 1964 et
404 1922 464 1964 'ad
494 1922 552 1975 id,
583 1922 691 1978 quod
708 1922 865 1964 Romae
879 1923 979 1977 fieri
1004 1921 1190 1974 videmus,
1222 1921 1455 1963 mirabiliter
1483 1938 1552 1963 ac-

21 1982 317 2024 commodata.“
356 1982 467 2021 Idem
483 1983 703 2021 Turrianus
725 1982 767 2020 in
788 1981 928 2021 eodem
943 1980 1071 2019 libro:
1101 1981 1283 2031 „Tamen
1313 1978 1552 2034 respondebo

20 2038 129 2096 quod
156 2038 407 2080 Athanasius
432 2038 666 2093 patriarcha
688 2036 1167 2091 Constantinopolitanus‚
1201 2053 1313 2092 quem
1335 2051 1456 2091 supra
1481 2038 1551 2077 ite·

21 2113 107 2137 rum
134 2097 316 2145 memini,
355 2097 548 2150 episcopis
577 2094 634 2135 ad
662 2111 755 2134 suas
784 2093 975 2134 dioeceses
1006 2093 1343 2148 proficiscentibus
1368 2095 1552 2149 scripsit:

22 2153 70 2194 Si
95 2152 196 2193 mali
229 2163 410 2207 pastores
436 2162 581 2202 essent,
614 2162 657 2191 ut
686 2153 947 2191 meminissent
976 2167 1055 2192 non
1082 2153 1162 2191 iam
1191 2149 1307 2192 licere
1331 2150 1410 2191 sibi
1436 2166 1553 2205 prae·

20 2210 193 2251 sentibus
223 2226 379 2249 munere
406 2207 606 2263 pastorali
629 2208 781 2266 fungi;
823 2207 868 2247 id
904 2210 1004 2248 enim
1034 2224 1207 2248 summae
1239 2224 1318 2248 esse
1343 2209 1552 2248 irreveren-

20 2269 119 2317 tiae,
153 2278 188 2307 et
216 2265 403 2307 scandali
427 2265 611 2320 plenum,
640 2276 911 2320 praestareque
938 2265 1114 2306 absentes
1142 2281 1242 2316 esse‚·
1271 2275 1314 2304 at
1343 2275 1437 2305 tunc
1466 2278 1551 2304 reos

20 2324 179 2380 quidem
209 2340 288 2363 esse
323 2325 542 2364 vacationis
579 2338 672 2363 suae
699 2332 735 2361 et
764 2321 974 2363 absentiae.
1032 2322 1174 2378 Itaque
1200 2337 1279 2362 non
1307 2320 1398 2361 licet
1426 2335 1550 2374 prae-

20 2393 144 2421 sentes
172 2398 252 2421 esse
277 2382 313 2421 si
338 2379 439 2421 mali
467 2381 568 2431 sint,
603 2390 640 2419 et
669 2378 845 2419 absentes
875 2395 953 2420 non
982 2391 1093 2420 erunt
1121 2381 1322 2434 impune.“
1378 2378 1479 2417 Vide
1509 2383 1549 2417 et

22 2440 211 2492 epistolas
241 2445 347 2489 octo,
376 2446 459 2478 tres
489 2438 540 2477 ad
567 2439 862 2490 imperatorem,
893 2437 1068 2490 quinque
1097 2438 1149 2477 ad
1178 2437 1410 2490 episcopos,
1444 2434 1550 2473 eius-

22 2496 115 2535 dem
155 2495 363 2535 Athanasii
400 2496 448 2535 ab
489 2495 631 2534 eodem
665 2494 862 2534 Turriano
897 2495 1034 2534 Latine
1060 2508 1218 2544 versas,
1260 2499 1298 2532 et
1323 2490 1548 2531 Florentiae

23 2553 150 2592 editas
180 2561 271 2607 post
299 2553 448 2593 librum
477 2553 528 2592 de
556 2552 787 2591 Residentia
816 2552 1035 2592 Pastorum.
1074 2552 1173 2591 Vide
1194 2557 1233 2590 et
1255 2563 1334 2600 eaS,
1357 2561 1458 2601 quae
1476 2561 1548 2588 ex-

22 2618 128 2650 stant
153 2612 193 2650 in
216 2611 363 2650 Codice
382 2610 525 2662 Regio,
558 2610 654 2649 olim
673 2609 911 2648 Telleriano.
958 2622 1109 2650 nomm.

133 2682 236 2735 Peg.
269 2683 373 2728 182,
401 2680 439 2723 5.
496 2677 737 2718 Athanasius
758 2677 844 2731 ipse
866 2678 908 2717 in
926 2681 1068 2735 Νεαρᾷ
1086 2674 1125 2729 *)
1156 2688 1224 2714 seu
1247 2667 1405 2725 ζητήσει
1426 2683 1547 2740 εἶμι-’3

22 2736 221 2789 indicata,
249 2733 351 2792 πρὸς
381 2733 539 2785 τούτοις
559 2735 629 2777 καὶ
660 2734 828 2789 μοναχοὶ
850 2731 880 2789 ἢ
901 2732 1161 2790 μονάστριαι,
1190 2728 1245 2786 μὴ
1267 2726 1423 2783 διάγειν
1451 2743 1547 2768 avu-

68 2848 107 2894 1*)
131 2848 222 2883 Vide
247 2848 335 2884 eod.
358 2849 447 2894 Reg.
469 2848 592 2885 25252.
617 2847 679 2882 fol.
700 2848 781 2885 271.
806 2847 852 2885 V.
897 2856 1033 2882 no1vm.

115 2907 331 2953 Nicephorus
349 2907 498 2954 Gregor.
529 2906 606 2941 Vol.
625 2905 672 2941 ΙΙ.
1216 2891 1272 2931 76
