1754 3164
189 145 212 192 1
221 146 250 193 3
262 145 319 193 18
719 150 1208 197 -ANNOTATIONES.

184 258 281 312 plus
309 254 574 310 septuaginta.
634 256 806 296 Exstant
840 263 880 296 et
908 257 949 296 in
990 258 1078 297 aliis
1109 257 1327 299 Codicibus
1354 273 1436 298 non
1466 272 1595 312 pauca
1633 258 1724 299 alia.

189 319 388 367 Gregoras
407 314 487 353 hoc
506 316 599 355 loco
627 315 676 354 de
699 315 880 354 Palamae
901 316 1152 356 orationibus
1176 317 1226 356 iis
1247 323 1402 356 tantum
1418 317 1530 369 loqui
1548 316 1724 365 videtur,

188 387 291 426 quae
312 371 362 411 de
382 372 503 412 rebus
523 373 795 412 controversis
820 373 993 425 scriptae
1016 381 1140 414 erant.
1199 375 1346 415 Earum
1373 375 1520 414 multas
1550 377 1728 413 continet

190 430 328 470 Codex
356 431 501 481 Regius
525 430 651 474 2409.
711 431 755 469 In
775 430 826 469 iis
850 437 964 471 sunt:
995 431 1026 472 I.
1061 430 1178 471 Libri
1202 442 1342 472 contra
1368 430 1628 484 Acindynum
1660 429 1729 471 de-

190 503 271 529 cem
298 489 499 539 continui3
530 489 600 541 qui
623 502 783 538 omnes,
815 489 996 542 exceptis
1014 489 1172 540 tribus,
1204 489 1482 544 ἀντιρῤητικοί
1494 489 1727 528 inscribun-

188 553 270 585 tur.
328 545 377 583 11.
411 546 522 585 Libri
549 546 631 586 duo
664 546 939 599 Apologetici.
979 547 1131 599 primus
1153 547 1245 602 περὶ
1270 548 1399 588 θείων
1423 546 1634 601 ἐνεργειῶν
1658 545 1730 587 καὶ

190 607 264 657 τῆς
288 598 382 644 κατ’
408 601 536 654 αὐτας
563 603 775 658 μεθέξεως.
833 605 1043 643 Secundus
1074 605 1166 658 περὶ
1195 605 1316 653 θείας
1335 604 1404 646 καὶ
1423 607 1644 646 θειοποιοῧ
1663 619 1729 657 με·

190 660 364 712 θέξεως,
405 658 435 715 ἦ
460 661 555 731 περὶ
588 664 662 715 τῆς
689 663 807 711 θείας
834 661 904 702 καὶ
930 661 1171 716 ’ὑπερφυοῦς
1202 659 1438 716 ἁπλότητος.
1496 662 1568 703 111.
1611 662 1731 701 Liber

193 719 429 771 singularia,
457 716 520 761 ότι
541 717 735 787 Βαρλαοῖμ
752 718 820 760 καὶ
838 715 1076 769 Ἀκίνὸυνός
1095 720 1196 761 εἰσιν
1217 721 1260 762 οἵ
1276 721 1580 773 διχοτομοῦντες
1594 723 1733 769 κακῶς

195 774 323 826 ὄντως
335 776 403 818 καὶ
417 773 550 826 ἀθέως
569 778 625 826 εἰς
645 773 720 819 δύο
739 773 906 827 ανίσους
923 775 1117 832 θεότητας
1133 793 1209 832 την
1229 778 1336 831 μίαν.
1368 778 1432 817 IV.
1455 777 1608 829 Dialogi
1634 778 1730 816 duo.

194 835 352 874 Primus
381 833 614 875 orthodoxi
638 850 727 875 cum
756 833 1027 878 Barlaamita.
1087 837 1297 876 Secundus
1325 834 1570 889 Theophanis
1571 809 1734 875 oOrtho-

196 891 302 932 dexi
330 908 416 932 cum
454 892 660 932 Theotimo
693 907 748 932 ex
787 891 1058 935 Barlaamita.
1117 893 1166 935 V.
1204 892 1418 948 Refutatio
1463 907 1595 932 eorum
1635 908 1735 947 quae

196 948 434 1003 Acindynus
460 960 599 990 contra
635 948 844 990 Palamam
876 951 1102 1005 scripserat.
1160 951 1208 991 In
1242 950 1322 991 hoc
1352 951 1550 1004 opusculo
1581 964 1737 1004 propo-

197 1014 351 1048 nuntur
385 1008 559 1061 primum
583 1008 767 1047 Palaniae
786 1008 931 1059 verba3
962 1009 1108 1048 deinde
1130 1023 1175 1048 ea
1202 1022 1306 1062 quae
1336 1008 1573 1062 Acindynus
1598 1014 1738 1047 contra

199 1065 367 1116 obiecit;
398 1071 484 1104 tum
514 1064 687 1117 denique
709 1079 753 1104 ea
784 1079 888 1118 quae
913 1067 1095 1105 Palamas
1124 1073 1266 1106 contra
1284 1067 1477 1120 reposuit.
1537 1066 1602 1106 VI.
1636 1065 1738 1119 Epi-

199 1121 326 1163 stolae
344 1137 414 1162 seu
438 1123 574 1176 potius
606 1122 816 1163 Orationes
841 1122 1114 1177 dogmaticae,
1154 1122 1446 1179 Apologeticae
1463 1134 1499 1163 et
1523 1122 1736 1164 Antirrhe-

199 1182 305 1220 ticae
322 1181 456 1219 variae
476 1179 532 1219 acl
560 1181 704 1220 varios.
765 1181 951 1220 Continet
979 1188 1188 1234 praeterea
1220 1182 1331 1221 idem
1362 1182 1504 1221 Codex
1534 1179 1739 1220 Deiectum

201 1239 510 1277 testimoniorum
533 1253 587 1277 ex
618 1236 661 1279 S.
690 1236 901 1292 Scriptura
930 1248 967 1277 et
986 1253 1041 1278 ex
1066 1241 1228 1279 Patrum
1256 1237 1371 1278 libris
1397 1248 1671 1292 excerptorum
1704 1246 1740 1277 et

201 1296 245 1334 in
263 1288 406 1348 Capita
420 1311 485 1335 seu
497 1294 547 1334 H
536 1294 744 1349 ypotkeses
763 1294 966 1335 sexdecim
997 1294 1322 1337 distributorum:
1351 1298 1447 1336 item
1471 1297 1740 1335 narrationem

204 1350 484 1407 disputationis
511 1367 648 1392 coram
679 1354 913 1406 imperatore
930 1354 1030 1392 inter
1054 1352 1263 1393 Palamam
1282 1363 1319 1393 et
1343 1352 1559 1407 Gregoram
1581 1351 1742 1391 habitae

203 1411 247 1450 in
282 1408 462 1451 Palatio:
498 1424 572 1449 nec
606 1424 687 1448 non
714 1409 926 1450 iambicum
962 1425 1104 1464 poema
1131 1421 1272 1450 contra
1309 1411 1591 1465 Acindynum:
1635 1424 1740 1462 quae

205 1468 337 1507 omnia
349 1468 415 1507 vel
438 1468 617 1507 Palamas
636 1467 735 1520 ipse,
759 1468 998 1520 velinsignis
1012 1468 1157 1521 aliquis
1167 1468 1374 1520 Palamita‚
1397 1468 1663 1508 elucubravit.
1695 1468 1742 1506 In

206 1526 356 1565 Codice
365 1523 490 1569 2404.
502 1525 602 1564 duae
614 1531 706 1564 sunt
719 1524 907 1565 homiliae
921 1526 1024 1565 dere
1037 1532 1309 1577 controversa,
1322 1540 1466 1579 nempe
1479 1523 1526 1564 de
1540 1523 1742 1565 Thaborio

207 1582 366 1633 lumine,
394 1583 503 1635 quod
528 1590 567 1622 et
587 1583 808 1622 increatum
831 1590 869 1623 et
891 1599 911 1623 a
936 1583 1157 1623 substantia
1181 1584 1315 1623 divina
1337 1584 1541 1623 diversum
1566 1584 1743 1623 Palamas

208 1642 362 1681 statuit.
393 1641 439 1679 In
450 1641 597 1680 Codice
610 1642 735 1684 2432.
751 1642 944 1694 Gregorio
955 1642 1149 1692 Palamae,
1168 1642 1540 1695 tanquamauctori,
1559 1641 1744 1680 tribuun-

209 1706 279 1739 tur
294 1696 438 1753 Capita
462 1696 542 1739 GL
559 1697 739 1754 physica,
770 1698 1007 1753 theologica,
1035 1698 1208 1739 moralia
1230 1710 1265 1739 et
1284 1701 1467 1754 practica
1488 1709 1627 1739 contra
1642 1696 1745 1737 Rar-

210 1755 438 1797 laamiticos
468 1771 637 1795 errores.-
678 1757 773 1795 item
803 1758 1129 1811 interrogationes
1150 1767 1186 1796 et
1214 1758 1504 1812 responsiones,
1542 1755 1591 1795 de
1607 1757 1656 1795 iis
1676 1755 1745 1810 qui

208 1815 412 1869 propriam
431 1824 596 1853 mentem
620 1815 728 1853 intra
753 1830 895 1869 corpus
921 1825 1116 1855 conantur
1137 1816 1374 1868 perspicere,
1415 1829 1467 1853 an
1490 1823 1590 1853 recte
1610 1821 1745 1866 agant.

216 1870 323 1911 Vide
339 1870 564 1911 Historiam
584 1873 843 1911 Litterariam
867 1870 974 1913 Guil.
991 1873 1105 1912 Cave.
1139 1874 1268 1912 Partis
1289 1870 1346 1913 ΙῙ.
1363 1887 1457 1925 pag.
1477 1873 1574 1915 507.
1595 1880 1629 1909 et
1649 1871 1744 1913 508.

215 1929 369 1968 Omitto
387 1943 489 1981 quae
516 1929 558 1968 in
579 1929 666 1968 aliis
689 1929 902 1969 Codicibus
921 1930 1050 1981 Regiis
1071 1943 1208 1983 sparsa
1230 1936 1270 1969 et
1289 1929 1453 1968 disiecta
1475 1927 1653 1982 reperire
1674 1933 1746 1968 est.

214 1985 515 2026 Asservantur
503 2001 547 2026 m
566 1986 819 2027 Bibliotheca
846 1987 1100 2038 Seguieriana
1124 1993 1206 2027 tres
1232 1988 1327 2026 tomi
1358 1987 1537 2040 Operum
1564 1986 1749 2037 Gregorii

215 2045 413 2084 Palamae.
473 2045 553 2084 Sed
574 2045 623 2084 ad
648 2059 733 2084 eam
751 2044 1043 2084 Bibliothecam
1064 2045 1196 2084 aditus
1220 2059 1300 2084 non
1327 2051 1448 2098 patet.
1507 2057 1663 2083 Botvm.

332 2102 437 2156 Pag·
472 2107 602 2154 1116,
632 2107 700 2146 21.
766 2106 879 2158 Τρεῖς
897 2106 970 2156 τῆς
1003 2104 1121 2151 θείας
1152 2099 1312 2156 φύσεως
1336 2101 1577 2150 υποστασεις
1611 2097 1752 2153 διαφό-

218 2174 317 2215 ρους
340 2132 444 2200 εἶναι
464 2159 693 2214 νομοθετεῖ]
728 2161 824 2199 Tres
846 2159 1003 2200 divinae
1017 2170 1178 2200 naturae
1194 2159 1420 2215 hypostases
1442 2159 1485 2212 [a
1508 2158 1644 2198 divina
1662 2158 1752 2198 sub-

219 2216 394 2269 stantia]
426 2214 633 2258 distinctas
663 2234 742 2257 esse
778 2220 928 2258 statuit.
987 2219 1048 2258 lta
1083 2217 1388 2269 intelligendum
1418 2231 1502 2256 esse
1534 2218 1753 2264 Gregmam

220 2281 358 2328 patet,
387 2281 474 2313 tum
495 2276 587 2327 quia
607 2290 688 2314 non
711 2282 847 2329 posset
868 2276 1052 2316 Palamae
1074 2275 1308 2328 simpliciter
1329 2274 1574 2328 exprobrare
1596 2274 1753 2313 divina-

221 2346 310 2372 rum
340 2331 609 2385 hypostaseon
638 2333 932 2386 pluralitatem,
963 2341 1002 2374 et
1033 2333 1478 2384 distinctionem31um
1508 2331 1600 2384 quia
1631 2345 1754 2384 supra

223 2391 403 2430 Palamas
423 2391 612 2442 negabat,
642 2407 690 2431 τα
711 2388 958 2433 υποστατικα
984 2394 1057 2445 τῆς
1083 2387 1272 2432 ἆνωτατω
1297 2387 1468 2443 Τριάδος
1491 2389 1538 2430 ἓν
1561 2387 1630 2430 καὶ
1659 2406 1754 2430 ταυ-

224 2446 295 2490 τόν
316 2444 420 2490 εἶναι
434 2451 485 2504 τῇ
502 2451 576 2490 τοῦ
594 2451 698 2489 θεοῦ
719 2445 849 2505 odota,
879 2464 1096 2503 supremae
1106 2448 1311 2488 Τιίηἰταιίε
1331 2461 1521 2502 personas
1539 2462 1617 2486 esse
1636 2461 1754 2487 unum

226 2516 262 2545 et
278 2503 381 2545 idem
404 2521 492 2546 cum
517 2505 595 2545 Dei
609 2491 843 2549 substantia.
873 2520 1114 2546 οΛΡΡΕιιοΝΝ.

341 2564 442 2618 Pag-
475 2566 605 2614 1121,
634 2567 675 2606 2
702 2558 779 2605 ,Ων
806 2563 831 2606 o‘
852 2561 1091 2619 προφήτης]
1122 2562 1215 2603 Isai.
1236 2561 1309 2602 XI.
1342 2574 1584 2602 CAPPERONN.

343 2622 705 2675 Peg-1121‚10.
765 2621 1043 2677 Πορευθέντες
1079 2615 1357 2674 μαθητεύσατε
1385 2635 1423 2661 κ.
1457 2634 1491 2660 τ.
1513 2621 1548 2660 λ
1561 2619 1573 2671 ]
1615 2616 1754 2659 Matth.

228 2679 411 2718 XXVIII.
470 2691 715 2719 cAPrEnouN.

343 2735 703 2790 Pag.1121‚19.
763 2732 957 2790 Μάξιμος
983 2732 1079 2778 τάδε
1109 2733 1291 2786 διέξεισι]
1337 2734 1469 2772 Locus
1504 2738 1565 2772 est
1597 2738 1694 2771 tom.
1727 2732 1754 2771 Ι.

232 2793 330 2834 edit.
350 2794 556 2836 Combefis.
581 2795 624 2833 in
645 2793 810 2833 scholiis
832 2795 883 2833 ad
907 2796 975 2838 54.
999 2793 1222 2847 quaestion.
1250 2792 1294 2830 in
1315 2805 1470 2830 sacram
1495 2790 1754 2842 Scripturam.

232 2851 358 2891 Porro
380 2850 532 2892 scholia
550 2853 626 2892 ista
648 2858 741 2892 sunt
764 2851 977 2906 ipsiusmet
993 2852 1123 2893 sancti
1147 2849 1329 2901 Maximi,
1359 2850 1428 2903 qui
1457 2863 1503 2889 ea
1526 2846 1754 2902 prolixioris
