1794 3172
237 141 342 191 902
599 172 602 177 ·
638 145 959 193 NICEPHORI
981 146 1308 194 GREGORAE

15 269 54 305 A.
70 268 116 302 M.
134 266 226 305 6859
238 254 477 315 συνδετικὴν
500 260 584 302 τῶν
603 274 649 301 τε
667 261 818 315 χειρῶν
839 258 908 301 καὶ
926 254 1114 315 γονάτων
1134 257 1384 316 ἀναλυτικὴν
1411 256 1617 318 ἁρμονίαν
1648 278 1726 304 κα-

70 314 174 352 Ῑ“ᾱ·4
236 330 441 383 θίζουσαν
477 327 651 386 ἔφεδρον
667 342 677 352 ·
731 329 800 370 καὶ
838 331 975 371 ταῦτα
1014 328 1090 384 μὲν
1118 326 1186 372 ὅτε
1220 332 1406 383 μᾶλλον,
1452 328 1565 387 εἴπερ
1605 331 1722 384 ποτ’,

237 401 361 457 ἐχρῆν
391 396 468 454 τήν
501 397 544 440 τ’
579 398 729 441 οἲκείαν
758 399 815 447 εἰς
834 396 884 440 τὸ
906 395 1188 453 ἀκμαιότατον
1208 397 1311 453 ἔχειν
1330 397 1507 453 δύναμιν
1526 399 1595 441 καὶ
1618 398 1721 453 ἅμα,

238 471 351 519 εἴτις
373 462 423 523 ἦν
444 467 610 523 μηχανὴ
621 500 635 521 ,
674 466 753 511 κάκ
780 471 865 511 τῶν
889 466 1048 519 ἔξωθεν
1075 465 1232 512 ὁπόθεν
1252 465 1405 524 δήποτε
1428 472 1726 527 προσκτᾶσθαι

238 542 381 596 ζητεῖν.
420 536 468 580 οὗ
491 536 572 594 γὰρ
1729 545 1753 581 5

199 613 231 649 F
373 606 589 664 Κουρῆτές
621 605 663 648 τ’
702 606 911 664 ἐπίκουροι
946 608 1015 651 καὶ
1048 608 1236 652 Αἰτωλοὶ
1269 602 1522 664 μενεχάρμαι

236 678 402 737 γε’ροντί
416 694 488 732 μοι
511 680 760 730 πολεμοῦσιν
779 676 860 733 ἤδη
883 676 1128 736 πρόσφατον
1150 675 1355 733 πόλεμον,
1394 677 1462 719 καὶ
1488 675 1631 733 με’χρις
1657 676 1724 719 αἵ-

234 764 368 805 ματος
393 745 603 804 ὁρωμένου
623 744 853 790 σαλεύοντα
872 747 920 790 τὸ
943 752 1018 791 τοῦ
1043 745 1203 806 δρόμου
1231 744 1448 804 φιλότιμον
1463 759 1473 769 ·
1511 744 1608 788 ἀλλ’
1632 746 1726 789 ἕπε’-

235 815 363 862 θεντό
398 834 471 872 μοι
509 813 731 872 δράκοντες
758 818 800 868 ἐξ
831 816 1042 875 ἀφανοῦς,
1081 819 1149 860 καὶ
1189 817 1378 873 κραταιοὶ
1414 812 1617 871 ἐζήτησαν
1646 815 1723 871 τὴν

84 891 128 927 P.
145 890 215 929 568
235 885 379 945 ψυχήν
397 904 479 942 μου
491 918 505 940 ,
542 885 618 937 τὰς
641 888 889 945 φονευτρίας
911 894 1051 945 χεῖρας
1076 888 1120 930 ἐν
1140 884 1376 943 σκοτομήνῃ
1405 883 1631 939 βάλλοντες
1654 886 1722 928 καὶ
1735 894 1781 930 10

234 958 472 1013 ἀναίμακτα
504 956 692 1012 παρέχειν
720 954 967 1012 ἐπειγόμενοι
997 955 1243 1015 τραύματα·
1282 955 1304 999 ὃ
1326 956 1394 1007 καὶ
1419 957 1581 1010 μᾶλλον
1597 958 1724 1010 χαλε-

236 1027 429 1083 πωτέρας
447 1027 537 1081 ἐμοὶ
562 1030 748 1083 προξενεῖ
766 1026 841 1077 τὰς
863 1025 1027 1078 ὀδύνας.
1078 1026 1314 1081 ἀναίμακτα
1345 1023 1425 1082 γὰρ
1452 1024 1589 1079 κάμοῦ
1622 1022 1720 1067 κατ’

237 1099 399 1141 ἐκείνων
428 1099 644 1146 τελοῦντος
675 1095 727 1138 τὰ
757 1094 952 1154 τρόπαια,
986 1095 1322 1153 δυσδιάγνωστον
1342 1100 1431 1144 τοῖς
1457 1098 1540 1137 τῶν
1568 1092 1724 1145 ἔξωθεν

238 1165 434 1226 δρώντων
464 1169 632 1216 πολλοῖς
660 1168 875 1221 συμβαίνει
896 1166 972 1222 τὴν
993 1168 1125 1225 κρίσιν
1150 1168 1468 1217 καθίστασθαι,
1507 1165 1576 1205 καὶ
1606 1161 1723 1218 μάλα

237 1255 304 1282 τοι
329 1234 572 1291 εὐδιάβολον
590 1242 678 1286 τοῖς
698 1233 816 1292 ἡμῶν
835 1234 1039 1288 διώκταις.
1077 1242 1165 1287 τοῖς
1192 1237 1267 1290 μὲν
1286 1234 1366 1292 γὰρ
1389 1232 1464 1277 οὔκ
1484 1230 1635 1276 εῗδόσιν
1657 1235 1719 1276 οῗ-
1735 1242 1780 1278 15

238 1313 426 1362 κονομεῖν
455 1307 498 1349 ἓν
528 1307 655 1364 κρίσει
683 1305 782 1357 τοὺς
813 1304 981 1363 λόγους,
1019 1309 1144 1362 λῆρος
1166 1304 1277 1348 ἅπαν
1298 1301 1530 1358 νενόμισται
1549 1304 1726 1354 πίστεως

194 1379 308 1427 Βκαὶ
333 1373 552 1432 δογμάτων
577 1373 830 1434 μυστήριον·
868 1373 930 1427 οἷς
951 1375 995 1420 δ’
1027 1376 1173 1419 εἰδέναι
1194 1372 1403 1432 πρόσεστι,
1430 1374 1499 1415 καὶ
1522 1370 1723 1416 ἀλλάττε-

239 1451 346 1491 σθαι
379 1445 439 1489 d'c'
463 1443 643 1503 ἀνάγκην
663 1446 891 1501 συμβαίνει.
938 1443 1187 1503 πειράσομαι
1209 1444 1253 1487 δ’
1281 1439 1355 1488 οὖν
1376 1441 1489 1497 ὅμως
1511 1440 1609 1485 ὅσον
1631 1443 1724 1501 ἔφι-

239 1516 360 1569 κτὸν,
398 1513 454 1566 ὥς
481 1514 637 1577 εἴρηται
647 1549 660 1569 ,
698 1515 775 1572 τὴν
804 1519 889 1559 τῶν
918 1515 1128 1574 φιλοθείον
1158 1515 1318 1557 ἐκείνων
1340 1511 1506 1570 ἀνδρῶν
1534 1512 1724 1570 ἐκπεραί-

239 1604 323 1631 νειν
343 1584 537 1641 αἴτησιν,
587 1583 789 1642 ἡγεμόνας
819 1589 895 1641 τῆς
926 1586 1028 1642 ἐμῆς
1056 1581 1396 1642 προστησάμενος
1425 1578 1612 1638 γλώττης
1644 1581 1780 1632 τοὶςρο

239 1658 332 1714 περὶ
350 1655 453 1699 θεὸν
475 1656 667 1706 ἐλπίδας·
701 1653 804 1712 ὖπέρ
828 1649 877 1698 οῦ
898 1657 966 1698 καὶ
986 1654 1062 1711 τὴν
1085 1653 1316 1710 ἀθλητικὴν
1334 1652 1506 1707 ταυτηνὶ
1529 1651 1723 1695 διαπλέο-

239 1743 315 1782 μεν
335 1723 573 1769 θάλασσαν.
645 1724 741 1785 (A.)
771 1725 890 1776 Ἀξιῶ
915 1725 960 1768 δ’
985 1724 1104 1782 ἔγωγε,
1116 1757 1130 1778 ,
1167 1723 1327 1780 μηδένα
1344 1726 1427 1766 τῶν
1453 1719 1723 1777 ἐντυγχανόν-

238 1813 324 1839 των
343 1793 562 1853 πρόχειρον
585 1796 642 1846 εἷς
660 1795 737 1846 τὰς
758 1795 866 1838 καθ’
888 1793 1007 1852 ἡμῶν
1020 1796 1230 1853 λοιδορίας
1246 1792 1348 1849 ἔχειν
1366 1791 1444 1849 τὴν
1462 1793 1664 1848 γλῶτταν,
1688 1792 1724 1834 εἲ

331 1894 369 1929 2.
391 1893 463 1929 νῦν
486 1893 576 1928 coni.
594 1893 693 1929 Boiv.
713 1905 778 1940 pro
797 1891 879 1939 μέν.

243 1973 500 2016 commissura,
525 1985 667 2020 quarum
685 1985 752 2020 ope
769 1973 826 2008 vel
843 1985 961 2008 manus
980 1971 1191 2016 tenduntur,
1214 1971 1272 2007 vel
1290 1982 1407 2017 genua
1421 1969 1632 2012 flectuntur,
1659 1969 1723 2006 de-

242 2020 332 2056 biles
360 2025 395 2055 et
415 2020 539 2055 infidas
559 2021 698 2062 reddit3
729 2020 835 2066 idque
860 2033 901 2055 eo
929 2024 1103 2066 tempore,
1137 2031 1205 2066 quo
1232 2031 1305 2061 me,
1330 2019 1361 2053 si
1383 2028 1552 2063 unquam,
1576 2016 1723 2052 maxime

241 2067 398 2114 oportuit
417 2071 452 2102 et
471 2067 624 2113 propriis
644 2067 777 2102 viribus
797 2066 944 2111 integris
962 2067 1103 2112 vigere,
1130 2073 1166 2101 et
1186 2078 1293 2101 novas
1313 2065 1416 2100 etiam
1433 2063 1665 2107 extrinsecus,
1688 2064 1722 2098 si

242 2125 313 2162 qua
328 2119 404 2149 arte
420 2125 554 2159 possem
566 2139 575 2155 ‚
599 2114 717 2149 conari
734 2113 817 2148 mihi
834 2114 1060 2159 undecunque
1079 2125 1290 2160 comparare.
1338 2112 1418 2149 Nec
1434 2109 1524 2146 enim

382 2160 546 2194 Curetum
563 2160 658 2196 socia
679 2172 794 2203 arma,
818 2160 1085 2207 Aetolorumque
1101 2161 1263 2197 iuventus

384 2207 570 2250 Bellatrix,

245 2252 323 2290 seni
347 2253 430 2288 mihi
454 2253 576 2288 bellum
603 2253 818 2300 repentinum
844 2253 1021 2298 indicunt,
1046 2267 1088 2290 eo
1113 2265 1223 2301 usque
1248 2253 1430 2289 ambitioso
1447 2253 1579 2300 impetu
1595 2264 1723 2301 proru-

244 2301 363 2348 pturi,
388 2300 499 2334 donec
525 2301 665 2346 sanguis
684 2301 812 2335 effusus
830 2307 1018 2347 appareat:
1044 2301 1106 2336 sed
1123 2301 1323 2336 invaserunt
1344 2312 1397 2335 me
1414 2301 1583 2336 dracones
1602 2312 1645 2335 ex
1662 2312 1724 2335 oc-

246 2348 362 2389 culto,
386 2350 422 2382 et
445 2346 579 2381 robusti
604 2347 848 2393 quaesiverunt
872 2349 1014 2384 animam
1042 2360 1172 2390 meam3
1196 2348 1293 2392 iique
1309 2351 1412 2382 nocte
1433 2348 1580 2382 obscura
1601 2359 1723 2382 manus

246 2395 332 2430 mihi
357 2393 536 2436 inficiunt,
569 2397 604 2428 et
630 2393 811 2429 incruenta
834 2395 979 2430 vulnera
1002 2400 1171 2430 conantur
1191 2395 1372 2439 infligere3
1405 2393 1442 2428 id
1465 2394 1558 2440 quod
1587 2393 1723 2429 dolores

246 2441 331 2477 mihi
357 2439 629 2475 vehementiores
652 2441 767 2476 affert.
823 2442 914 2477 Nam
936 2454 1009 2477 cum
1030 2447 1067 2478 et
1088 2442 1166 2489 ipse
1194 2441 1395 2476 incruentas
1420 2440 1464 2475 de
1489 2441 1534 2475 iis
1558 2440 1722 2475 victorias

247 2491 433 2534 reportem,
457 2487 507 2522 ita
522 2487 573 2529 fit,
595 2490 635 2521 ut
655 2487 713 2533 qui
729 2488 816 2522 foris
837 2494 1004 2534 spectant,
1029 2500 1147 2524 eorum
1164 2488 1262 2523 multi
1280 2487 1339 2522 vix
1358 2488 1493 2532 possint
1509 2498 1629 2522 verum
1648 2487 1723 2521 dis-

247 2545 410 2576 cernere,
434 2539 540 2580 atque
559 2533 724 2569 eiusmodi
745 2536 948 2570 sententiam
966 2537 1080 2578 ferre,
1104 2547 1192 2582 quae
1210 2546 1278 2569 non
1302 2533 1348 2568 sit
1371 2534 1474 2568 valde
1491 2533 1640 2568 obnoxia
1659 2545 1722 2568 ca-

247 2580 384 2616 lumniis
411 2584 666 2628 persecutorum
699 2587 903 2616 nostrorum.
960 2582 1130 2617 Nimirum
1156 2582 1263 2616 verba
1298 2580 1428 2615 iudicio
1460 2580 1628 2616 moderari
1661 2579 1723 2626 qui

248 2627 418 2670 nesciunt,
437 2627 463 2662 ii
481 2626 679 2674 mysterium
698 2638 796 2663 omne
811 2628 912 2663 Fidei
926 2632 963 2664 et
978 2640 1152 2664 sacrorum
1170 2628 1364 2674 dogmatum
1376 2638 1440 2674 pro
1452 2627 1555 2673 nugis
1572 2627 1721 2662 habent:

249 2674 311 2720 qui
332 2679 443 2709 autem
459 2674 592 2716 sciunt,
613 2674 642 2709 ii
657 2673 863 2710 necessitate
880 2676 992 2711 coacti
1015 2677 1218 2711 alienantur.
1267 2675 1399 2709 Tamen
1426 2679 1588 2720 quantum
1611 2673 1647 2707 in
1668 2683 1722 2707 me

250 2721 340 2763 erit,
363 2721 400 2756 id
425 2721 516 2768 quod
543 2721 612 2756 viri
637 2720 688 2755 illi
708 2721 861 2767 religiosi
885 2723 1081 2768 postulant,
1103 2723 1254 2757 conabor
1269 2722 1326 2766 (ut
1343 2721 1409 2755 iam
1424 2720 1517 2765 dixi)
1539 2719 1723 2766 perficere.

250 2767 342 2803 Meis
361 2770 444 2803 vero
461 2767 672 2803 sermonibus
682 2769 954 2814 auspicabuntur
970 2782 1050 2816 spes
1065 2770 1101 2804 in
1120 2769 1194 2804 Deo
1215 2768 1416 2810 collocatae,
1425 2766 1521 2802 cuius
1539 2777 1643 2801 causa
1657 2766 1724 2800 hoc

249 2813 361 2859 ipsum
385 2814 603 2850 certaminum
627 2826 756 2862 aequor
771 2815 988 2861 navigamus.
1035 2817 1136 2862 (IV.)
1158 2815 1250 2850 Nolo
1267 2820 1380 2850 autem
1398 2813 1575 2860 quisquam
1594 2822 1723 2854 eorum,

251 2860 312 2907 qui
329 2860 367 2897 in
394 2861 481 2898 haec
505 2861 711 2906 inciderint,
732 2861 884 2910 linguam
901 2864 1031 2901 habeat
1055 2866 1246 2912 promptam
1264 2861 1309 2898 ad
1324 2860 1484 2898 iacienda
1504 2859 1543 2896 in
1559 2870 1622 2895 nos
1640 2869 1723 2905 pro-
