1754 3164
198 162 329 210 1290
720 165 834 210 ANN
842 162 1202 207 OTATIONES.

195 280 263 312 tur
291 272 356 311 his
388 270 545 311 verbis:
593 267 728 324 ω’σπερ
771 266 829 319 εἷς
866 271 948 312 ἐστι
962 267 1154 338 Χριστός
1189 265 1387 323 ἀληθινὸς
1417 285 1438 310 ο
1467 265 1534 310 ἐπι
1569 264 1734 309 πάντωι

193 329 310 380 θεὸς,
345 324 606 398 Ἀντίχριστοι
634 327 678 369 δὲ
707 327 850 370 πολλοὶ
882 323 1113 397 γεγόνασιν,
1154 356 1262 368 .....
1287 324 1392 369 ου’τω
1421 325 1491 366 καὶ
1522 324 1736 374 συνοδικος

194 386 317 441 τόμος
345 381 439 427 κατ’
469 381 675 438 εὐσέβειαν
704 382 775 438 ἐφ’
804 385 922 439 ἡμῶν
951 388 1026 438 τῆς
1057 381 1253 438 ἀληθείας
1281 380 1523 444 συνήγορος,
1557 380 1633 432 εἷς
1666 381 1735 424 οἷν-

195 447 349 498 τίτομοι
388 441 431 484 δὲ
466 442 536 484 καὶ
574 446 654 484 νῦν
685 439 876 499 γεγόνασι
913 443 1068 485 πολλοί
1097 443 1331 494 ..τρίτος
1369 444 1444 483 οὐν
1474 441 1581 482 ἐστιν
1619 437 1737 490 οὗτος

197 518 279 544 των
309 498 420 554 παροὶ
460 503 536 542 τοῦ
573 503 631 557 τῷ
663 502 917 574 Βαρλααμίτῃ
959 504 1165 542 συναινεῖν
1204 495 1424 555 ’Λκινδύνω
1464 498 1735 551 προελομένου

198 563 276 601 νῦν
313 542 658 612 ἐξενηνεγμένων,
707 558 777 600 καὶ
815 557 914 613 παρ’
955 557 1074 611 ἠ”μων
1115 556 1442 611 ἐξεληλεγμένων.
1511 557 1608 595 Cod.
1639 558 1736 607 Reg.

197 616 321 661 2409.
352 616 426 657 fol.
455 619 554 659 287
613 616 685 655 His
713 616 888 656 addatur
907 617 1056 655 'lomus
1089 622 1228 654 contra
1260 616 1449 653 Ioannem
1466 612 1737 667 patriaicham

199 675 330 714 editus
367 687 501 712 mense
537 673 756 713 Februario
791 675 884 713 anni
927 672 1227 713 MCCCXLVII.
1278 673 1328 712 de
1374 685 1454 724 quo
1497 671 1736 710 Lambecius

195 732 300 772 Bibl.
335 732 492 770 Caesar.
521 730 593 770 lib.
628 731 693 771 VI.
717 746 806 784 pag.
833 736 900 775 28.
945 732 1043 771 Item
1076 731 1226 769 Tomus
1261 737 1300 769 et
1336 728 1663 769 Anathematismi
1695 729 1738 766 in

195 791 396 828 Palamam
419 789 515 828 editi
540 803 676 828 mense
699 789 802 828 Iulio
827 790 1004 829 eiusdem
1031 788 1135 837 anni,
1167 801 1338 840 quorum
1359 786 1535 826 meminit
1556 788 1599 825 L.
1622 787 1737 824 Alla-

195 848 277 886 tius
309 848 449 888 Graec.
494 845 667 886 orthod.
693 847 806 887 Tom.
839 848 890 886 ΙΙ.
921 856 1012 900 pag.
1045 845 1143 888 795.
1172 852 1211 884 et
1242 846 1291 884 de
1317 845 1426 884 Eccl.
1460 844 1670 883 Occident.
1698 851 1738 883 et

197 905 355 944 Orient.
386 918 501 957 perp.
535 918 644 946 cons.
675 918 768 957 pag.
799 907 894 948 803.
953 904 1135 955 Denique
1155 904 1304 942 Tomus
1335 909 1474 942 contra
1519 902 1736 952 Gregoram

197 969 239 1001 et
280 962 458 1002 eiusdem
498 968 631 1007 sectae
667 968 1019 1015 propugnatores,
1073 960 1204 1000 editus
1241 974 1376 1000 mense
1425 959 1604 1010 Augusto
1645 960 1738 998 anni

195 1020 400 1061 MCCCLI.
435 1019 505 1072 qui
536 1019 697 1072 quidem
720 1021 868 1059 Tomus
899 1026 1031 1059 exstat
1052 1019 1092 1057 in
1119 1018 1313 1057 Auctario
1344 1017 1560 1057 novissimo
1587 1016 1737 1057 Biblio-

199 1077 340 1118 thecae
365 1079 611 1116 Graecorum
632 1078 818 1127 Pan-um,
847 1079 964 1117 Parte
995 1078 1121 1116 altera
1143 1090 1232 1129 pag.
1259 1075 1352 1120 135.
1408 1088 1566 1114 BOIVIN.

311 1147 411 1201 Peg.
442 1148 546 1196 831,
577 1149 618 1188 3.
662 1144 707 1186 Ὁ
727 1141 972 1197 ἀπόστολος]
999 1145 1067 1185 Ἀεὶ
1092 1145 1222 1186 Galat.
1253 1158 1340 1197 cap.
1361 1144 1409 1183 ΙΙ.
1431 1158 1470 1184 v.
1488 1147 1553 1187 18.
1583 1157 1735 1183 ΒοινιΝ.

318 1218 412 1267 Pag.
444 1215 549 1264 835,
580 1219 620 1259 3.
665 1210 758 1255 Ἐπὶ
775 1210 879 1256 πόδα
902 1229 943 1254 τε
967 1209 1200 1266 οἷνεχώρουν
1220 1214 1416 1267 αἰσχρῶς]
1449 1212 1561 1251 Hanc
1578 1213 1737 1251 Latino-

197 1285 290 1311 rum
312 1272 364 1310 ad
386 1273 597 1324 Smyrnam
623 1272 777 1311 cladem
799 1271 988 1311 describit
1015 1271 1183 1309 Ioannes
1205 1271 1410 1310 Villaneus
1436 1270 1507 1309 lib.
1532 1270 1621 1308 XII.
1647 1284 1735 1322 cap.

199 1333 268 1372 38.
316 1343 491 1371 DUGANG.
550 1330 642 1368 Non
672 1329 796 1380 hanc,
836 1329 907 1368 sed
946 1342 1051 1380 eam,
1107 1342 1210 1380 quae
1244 1329 1418 1368 triennio
1451 1334 1737 1380 praecesserat.

199 1400 621 1504 1³01v11113ag·335‚5·
683 1442 914 1498 Πληγέντος
933 1440 1108 1498 Ἀμουρ]
1141 1443 1196 1482 De
1218 1456 1335 1482 caeso
1355 1442 1520 1482 Amurio
1544 1443 1634 1482 silet
1650 1443 1737 1481 Vil-

198 1500 351 1541 laneus.
392 1515 568 1542 DUCANG.
629 1498 799 1540 Ioannes
829 1501 1002 1540 scilicet:
1045 1515 1120 1540 nec
1150 1500 1308 1540 mirum.
1369 1502 1468 1540 Nam
1496 1499 1598 1539 haec
1628 1507 1738 1552 gesta

199 1564 295 1597 sunt
319 1558 365 1598 A.
401 1559 446 1597 C.
479 1559 604 1602 1348.
635 1559 678 1597 in
708 1559 821 1597 cuius
851 1558 965 1598 initio
996 1558 1141 1598 desinit
1171 1557 1309 1597 Ioann.
1342 1558 1517 1598 V1ll1ne1
1546 1558 1736 1598 Historia.

198 1629 415 1727 Βοινιῗας.
448 1673 554 1724 835,
587 1672 654 1717 14.
690 1670 806 1714 Κατα
827 1675 910 1714 τῶν
927 1671 1118 1753 νεφρῶν]
1153 1672 1370 1733 Cantacu23
1387 1674 1457 1713 lib.
1475 1673 1539 1715 IV.
1562 1687 1648 1727 cap.
1670 1678 1735 1717 10

198 1743 375 1773 DUcANG.

312 1790 552 1842 Pag.835,
586 1790 650 1831 19.
693 1786 742 1828 Ἡ
764 1804 847 1829 των
867 1787 911 1829 ἐν
933 1790 1019 1835 τοῖς
1039 1790 1078 1827 Γ
1072 1782 1221 1828 αλατου
1239 1787 1432 1828 Λατίνων
1453 1784 1736 1841 ἒπαναστασις]

198 1844 258 1884 De
283 1859 362 1897 qua
385 1845 549 1899 copiose
576 1845 786 1886 Cantacuz.
806 1846 875 1884 lib.
895 1846 962 1885 IV.
993 1858 1082 1897 cap.
1105 1848 1171 1887 11.
1195 1848 1260 1887 12.
1316 1859 1490 1884 DUGANG.

316 1913 414 1967 Pag.
448 1913 551 1962 835,
582 1912 653 1957 24.
713 1912 893 1969 Περσική
922 1910 1119 1967 δύναμις]
1149 1914 1249 1952 Rem
1278 1921 1415 1954 narrat
1438 1916 1737 1955 Cantacuzenus

200 1970 272 2010 lib.
295 1971 363 2011 IV
391 1985 479 2024 cap.
503 1974 567 2013 10.
593 1977 691 2011 extr.
750 1986 922 2013 DUcANG.

320 2031 414 2080 Pag.
446 2030 553 2078 838,
581 2026 619 2068 4
677 2026 775 2070 Ὑπὸ
798 2045 879 2070 των
896 2029 1090 2097 ἐλαφρων
1113 2026 1279 2069 ἐκείνων
1297 2030 1499 2084 τουρτῶν]
1532 2031 1643 2070 Dixit
1673 2045 1736 2070 su-

201 2098 299 2137 pra,
349 2083 445 2133 τούς
478 2081 776 2139 ἐλαφροτατους
815 2083 976 2137 τοξότας
1011 2086 1054 2124 in
1096 2091 1276 2125 extremo
1320 2088 1474 2137 agmine
1502 2089 1735 2128 collocatos.

203 2142 309 2180 Hinc
330 2143 514 2195 suspicor
540 2143 752 2194 legendum
773 2158 859 2184 esse
882 2143 960 2183 hoc
988 2145 1080 2183 loeo
1103 2145 1292 2193 τοξοτῶν.
1337 2144 1492 2193 Quodsi
1533 2146 1622 2198 quis
1652 2160 1737 2184 ιη’-ι

202 2198 250 2238 lit
269 2199 401 2250 legere
428 2196 640 2255 Τούρκων,
668 2200 779 2240 haud
798 2202 1054 2242 intercedam.
1114 2214 1270 2240 nomm.

319 2266 551 2321 Pag·839‚
585 2273 650 2313 16.
706 2269 776 2319 Ὡς
814 2269 914 2324 μηδὲ
948 2267 1167 2325 πυρφόρον
1198 2269 1299 2322 etc.]
1352 2269 1432 2318 Qui
1472 2270 1603 2321 ignem
1644 2277 1736 2311 ante

204 2324 329 2364 aciem
357 2326 657 2377 praeferebant,
696 2327 726 2366 ii
755 2325 958 2383 πυρφόροι
985 2327 1106 2382 ἱερέες
1137 2327 1390 2366 dicebantur.
1430 2327 1531 2368 Vide
1557 2327 1736 2369 Scholia-

205 2388 305 2422 stem
326 2382 376 2422 ad
398 2382 494 2421 illos
523 2396 664 2423 versus
692 2385 999 2425 Phoenissarum
1016 2384 1198 2437 Euripid.

428 2458 538 2504 Ἐπεὶ
568 2460 610 2504 6’
639 2460 795 2536 αφείθη
828 2463 1002 2520 πυρσὸς,
1033 2482 1088 2515 ως
1121 2467 1374 2531 Τυρσηνικῆς

432 2516 658 2576 Σάλπιγγος
686 2519 786 2577 ἠχή,
817 2528 925 2578 σῆμα
954 2525 1118 2575 φοινίου
1147 2518 1286 2575 μάχης-

203 2598 316 2641 Adde
345 2601 588 2653 Lucianum,
617 2602 826 2657 Tzetzem‚
856 2604 1102 2655 Zenobium‚
1135 2609 1209 2642 etc.
1266 2616 1417 2644 1301V1N.

314 2668 416 2724 Pag·
446 2671 548 2720 841,
578 2674 619 2714 2.
682 2677 774 2722 Τοῖς
810 2635 853 2715 511
885 2669 1065 2715 Γαλατου
1083 2673 1302 2724 Λατίνοις]
1333 2668 1731 2711 Canta0u2·11b·IV·

203 2739 291 2779 cap.
315 2731 335 2770 1
344 2732 381 2769 1.
439 2743 615 2770 DUCANG.

316 2795 355 2836 P
350 2812 413 2850 ag
445 2797 549 2847 842,
579 2801 619 2841 6.
682 2798 823 2847 Οἷκίας
846 2815 887 2840 τε
914 2796 1169 2853 διωρόφους]
1205 2799 1307 2838 Pace
1335 2812 1427 2837 cum
1454 2798 1733 2836 Cantacuzeno

202 2855 425 2908 composita
443 2855 703 2897 obtinuerunt
723 2857 951 2899 Genuenses
973 2857 1165 2909 Galatini,
1196 2863 1243 2897 ut
1268 2856 1378 2911 quod
1409 2869 1532 2911 supra
1557 2854 1732 2909 oppidu-
