1754 3164
145 136 278 189 1350

188 252 273 289 data
296 251 378 296 684,
405 254 460 290 15.
495 253 612 288 Duces
638 253 706 290 sibi
729 265 772 290 ex
799 255 902 303 plebe

189 307 310 336 creant
334 303 415 343 687,
439 302 496 337 23.
534 301 625 335 Vide
652 302 778 336 'I'uzua

145 348 350 383 Genuenses
373 348 549 392 Byzantio
584 348 750 384 Galatam
783 352 902 384 trans-

190 396 349 430 feruntur
371 397 429 438 97,
458 397 514 431 10.

144 441 350 478 Genuenses
375 441 554 479 Galataei.
602 441 695 477 Vide
720 443 899 479 Galataei.

144 489 348 524 Genuenses
371 488 510 534 piratae
533 488 616 531 416,
643 492 697 526 10.

143 535 342 570 Genuensis
376 535 487 571 Ducis
531 535 686 581 dignitas
726 537 901 573 consulari

191 581 310 617 similis
333 580 416 625 548,
441 584 476 618 7.

143 629 307 664 Gentiles
341 641 418 664 cum
457 630 524 664 SS.
566 629 734 667 Patribus
777 643 901 667 conso-

190 680 312 711 nantes
340 678 441 719 1087,
470 678 525 712 12.

145 723 324 768 Georgius
358 723 512 769 Cyprius
540 723 796 772 Λατινόφρων
822 727 901 769 130,

191 772 249 806 81.
285 770 375 805 Vide
403 772 607 816 Gregorius.

144 816 320 862 Georgius
344 817 551 853 Larissaeus
574 819 656 861 718,
682 819 718 854 9.

145 864 322 909 Georgius
341 863 504 910 Martyr:
530 865 603 901 eius
617 866 732 911 imago
744 864 828 908 304,
848 866 905 902 11.

145 911 347 946 Gerasimus
370 912 557 947 monachus
572 938 583 954 ,
618 913 673 948 vir
697 913 844 959 simplex
869 916 906 948 et

190 957 375 1001 indoctus3
412 959 454 993 fit
478 959 682 1005 patriarcha
706 964 790 1007 post
813 959 906 1006 Gly-

191 1017 259 1050 cyn
282 1007 364 1047 292,
391 1006 447 1041 15.
473 1007 516 1040 ab
537 1006 735 1042 Andronico
764 1006 904 1041 seniore

191 1052 383 1087 arcessitur
406 1054 488 1095 312,
515 1055 571 1090 17.
597 1054 810 1089 commissum
835 1053 903 1088 sibi

192 1100 239 1180 aiz
263 1111 304 1134 eo
330 1111 490 1135 arcanum
508 1100 626 1148 prodit
644 1102 727 1144 315,
747 1103 805 1138 12.
829 1112 905 1136 mo-

190 1157 223 1180 r1
240 1158 292 1180 ur.

147 1192 315 1228 Germani
338 1190 396 1236 34,
422 1195 456 1229 6.

145 1241 364 1283 Germanus,
411 1240 617 1287 patriarcha
653 1239 905 1276 Constantino-

193 1286 370 1334 politanus
394 1293 477 1323 ante
501 1288 683 1323 Arsenium
707 1289 766 1330 55,
791 1289 826 1323 6.

145 1335 364 1376 Germanus,
406 1334 592 1381 episcopus
625 1333 908 1380 Adrianopolita-

193 1392 277 1422 nus3
317 1381 522 1427 patriarcha
554 1382 625 1417 GP.
668 1387 747 1428 post
797 1382 908 1415 Arse·-

194 1427 306 1462 nium:
344 1428 419 1464 eius
443 1428 565 1463 merita
590 1440 676 1473 erga
700 1428 809 1465 Mich.
835 1427 907 1461 Pa-

191 1474 386 1519 laeologum
403 1477 463 1519 95,
483 1477 518 1513 8.
544 1475 818 1522 patriarchatum
841 1475 906 1509 ab·

193 1521 290 1556 dicat
314 1524 393 1565 107,
420 1525 476 1559 11.

148 1569 343 1604 Germanus
384 1569 581 1605 Heracleae
621 1568 799 1604 Thraciae
832 1579 905 1603 me·-

194 1615 425 1661 tropolitanus
451 1616 531 1660 164,
558 1617 614 1652 17.

148 1662 399 1698 Gibellinorum
422 1664 531 1698 factio
552 1665 635 1705 286,
660 1664 720 1700 21.

149 1710 323 1755 Gigantes
345 1711 427 1752 885,
458 1712 493 1747 3.
523 1710 682 1756 σπαρτοὶ
713 1713 750 1745 et
782 1706 908 1755 αὐθη-

196 1756 343 1801 μερινοὶ
366 1759 448 1800 793,
473 1759 508 1794 8.

149 1803 304 1838 Girardo
357 1804 618 1850 (Franciscus)
671 1803 906 1847 'l'ricassinus,

197 1851 352 1896 sculptor
377 1852 522 1887 eximius
548 1854 651 1895 1222,
676 1851 712 1888 4.

150 1897 352 1932 Giustandil
377 1901 479 1943 1156,
507 1902 562 1936 11.

151 1944 287 1979 Glabas
321 1945 519 1991 (Michael)
550 1944 662 1992 μέγας
691 1943 909 1982 Κονόσταυ-

197 1994 273 2032 λος.
306 1992 436 2039 reliqui
468 1993 574 2029 duces
611 2005 699 2041 prae
733 2005 774 2028 eo
805 1992 909 2039 pueri

197 2040 289 2080 159,
337 2041 372 2075 9.
414 2040 681 2076 Protostratort
730 2040 908 2075 Thraciae

197 2086 413 2131 praefectus,
446 2088 591 2122 castella
613 2087 649 2122 in
673 2092 787 2122 monte
810 2087 908 2121 Hae-

198 2143 253 2166 mo
277 2132 469 2178 quindecim
494 2135 620 2179 partim
651 2134 782 2175 munit,
822 2145 909 2180 par-

197 2178 260 2213 tim
285 2190 307 2213 a
330 2180 558 2216 fundamentis
581 2181 732 2216 exstruit
747 2178 829 2223 484,
850 2181 907 2216 17.

153 2224 290 2270 Glycys
315 2226 499 2272 (Ioannes)
531 2229 731 2273 Logotheta
755 2228 830 2263 τῶν
854 2227 908 2263 οἰ-

198 2274 360 2308 κειακῶν
404 2286 466 2308 seu
490 2274 542 2308 rei
577 2276 757 2321 privatae:
808 2275 909 2321 lega-

199 2325 260 2354 tus
279 2320 323 2354 de
335 2320 508 2355 affinitate
521 2321 666 2356 mittitur
680 2334 755 2356 cum
767 2321 908 2358 Theod.

199 2366 396 2401 Metochita
426 2366 462 2402 in
502 2368 646 2404 insulam
685 2368 838 2414 Cyprum
871 2372 909 2404 et

199 2413 237 2447 in
267 2414 462 2449 Armeniam
497 2416 575 2457 193,
607 2417 665 2452 23.
698 2428 791 2450 suum
823 2415 910 2450 illud

201 2460 269 2495 iter
292 2460 368 2507 ipse
393 2461 577 2508 descripsit
598 2463 676 2504 194,
702 2464 757 2499 15.
780 2463 909 2506 laicus3

201 2507 402 2553 Logotheta
423 2507 565 2550 Dromi;
599 2509 765 2555 Niphone
789 2510 909 2556 expul-

201 2566 261 2597 so,
297 2554 338 2588 fit
379 2555 599 2600 patriarcha:
647 2556 802 2601 Glyceos
837 2557 910 2592 elo-

202 2600 320 2646 gium:
346 2612 409 2636 cur
433 2602 587 2637 habitum
609 2603 831 2638 monasticum
854 2603 911 2637 in-

202 2648 340 2690 duerit3
384 2649 582 2694 Gregoram
606 2650 796 2685 auditorem
819 2650 911 2684 assi-

203 2694 306 2728 duum
329 2695 453 2730 habuit
476 2697 567 2740 270,
589 2699 623 2733 6.
647 2696 766 2732 morbo
790 2697 910 2741 ingra-

202 2747 389 2784 vescente,
425 2742 461 2777 in
492 2745 733 2779 monasterium
758 2744 909 2786 secedit3

202 2787 338 2823 minime
362 2800 507 2833 avarus,
532 2791 691 2837 adeoque
713 2801 833 2836 parum
856 2790 910 2824 di-

201 2844 278 2870 ves:
315 2836 514 2881 Gregoram
534 2839 682 2874 arcessit
698 2863 711 2881 ,
745 2836 803 2872 cui
825 2836 909 2872 ulti-

735 151 788 191 IN
794 151 902 194 DEX
929 153 1111 194 RERUM
1123 185 1136 204 ,

994 268 1084 292 mam
1106 256 1319 292 voluntatem
1343 256 1454 293 dictet
1475 258 1558 301 289,
1581 260 1612 294 1.
1636 269 1707 303 qua

994 307 1114 339 aetate
1136 304 1173 338 in
1206 304 1328 339 Aulam
1360 305 1512 340 venerit:
1554 306 1706 340 honores

994 350 1108 396 gesti:
1150 350 1337 386 valetud0=
1380 351 1583 386 secessionis
1615 351 1706 386 ratio

994 399 1077 439 289,
1102 399 1159 435 13.
1194 397 1283 432 Vide
1307 403 1345 433 et
1367 400 1450 440 275,
1477 399 1534 436 14.

949 444 1109 487 Γναῖμαι
1123 469 1134 485 ,
1157 445 1284 479 vicarii
1307 446 1410 487 1293,
1434 443 1493 480 24.

948 491 1079 526 Gotthi
1104 493 1164 533 36,
1191 489 1247 527 14.

949 539 1104 573 Grabius
1141 538 1316 583 (loannes
1350 537 1550 584 Ernestus)
1601 539 1707 581 1220,

995 586 1054 621 42.
1080 588 1184 626 1221,
1210 587 1265 621 17.

950 632 1081 667 Graeci
1104 633 1290 667 Persarum
1314 632 1465 668 adventu
1493 631 1709 669 consternati

995 681 1078 721 310,
1105 681 1160 715 18.

949 727 1125 762 Graecum
1158 725 1285 770 dogma
1318 724 1447 771 quibus
1477 723 1708 760 fundamentis

997 772 1129 807 nitatur
1153 774 1233 815 502,
1262 775 1316 808 10.

950 819 1098 855 Grando
1121 819 1213 862 694,
1241 820 1296 855 15.
1334 817 1453 853 clades
1475 829 1540 864 per
1564 829 1639 852 eam
1663 818 1708 852 il-

997 867 1113 902 latae}
1139 871 1264 901 natura
1275 865 1470 911 grandinist
1495 865 1627 910 grando
1652 866 1709 898 fu-

996 913 1091 949 roris
1115 914 1225 949 divini
1242 912 1505 947 instrumentum
1527 913 1619 956 711,
1650 914 1709 947 22.

999 962 1091 1003 712,
1116 959 1150 995 4.
1175 961 1258 1001 713,
1281 962 1340 997 21.

953 1009 1114 1053 Graptus
1136 1006 1396 1052 (Theodorus)
1422 1006 1529 1048 1089,
1555 1006 1608 1041 17.
1633 1004 1710 1040 eius

995 1056 1106 1090 verba
1146 1054 1234 1096 940,
1286 1055 1342 1090 18.
1391 1054 1480 1096 948,
1526 1054 1581 1090 11.
1635 1063 1710 1086 cum

998 1102 1067 1136 SS.
1090 1100 1268 1147 Gregorio
1302 1105 1338 1135 et
1360 1100 1491 1135 Basilio
1524 1111 1710 1134 consensus

996 1149 1148 1189 950524.
1174 1150 1257 1182 item
1280 1149 1409 1190 971,7.
1437 1145 1584 1191 elogium
1607 1147 1710 1187 1138,

1001 1197 1056 1230 10.
1081 1195 1162 1229 libri
1188 1196 1289 1236 1138,
1328 1193 1382 1230 14.
1411 1192 1641 1228 testimouium
1666 1194 1711 1227 de

990 1240 1243 1276 'Eucharistiae
1262 1240 1424 1285 mysterio
1436 1241 1579 1282 1139‚5.
1600 1241 1711 1274 verba

999 1288 1394 1370 ἷέοηῖὲῖἓὲιῗυῖἕῖἷᾎῗ
1426 1287 1711 1380 Ρῖὲωέῗηῗῗῗιῖ

1394 1359 1405 1376 ,
1498 1360 1506 1370 ο

1000 1382 1258 1426 (Theodorus)
1294 1382 1395 1428 parvi
1419 1381 1536 1415 factus
1560 1392 1581 1415 a
1606 1381 1710 1415 Pala-

999 1429 1094 1463 mitis
1110 1430 1211 1471 1297,
1230 1429 1288 1464 33.
1306 1429 1350 1463 ab
1361 1427 1482 1462 iisdem
1502 1427 1711 1470 celebratus,

998 1475 1084 1511 ibid.
1110 1475 1240 1522 Grapti
1263 1487 1386 1510 nomen
1410 1475 1603 1520 praefixum
1627 1486 1711 1519 ope-

999 1522 1096 1557 ribus
1106 1523 1301 1568 Nicephori
1309 1521 1531 1568 patriarchae
1541 1523 1642 1564 1297,
1652 1522 1709 1558 33.

954 1569 1104 1604 Gratiae
1113 1569 1290 1615 gratuitae
1302 1569 1550 1614 (χαρίσματα)
1562 1570 1664 1610 1317,
1678 1571 1710 1604 1.

955 1616 1218 1662 Gratianopolis
1244 1618 1324 1656 703,
1353 1619 1407 1653 12.
1433 1618 1515 1660 836,
1541 1617 1596 1651 15.

954 1663 1138 1709 Gregoras
1172 1663 1424 1709 (Nicephorus)
1456 1663 1501 1697 de
1537 1663 1650 1708 seipso
1675 1666 1712 1697 et

1002 1710 1046 1746 de
1072 1722 1179 1756 opere
1202 1715 1365 1756 suscepto
1399 1713 1440 1753 6,
1471 1709 1529 1746 24.
1564 1709 1710 1752 iuvenis,

1002 1757 1222 1803 eloquentiae
1245 1757 1440 1799 studiosus3
1468 1757 1623 1803 Glyceos
1647 1769 1711 1791 au-

1001 1804 1095 1839 ditor
1119 1805 1274 1839 assiduus
1297 1806 1388 1846 270,
1420 1805 1478 1840 20.
1504 1805 1710 1839 Testamen-

1002 1856 1076 1887 tum
1101 1852 1180 1886 huic
1203 1851 1323 1886 scribit
1347 1852 1427 1893 289,
1447 1852 1501 1887 13.
1527 1852 1712 1896 Gregorae

1001 1899 1122 1934 officia
1162 1910 1246 1942 erga
1278 1898 1504 1933 Theodorum
1539 1897 1712 1932 Metocbi-

1003 1950 1073 1980 tam
1097 1947 1179 1988 308,
1203 1947 1260 1980 22.
1286 1945 1400 1980 oratio
1415 1970 1425 1989 ,
1462 1957 1533 1990 qua
1556 1957 1631 1979 eum
1656 1945 1712 1979 af-

1001 1993 1133 2028 flictum
1159 1991 1291 2027 solatur
1315 1993 1407 2034 309,
1430 1994 1487 2028 22.
1522 1991 1712 2026 Andronici

1003 2039 1147 2074 senioris
1167 2039 1436 2074 familiaritatem
1454 2040 1610 2085 expetit:
1631 2038 1711 2084 pbi-

1000 2086 1191 2132 losophiam
1216 2091 1252 2120 et
1275 2087 1516 2121 astronomiam
1547 2085 1615 2119 iam
1638 2092 1711 2120 tum

1001 2145 1079 2216 {213¹
1082 2144 1183 2215 iffi
1194 2134 1310 2214 ¹535}ss
1313 2133 1504 2225 heesssseiflffff
1505 2136 1612 2214 {1:3st
1626 2143 1711 2223 ἓὲἳζ

1001 2229 1059 2264 20.
1095 2227 1229 2269 oratio,
1269 2237 1338 2272 qua
1371 2229 1531 2261 hortatus
1556 2230 1627 2268 est,
1672 2231 1711 2261 ut

1002 2273 1243 2322 philosophiae
1275 2278 1311 2307 et
1343 2273 1573 2308 astronomiae
1607 2284 1712 2318 prae-

1002 2328 1108 2367 cepta
1132 2321 1266 2367 plenius
1290 2320 1356 2355 sibi
1379 2320 1536 2355 traderet
1559 2321 1709 2362 322,19.

1003 2372 1166 2415 quantum
1202 2379 1244 2402 ea
1276 2366 1387 2402 oratio
1419 2367 1511 2413 apud
1534 2367 1710 2413 Logothe-

1003 2421 1075 2451 tam
1098 2414 1248 2449 valuerit
1271 2415 1361 2456 327,
1394 2415 1429 2450 5.
1461 2414 1612 2459 benigne
1649 2426 1712 2448 ex-

1003 2467 1125 2509 ceptus
1158 2462 1202 2496 ab
1233 2460 1429 2497 Andronico
1464 2461 1599 2496 seniore
1627 2462 1710 2504 327,

1004 2512 1062 2548 10.
1103 2508 1291 2544 orationem
1335 2508 1428 2553 apud
1470 2507 1562 2542 illum
1605 2509 1713 2542 habet

1003 2559 1073 2593 328
1090 2581 1101 2599 ,
1127 2558 1161 2592 9.
1189 2555 1480 2599 chartophylacis
1504 2555 1712 2601 dignitatem

1005 2603 1156 2639 oblatam
1189 2601 1352 2647 repudiat
1384 2601 1477 2644 340,
1512 2605 1544 2638 1.
1586 2602 1710 2644 oratio,

1003 2662 1105 2697 quam
1134 2648 1179 2683 de
1212 2659 1254 2682 ea
1284 2660 1324 2682 re
1357 2660 1471 2683 coram
1503 2648 1711 2694 imperatore

1004 2698 1125 2732 habuit
1134 2694 1216 2738 340,
1237 2696 1292 2730 12.
1312 2696 1510 2741 repudianti
1528 2696 1582 2730 vis
1601 2707 1712 2741 paene

1003 2744 1102 2779 illata
1124 2741 1213 2784 348,
1246 2743 1280 2777 2.
1315 2742 1359 2776 de
1391 2743 1564 2777 Pascbate
1589 2742 1712 2787 dispu-

1002 2796 1078 2833 tat,
1103 2790 1243 2824 favente
1266 2788 1497 2835 imperatore,
1528 2789 1711 2833 refragan-

1003 2838 1098 2874 tibus
1131 2837 1264 2872 frustra
1298 2837 1511 2872 adversariis
1549 2834 1641 2878 364,
1675 2837 1709 2872 3.
