1794 3172
253 158 355 210 894
659 160 976 209 NICEPHORI
1003 159 1336 207 GREGORAE.

35 288 74 322 A.
85 286 131 321 M.
154 284 245 322 6859
255 276 421 333 οὐδαμῆ
448 274 548 326 τοὺς
566 271 669 331 ὖπέρ
699 271 907 326 εὐσεβείας
933 267 1201 327 καπηλεύσειν
1228 268 1402 323 ἐοικότες
1424 269 1609 329 ἀγῶνας·
1645 271 1731 316 Δε-

89 329 196 369 ¹¹¹d⁸4
253 345 339 400 ξιός
360 363 428 399 τε,
464 343 510 395 ὃς
527 341 636 403 λόγῳ
658 343 727 385 καὶ
747 341 873 399 ἀρετῇ
901 340 974 385 τὸν
995 342 1088 395 βιόν
1117 340 1178 384 ἀεὶ
1207 345 1374 396 κοσμῶν
1410 340 1531 392 ἔδειξε
1563 342 1630 383 καὶ
1658 345 1732 384 νῦν

215 419 300 464 Εέν
314 421 400 466 τοῖς
415 412 519 471 ὑπὲρ
541 412 748 468 εὐσεβείας
764 411 916 468 ἀγῶσιν
936 410 1100 467 οὐδαμῆ
1122 411 1385 468 ψευδομένην
1410 410 1512 467 ἒβςων
1531 410 1607 466 τὴν
1631 414 1732 466 κλῆ-

256 504 345 540 σιν,
382 485 450 527 καὶ
478 482 566 538 ἅμα
586 478 864 535 Ἀθανάσιος,
904 479 1143 531 ἀθανασίας
1170 478 1338 539 πλήρεις
1369 479 1472 537 ἔχων
1501 479 1601 530 τούς
1621 483 1733 536 λογι-

254 551 401 612 σμούς.
474 550 564 612 (ς’.)
594 551 686 595 Ἐπὶ
705 549 868 601 τούτοις
893 547 1000 594 καὶὸ
1030 554 1115 594 τῶν
1135 551 1244 606 ε’μῶν
1276 547 1400 608 εἲσῄει
1425 549 1551 607 χορὸς
1581 554 1763 605 μάθῃ-5

255 629 365 678 τῶν,
403 624 470 666 καὶ
505 623 647 672 οἵτινες
671 620 731 665 ἔτι
766 621 908 679 σφίσιν
939 620 1192 678 ἔφοίτησαν,
1229 619 1302 663 τὸν
1328 620 1457 664 αὐτὸν
1481 616 1734 676 ἀγωνισάμε-

256 711 321 737 νοι
348 696 409 752 τῷ
431 689 669 751 διδασκάλῳ
699 688 869 746 δρόμον.
907 683 964 733 ὧν
983 689 1032 733 τὸ
1051 690 1156 747 πρὸς
1175 689 1274 740 τούς
1294 687 1396 748 ὑπὲρ
1423 689 1629 743 εὐσεβείας
1648 706 1735 732 κιν-

256 760 406 813 δύνους
432 758 657 820 πρόθυμόν
683 778 729 804 τε
755 762 824 804 καὶ
854 758 1007 817 εὐγενὲς
1040 761 1108 804 καὶ
1145 759 1220 816 τὴν
1250 759 1484 817 ἔμπρακτον
1516 758 1736 814 εὐδοκιμη-

220 840 323 877 Ὲσιν
358 832 508 882 ἱκανῶς
545 829 761 886 δεδειχέναι
802 832 912 874 δοκῶ
950 847 1023 885 μοι
1053 829 1154 880 τούς
1185 830 1228 872 ἐν
1251 829 1386 888 ἐκείνῳ
1416 833 1475 888 τῷ
1494 832 1736 886 μαρτυρικῷ

257 902 415 961 σταδίῳ
436 907 671 959 περιφανεῖς
688 899 850 957 ἀγῶνας
866 900 934 942 καὶ
956 899 1009 943 τὰ
1037 899 1493 958 ἕπιπεπαρῥησιασμένα
1509 903 1584 953 τῆς
1602 896 1734 955 γλώτ-
1747 908 1793 944 10

191 978 194 981 “
255 989 332 1027 της
354 970 484 1026 σεμνὰ
502 971 785 1026 παλαίσματα.
860 967 951 1029 (Ζ.)
988 971 1075 1012 Καὶ
1092 971 1163 1012 ἵνα
1187 969 1284 1019 τούς
1313 968 1466 1020 ἄλλους
1492 966 1625 1021 ἐάσω,
1663 966 1738 1018 οὓς

257 1040 374 1084 οὔπω
404 1041 472 1083 καὶ
502 1037 681 1098 τήμερον
710 1040 751 1090 ἒς
775 1037 874 1094 ὄψιν
906 1038 1008 1082 ἴέναι
1039 1037 1303 1097 περιειστήκει
1329 1056 1428 1093 μοι,
1465 1035 1737 1093 παμπόλλους

257 1126 303 1153 τε
338 1109 463 1159 ὄντας
497 1111 583 1152 καὶ
607 1106 767 1159 πάντας
799 1106 992 1165 ἀλλήλοις
1022 1106 1333 1164 ἁμιλλωμένους
1370 1107 1446 1165 τὴν
1478 1107 1627 1164 ἀρετὴν
1668 1108 1738 1149 καὶ

259 1179 333 1223 τὸν
359 1180 479 1234 βιόν,
510 1180 579 1221 καὶ
600 1183 675 1234 τῆς
706 1177 823 1222 ἴνδον
852 1177 960 1221 κατὰ
990 1177 1093 1221 θεὸν
1125 1177 1601 1235 ἂγαλματοφορουμὲνης
1631 1193 1738 1232 προ-

109 1252 151 1289 Ρ.
170 1252 240 1290 563
258 1248 416 1299 θέσεως
444 1246 692 1306 αὐτάγγελον
717 1245 877 1305 κήρυκα
907 1247 983 1303 τὴν
1011 1251 1085 1290 τοῦ
1113 1247 1251 1304 ἤθους
1274 1245 1586 1303 εὐσχημοσύνην
1609 1246 1737 1289 αὐτο-
1750 1259 1794 1296 15

255 1315 400 1374 μάτως
417 1314 545 1375 φάναι
559 1317 921 1375 προβαλλομένους
931 1323 1018 1367 τοῖς
1036 1315 1125 1360 ὅσοι
1147 1314 1220 1368 ξύν
1240 1334 1283 1374 γε
1299 1318 1455 1360 συνέσει
1468 1318 1536 1359 καὶ
1555 1317 1739 1376 περινοίᾳ

259 1391 372 1446 σοφῇ
400 1391 656 1444 θεωροῦσιν·
694 1387 779 1430 ἐπεὶ
810 1386 864 1429 τὰ
890 1390 966 1442 τῆς
992 1384 1105 1444 ὥρας
1131 1385 1213 1443 ἤδη
1252 1384 1492 1442 ἐνειστήκει,
1532 1387 1574 1428 ἐν
1602 1380 1630 1443 ᾗ
1671 1387 1740 1428 καὶ

258 1456 336 1513 τὴν
362 1458 404 1508 ἐς
422 1455 474 1500 τὰ
493 1458 684 1510 βασίλεια
705 1456 903 1512 ἔνδημίαν
921 1453 1039 1511 ἡμῶν
1059 1456 1272 1513 γίγνεσθαι
1297 1454 1376 1498 ἴδει
1388 1488 1402 1508 ,
1441 1456 1480 1499 οἳ
1508 1456 1584 1510 μὲν
1607 1454 1739 1512 προῦ-

255 1543 400 1582 χοντες
424 1524 552 1584 ἀρετῇ
582 1527 650 1569 καὶ
680 1525 838 1569 συνέσει
873 1531 961 1575 τοῖς
983 1524 1123 1576 ἄλλοις
1142 1524 1196 1568 τὰ
1220 1524 1507 1582 παρακλητικὰ
1529 1529 1604 1567 τοῦ
1627 1524 1739 1581 ἀγῶ-

259 1613 332 1645 νος
352 1594 686 1653 περιεσάλπιζον,
725 1593 863 1653 ὥσπερ
882 1595 924 1637 ἐν
943 1594 1227 1654 στρατοπέδῳ.
1300 1592 1399 1653 (H.)
1432 1593 1534 1651 Ἐγιὺ
1557 1594 1603 1636 δὲ
1622 1611 1736 1651 περι-
1749 1607 1794 1643 20

259 1663 522 1721 βλεψάμενος
554 1664 743 1714 ἅπαντας
775 1661 836 1720 ,,ἦ
865 1664 941 1719 μὲν
969 1664 1191 1721 προθυμία
1223 1667 1308 1707 τῶν
1341 1661 1737 1719 συνεληλυθότων”,

227 1732 394 1791 Βὲφην,
430 1734 541 1788 ,,οὐκ
567 1731 761 1791 ἀγεννής·
796 1731 822 1789 ἡ
845 1733 891 1776 δὲ
913 1731 1144 1790 παράταξις
1171 1731 1379 1788 ἀσθενὴς,
1413 1732 1490 1789 τὴν
1520 1737 1596 1776 τοῦ
1614 1738 1740 1787 βασι-

262 1803 363 1855 λέως
383 1805 452 1847 καὶ
469 1811 590 1863 χεῖρα
617 1805 685 1847 καὶ
708 1799 876 1860 γνώμην
898 1799 1015 1857 μάλα
1039 1801 1264 1846 ἀντίπαλον
1296 1801 1461 1858 ἔχουσα.
1505 1800 1738 1862 βαρύτερον

261 1977 321 2025 qui
339 1978 416 2025 ipso
433 1978 550 2015 statim
566 1979 689 2015 habitu
706 1978 841 2014 minime
858 1975 1066 2012 videbantur
1083 1975 1118 2012 in
1137 1976 1219 2012 fidei
1235 1975 1448 2012 orthodoxae
1464 1975 1663 2012 defensione
1683 1978 1739 2013 ul-

260 2025 331 2061 lam
348 2026 504 2061 fraudem
524 2026 726 2069 admissuri3
748 2035 871 2069 nempe
888 2023 1041 2065 Dexius,
1065 2023 1125 2069 qui
1142 2023 1333 2058 litterarum
1349 2030 1386 2058 et
1402 2022 1543 2058 virtutis
1557 2024 1659 2058 laude
1676 2037 1739 2059 an-

262 2074 324 2107 tea
343 2072 481 2118 quidem
498 2084 634 2119 semper
652 2071 797 2107 illustris
817 2070 906 2111 fuit3
931 2075 968 2104 at
984 2069 1021 2103 in
1040 2069 1137 2104 hisce
1154 2070 1333 2115 religionis
1352 2070 1598 2105 certaminibus
1621 2083 1738 2106 verum

265 2129 344 2153 esse
360 2130 455 2153 suum
474 2131 593 2155 nomen
620 2118 782 2155 ostendit.
828 2117 914 2151 Item
933 2115 1139 2151 Athanasius
1153 2141 1164 2159 ‚
1187 2121 1282 2151 totus
1301 2129 1341 2151 re
1359 2116 1437 2163 ipsa
1454 2116 1490 2151 in
1514 2117 1738 2152 meditatione

262 2164 537 2201 immortalitatis.
603 2165 704 2211 (VI.)
735 2162 882 2200 Subibat
916 2162 1039 2198 deinde
1075 2163 1199 2198 chorus
1229 2163 1472 2210 discipulorum
1499 2174 1670 2205 meorum,
1701 2169 1740 2199 et

264 2215 436 2258 quotquot
462 2214 646 2258 praeterea
672 2211 816 2246 istorum
845 2208 1007 2255 discipuli
1036 2213 1153 2253 erant,
1183 2209 1273 2245 idem
1300 2221 1375 2245 cum
1402 2209 1565 2255 magistro
1592 2210 1738 2245 stadium

263 2257 456 2293 decursuri.
511 2259 665 2299 Quorum
694 2257 841 2293 animum
867 2256 901 2290 in
931 2255 1121 2290 subeundis
1147 2267 1208 2301 pro
1242 2256 1412 2302 religione
1438 2255 1602 2301 periculis
1624 2268 1740 2302 prom-

263 2308 361 2350 ptum
388 2315 431 2339 ac
454 2315 676 2349 generosum,
706 2308 742 2339 et
761 2303 935 2338 efficacem
959 2314 1043 2337 vere
1068 2303 1251 2345 virtutem,
1285 2303 1371 2337 satis
1399 2302 1456 2345 (ut
1477 2302 1557 2336 mihi
1577 2303 1738 2348 videtur)

262 2350 484 2386 declararunt
505 2350 705 2398 praeclarae
729 2350 810 2385 illae
836 2348 1064 2390 luctationes‚
1096 2349 1222 2396 quibus
1248 2361 1286 2383 se
1313 2349 1350 2383 in
1376 2348 1539 2393 Martyrii
1567 2349 1739 2394 palaestra

263 2400 514 2439 exercuerunt,
546 2401 583 2432 et
601 2397 743 2431 honesta
760 2396 899 2442 linguae
924 2395 1108 2430 certamina
1129 2396 1173 2431 ab
1189 2395 1232 2429 iis
1250 2395 1400 2440 ingenue
1420 2400 1457 2429 et
1475 2395 1641 2429 audacter
1660 2407 1739 2430 sus-

262 2447 377 2489 cepta.
431 2443 549 2489 (VII.)
573 2443 706 2478 Omitto
729 2443 814 2478 alios
835 2453 937 2488 quam
963 2442 1145 2488 plurimos,
1171 2453 1257 2488 quos
1277 2452 1386 2487 usque
1406 2440 1450 2475 ad
1470 2440 1559 2475 hunc
1584 2441 1673 2476 diem
1693 2453 1738 2476 ne

264 2490 386 2525 videre
407 2489 544 2536 quidem
571 2489 651 2525 mihi
678 2489 845 2535 contigit:
868 2500 983 2523 omnes
1005 2488 1153 2523 eiusdem
1175 2487 1314 2522 virtutis
1339 2487 1560 2533 eiusdemque
1583 2486 1737 2522 instituti

264 2537 435 2571 aemulos:
460 2547 575 2571 omnes
593 2536 792 2582 impressam
811 2534 922 2570 animo
940 2534 1028 2580 piam
1049 2534 1251 2569 sententiam
1270 2545 1398 2568 morum
1418 2534 1598 2568 honestate
1618 2533 1738 2579 expri-

266 2587 419 2625 mentes,
442 2583 565 2627 suique
582 2582 699 2629 ¹ipsius
722 2581 969 2628 quodammodo
990 2581 1136 2616 indicem
1157 2592 1242 2626 prae
1270 2592 1308 2615 se
1330 2580 1503 2622 serentes,
1527 2586 1566 2615 ut
1593 2580 1696 2615 facile
1715 2592 1737 2616 a

264 2628 351 2664 viris
369 2629 592 2674 prudentibus
610 2628 897 2675 perspicerentur.
944 2627 1100 2663 Tandem
1129 2638 1204 2661 cum
1230 2626 1379 2660 instaret
1396 2626 1500 2668 hora,
1524 2638 1594 2672 qua
1618 2638 1680 2661 nos
1700 2625 1736 2661 in

266 2675 428 2722 palatium
453 2675 507 2710 ire
535 2677 736 2723 oportebat,
766 2675 792 2709 ii
822 2673 884 2719 qui
903 2673 1036 2709 virtute
1064 2679 1101 2708 et
1126 2672 1357 2718 intelligentia
1381 2673 1629 2718 praestabant,
1652 2672 1735 2707 dato

266 2721 375 2756 veluti
393 2722 555 2757 militibus
571 2722 692 2768 signo,
715 2721 803 2757 alios
821 2719 913 2755 ciere
930 2719 975 2754 ad
995 2731 1141 2766 pugnam
1159 2723 1356 2765 coeperunt.
1396 2718 1529 2763 (VIII.)
1552 2719 1632 2764 Ego
1652 2730 1736 2753 vero

265 2765 444 2803 universos
461 2768 738 2815 circumspiciens
758 2778 899 2812 „eorum
919 2766 1095 2812 (inquam)
1117 2765 1176 2812 qui
1193 2766 1262 2800 huc
1279 2770 1512 2800 convenerunt
1529 2765 1634 2799 ardor
1654 2776 1737 2799 sane

266 2814 359 2848 haud
382 2814 550 2858 ignavus3
574 2815 636 2850 sed
653 2815 746 2850 vires
763 2814 808 2850 ad
825 2812 1004 2848 ineundam
1025 2824 1174 2859 pugnam
1197 2811 1364 2846 infirmae.
1411 2810 1549 2846 Etenim
1571 2811 1737 2856 principis

267 2861 456 2906 potentiam
472 2860 625 2899 simulet
643 2862 852 2899 voluntatem
869 2858 1142 2897 adversissimam
1157 2858 1338 2895 habiturae
1358 2861 1447 2895 sunt.
1494 2857 1593 2894 Nihil
1610 2862 1736 2900 autem,
