1794 3172
260 151 371 202 -‹646
531 191 534 194 .
643 158 985 233 *NICEPHORJ
1003 130 1344 202 GREGORAE

50 282 89 316 A.
107 281 150 314 M.
166 280 258 317 6850
270 267 483 325 ξενούσης,
504 266 584 321 7οἷς
604 274 874 326 κακοπραγεΐν
893 267 997 325 πρὸς
1017 271 1094 324 τῆς
1116 265 1298 325 ἀγούσης
1317 267 1371 312 τὰ
1391 265 1530 314 πάντα
1548 269 1746 329 προνοίας

83 330 162 395 ,ΙΨ
180 330 602 408 ῙΟΒνενομοθέτηται,
640 342 774 382 ταῦτα
797 340 822 381 δ
829 338 840 354 ²
865 337 958 381 οὔτ’
982 335 1032 380 ἂν
1060 337 1186 388 αὐτὸς
1205 338 1415 395 ἐπαινοίην
1437 337 1539 383 ἑκών
1559 357 1602 397 γε
1625 338 1741 393 εἶναι,

272 409 373 454 οὔθ’
407 407 633 466 ὁλοσχερῶς
663 415 756 458 ταῖς
793 412 876 451 τῶν
902 407 1138 462 ψεγομένων
1168 407 1289 464 ἔγωγε
1322 410 1446 465 θείην
1473 410 1645 468 με’ρίσιν.
1695 410 1744 453 οὗ

269 479 348 537 γὰρ
386 476 551 534 πράξεις
586 481 746 532 μᾶλλον
788 477 914 527 αὐτὸς
944 474 1244 533 ὃμολογήσαιμ’
1280 475 1333 521 ἂν
1373 474 1501 522 ταῦτ’
1532 477 1635 522 εἶναι
1667 483 1743 523 τοῦ

261 551 473 606 δρῶντος,
510 546 537 603 ’ἢ
561 545 697 604 φοράν
717 564 810 589 τινα
831 546 981 603 ἄλογον
1005 545 1080 606 (ὥς
1100 564 1143 603 γε
1163 546 1338 605 εἴρηται)
1358 545 1506 604 τύχης,
1544 546 1571 605 ἢ
1593 548 1779 605 &ymo-5

267 615 497 674 μονούσης,
535 615 562 672 ἢ
586 617 769 671 χοίνικας
796 620 1023 674 συμφορῶν
1054 615 1101 659 οὗ
1143 615 1259 671 μάλα
1293 614 1470 674 εὐμενῶς
1499 617 1746 674 ἆπεμπολεῖν
1792 614 1794 616 ’

130 696 174 730 V.
189 695 258 732 326
270 686 512 745 αἱρουμένης
540 685 646 729 καθ’
678 680 733 729 ὧν
758 686 952 742 ἐπείγεται
983 687 1204 741 δυσμενῶς.
1244 684 1300 737 ὥς
1317 692 1416 744 γοῦν
1436 686 1742 746 ἀστεφάνωτον,

270 755 292 800 ὃ
317 756 375 812 μὴ
408 755 514 799 κατὰ
545 753 746 811 πρόθεσιν
779 753 945 812 γνώμης
976 755 1198 811 εὐδοκιμεῖ,
1262 755 1394 808 οὕτως
1436 755 1747 819 ἀκατηγόρητον

232 826 410 881 Οοῖομαι
429 827 536 879 δεῖν,
577 824 598 868 ὃ
619 826 677 882 μὴ
699 825 804 868 κατὰ
828 826 1063 882 προαίρεσιν
1088 826 1238 882 ἀτυχεῖ.
1288 826 1364 886 (Ι.)
1383 828 1636 883 Δειχθέντος
1657 845 1747 871 τοι-

269 899 448 954 γαροῧν,
485 893 541 945 ὥς
567 895 636 938 διὰ
665 895 740 950 τὴν
769 893 952 938 ἑκούσιόν
982 912 1026 938 τε
1051 898 1119 938 καὶ
1137 895 1217 939 ἀπὸ
1239 894 1405 954 γνώμης
1423 898 1574 954 ἐκείνην
1597 915 1744 956 καρτε-
1759 908 1794 944 1(

135 990 149 1008 ι
274 967 390 1024 ριάν,
418 966 494 1020 ,καὶ
521 964 569 1008 τὸ
596 964 654 1021 μὴ
675 964 830 1008 ἐθέλειν
858 963 1091 1020 ἀμύνεσθαι
1114 966 1212 1017 τούς
1244 964 1337 1010 τότε
1358 971 1611 1020 λυποῦντας,
1651 967 1748 1011 οὐδὲ

272 1035 391 1091 μέχρι
419 1034 582 1089 χειλέων
610 1034 747 1092 ἄκρων
755 1068 768 1088 ,
807 1036 999 1090 νηνεμίαν
1028 1035 1142 1095 αὐτῷ
1166 1040 1250 1080 τῶν
1281 1034 1480 1081 κινδύνων
1501 1037 1749 1094 κατέστησεν

274 1103 297 1148 ὃ
316 1106 471 1155 δίκαιος
495 1103 655 1148 ἄνωθεν
673 1104 911 1160 ἀθλοθέτης
930 1106 972 1147 ἓν
994 1104 1183 1166 τοσούτῳ
1196 1112 1363 1163 χειμῶνι
1385 1108 1452 1150 καὶ
1469 1105 1644 1150 κλύδωνι
1664 1111 1748 1151 τῶν

273 1179 434 1227 κακῶν,
474 1172 733 1229 δειχθήσεται
751 1172 915 1225 πάντως
933 1173 1187 1234 πλατύτερον
1209 1176 1315 1220 κατὰ
1331 1174 1477 1234 χώραν
1503 1174 1601 1233 ἡμῖν
1632 1193 1747 1234 γενο-

232 1244 434 1299 Βμένοις,
466 1248 540 1286 τοῦ
567 1242 687 1300 λόγου
721 1246 1041 1302 προβαίνοντος,
1080 1249 1149 1290 καὶ
1180 1245 1293 1298 ὅπως
1313 1247 1355 1290 ἐν
1382 1245 1570 1305 ὑστέροις
1589 1247 1748 1303 συμπέ-
1761 1259 1794 1294 15

270 1330 404 1357 πτωκε
434 1311 566 1372 τούτῳ
601 1312 737 1357 πάντα
769 1313 1103 1371 τάναντιῶτατα,
1150 1323 1287 1375 τηρεῖν
1307 1316 1576 1373 βουλομένοις
1607 1317 1750 1373 τὸτῆς

273 1383 458 1441 ἴστορίας
487 1382 641 1439 ἀληθὲς
669 1386 862 1440 ταυτησὶ,
902 1387 968 1428 καὶ
1001 1393 1136 1430 πεῖσαι
1169 1388 1268 1437 τοὺς
1297 1385 1430 1446 ταύτῃ
1454 1386 1749 1442 συνεσομένους

270 1457 330 1511 τῷ
348 1450 517 1512 χρόνῳ,
549 1454 615 1496 καὶ
645 1454 742 1497 κατ’
777 1452 1006 1510 ἓμπάθειαν
1035 1454 1254 1513 ἡντιναοῦν
1279 1455 1384 1514 μήτε
1413 1457 1466 1500 τὰ
1483 1457 1658 1500 ἐπαίνων
1681 1458 1750 1499 καὶ

270 1519 494 1576 θαύματος
515 1527 589 1566 τοῦ
614 1523 786 1582 ἀνδρὸς,
823 1523 939 1581 μήθ’
962 1524 1041 1569 ὅσα
1065 1531 1140 1583 τῆς
1162 1529 1349 1578 ἐναντίας
1378 1524 1606 1583 ἐβλάστησε
1622 1526 1748 1585 ῥίζης,

270 1592 443 1648 ἐξαίρειν
476 1596 535 1651 τῷ
570 1591 676 1653 λόγῳ
706 1595 879 1649 νομίζειν
905 1593 1017 1652 ἡμᾶς
1045 1601 1121 1641 τοῦ
1149 1597 1283 1656 χρεῶν
1314 1594 1596 1655 ὖψηλότερον·
1646 1597 1744 1639 ἀλλ’
1759 1609 1794 1644 2(

271 1660 402 1717 αὐτὴν
435 1659 490 1712 ὧς
520 1661 657 1718 ἔτυχεν
687 1663 837 1720 ἔχουσα
865 1665 944 1722 τὴν
976 1664 1180 1723 ἀλήθειαν
1207 1667 1511 1726 ἀφηγουμένοις
1530 1664 1746 1721 πιστεύειν,

230 1732 340 1773 Ena}
367 1731 467 1785 μίαν
497 1732 588 1775 τινὰ
629 1733 703 1790 τὴν
737 1734 935 1792 ὠφέλειαν
974 1734 1235 1796 ἑκατέρωθεν
1265 1736 1426 1788 πάντας
1462 1740 1746 1795 καρποῦσθαι,

274 1804 534 1857 συνορῶντας
553 1800 657 1854 εῗκός
685 1822 727 1848 τε
748 1806 815 1847 καὶ
833 1803 950 1860 μάλα
976 1813 1062 1857 τοῖς
1087 1807 1315 1864 σπέρμασιν
1350 1803 1559 1865 ἁρμόττον
1579 1804 1750 1850 κατόπιν

275 1869 338 1913 ῗὸν
355 1869 401 1913 τὸ
423 1868 613 1929 γεώργιον
627 1887 638 1897 ·
674 1872 734 1925 οἷς
752 1875 826 1930 μὲν
851 1876 893 1927 ἐξ
910 1875 1077 1933 ἀγαθῆς
1097 1877 1372 1936 προαιρέσεως
1399 1875 1616 1936 ὁρμᾶσθαι
1638 1877 1747 1933 ἐνῆν,

277 1980 398 2026 plena,
422 1992 506 2026 quos
523 1993 598 2016 esse
616 1982 770 2020 infelices
789 1985 890 2022 iussit
907 1987 1149 2034 omnipotentis
1165 1988 1404 2034 providentiae
1421 1987 1636 2032 decretum),
1661 1998 1750 2034 quae

275 2027 413 2072 inquam
432 2039 453 2061 a
469 2028 608 2063 fortuna
631 2034 727 2073 sunt,
751 2044 793 2067 ea
810 2045 875 2079 ego
897 2046 962 2069 nec
980 2034 1191 2070 laudaverim
1218 2047 1293 2070 mea
1313 2035 1449 2081 quidem
1469 2039 1612 2082 sponte,
1637 2045 1751 2080 neque

277 2073 411 2128 omnino
425 2074 596 2110 retulerim
615 2076 650 2111 in
666 2089 724 2112 eas
740 2091 808 2121 τοῦ,
828 2093 915 2126 quae
934 2081 1126 2128 vituperari
1145 2083 1283 2117 debent.
1307 2083 1364 2116 Ea
1382 2083 1471 2118 enim
1489 2093 1555 2116 non
1573 2087 1642 2116 tam
1662 2082 1750 2123 eius,

277 2131 335 2165 qur
357 2123 450 2165 agit,
475 2132 580 2166 opera
602 2135 679 2158 esse
704 2125 847 2161 dixerim
862 2151 872 2169 ,
903 2140 1004 2174 quam
1025 2129 1244 2175 temerarium
1267 2130 1434 2175 quendam
1455 2130 1616 2164 fortunae
1640 2127 1751 2174 impe-

274 2170 366 2208 tum,
390 2178 451 2200 seu
474 2168 642 2213 faventis,
666 2183 727 2206 seu
747 2174 837 2207 omni
865 2175 1095 2210 calamitatum
1116 2188 1246 2221 genere
1272 2176 1460 2211 saevientis
1486 2176 1653 2210 adversus
1677 2186 1750 2216 eos,

275 2258 286 2267 ·
301 2224 362 2247 uos
381 2213 497 2247 hostili
515 2216 622 2251 animo
640 2216 782 2253 invadit.
820 2220 1110 2262 Quemadmodum
1128 2223 1236 2269 igitur
1256 2234 1383 2258 corona
1404 2222 1539 2258 minime
1554 2222 1747 2256 donandum

275 2270 287 2293 ι
303 2258 360 2293 lud
375 2264 484 2314 pum,
509 2262 600 2306 quod
624 2270 764 2308 praeter
788 2268 991 2304 sententiam
1017 2269 1195 2315 praeclare
1217 2270 1409 2312 acciderit,
1432 2270 1484 2304 ita
1502 2281 1567 2304 nec
1587 2268 1751 2303 damnan-

275 2305 353 2340 dum
374 2306 459 2360 illud
483 2318 626 2351 cense0,
649 2311 741 2355 quod
765 2317 903 2358 praeter
922 2315 1130 2352 voluntatem
1154 2317 1243 2351 male
1271 2316 1488 2351 successerit.
1535 2316 1620 2361 (X.)
1645 2315 1750 2349 Post-

274 2363 374 2398 quam
399 2357 517 2407 ltaque
545 2356 810 2401 ostenderimus,
841 2362 1010 2406 patientia
1033 2363 1093 2398 illa
1119 2363 1315 2399 voluntaria
1341 2375 1383 2398 ac
1409 2363 1621 2404 deliberata,
1655 2366 1691 2396 et
1708 2372 1750 2395 eo

276 2399 368 2453 quod
383 2398 504 2451 ulc1sc1
523 2412 582 2435 eos
601 2403 705 2437 nollet
721 2404 781 2450 qui
795 2410 865 2442 tum
887 2409 1020 2444 molesti
1039 2415 1150 2455 erant,
1172 2411 1300 2446 factum
1320 2422 1409 2453 esse,
1428 2414 1468 2444 ut
1485 2410 1522 2443 in
1537 2413 1636 2444 tanta
1657 2407 1749 2442 cala-

274 2447 429 2480 mitatum
450 2449 654 2492 tempestate
677 2451 848 2497 tantisque
866 2453 1029 2490 fluctibus
1053 2456 1163 2492 iustus
1187 2469 1228 2492 ac
1248 2457 1408 2492 caelestis
1430 2456 1654 2502 praemiorum
1677 2454 1750 2489 dis-

277 2495 441 2547 pensator
466 2494 627 2538 periculis
651 2495 802 2541 depulsis
827 2502 1044 2547 tranquillum
1065 2515 1140 2539 eum
1159 2516 1238 2540 esse
1254 2503 1412 2545 iuberet3
1436 2502 1653 2538 ostendemus
1679 2500 1751 2535 uti-

278 2549 344 2584 que
356 2538 471 2592 fusius
492 2551 555 2575 suo
578 2541 652 2596 ¹⁰⁰9
665 2567 676 2583 ‚
701 2545 908 2597 procedente
927 2549 992 2584 hoc
1010 2561 1138 2596 opere,
1162 2562 1307 2598 quonam
1326 2555 1427 2598 pacto
1452 2549 1694 2584 adversissima
1716 2547 1751 2582 ei

278 2594 391 2618 omma
407 2586 552 2641 posthac
569 2589 776 2633 acc1der1nt‚
801 2593 979 2629 veritatem
996 2596 1190 2632 historicam
1206 2597 1358 2632 retinere
1379 2596 1579 2642 cupientes,
1604 2607 1646 2630 ac
1668 2606 1751 2641 per-

278 2630 425 2666 suadere
452 2644 517 2678 us,
543 2635 656 2680 quiin
676 2636 763 2670 hanc
784 2641 971 2685 temporum
992 2648 1125 2688 partem
1152 2644 1360 2686 inciderint,
1392 2655 1436 2678 ne
1464 2655 1527 2677 nos
1553 2642 1751 2677 existiment

275 2687 477 2733 q⁰012¹¹¹¹q¹¹0
503 2680 629 2717 affectu
653 2682 774 2718 ductos
799 2696 906 2730 supra
926 2689 1059 2724 modum
1077 2690 1178 2725 dictis
1199 2701 1412 2736 exaggerare
1438 2701 1502 2732 ea,
1527 2701 1615 2735 quae
1633 2689 1670 2723 in
1691 2687 1750 2722 ino

274 2722 408 2760 homme
427 2725 483 2760 vel
505 2726 607 2763 laude
633 2733 669 2764 et
686 2729 911 2768 admiratione
929 2734 1034 2780 digna
1053 2737 1278 2779 exstiterunt,
1302 2737 1359 2772 vel
1380 2737 1423 2771 ab
1443 2736 1562 2771 radice
1578 2733 1753 2770 contraria

275 2770 505 2816 pullularunt:
536 2774 597 2809 sed
620 2775 719 2810 nobis
747 2777 947 2822 veritatem,
981 2787 1083 2827 prout
1104 2796 1141 2818 se
1162 2783 1303 2826 habuit,
1327 2783 1576 2830 exponentibus
1595 2781 1753 2823 credant,

275 2819 314 2851 et
333 2828 433 2853 unam
455 2821 625 2866 quandam
649 2822 811 2870 utrinque
835 2836 949 2861 omnes
974 2828 1157 2865 utilitatem
1177 2829 1391 2877 percipiant,
1414 2834 1677 2865 consentaneam
1698 2826 1754 2862 vi-

275 2861 406 2900 dentes.
417 2868 454 2901 et
478 2874 723 2915 congruentem
745 2870 930 2908 seminibus
951 2880 1102 2921 segetem
1127 2877 1247 2924 sequi-3
1279 2882 1316 2913 et
1335 2877 1399 2920 iis,
1423 2877 1483 2924 qui
1506 2887 1528 2912 a
1554 2876 1644 2911 bono
1671 2885 1754 2921 pro-
