1794 3172
286 145 388 194 644
671 148 986 194 NICEPHORI
1013 145 1341 192 GREGORAE

40 307 42 310 ,
64 274 105 308 Δ.
122 274 166 307 Μ.
186 262 393 320 685ομετά
416 266 491 319 τῆς
521 257 718 316 ὃμοζύγου
745 259 960 314 βασιλίδος
991 255 1195 314 Εἰρήνης·
1239 257 1307 299 καὶ
1337 259 1472 300 ταῦτα
1496 255 1539 300 ἓν
1570 255 1769 318 ἀλλοτρία

110 322 179 354 Ind.
195 320 241 356 10

155 412 199 446 P.
209 410 277 448 401

154 458 198 493 V.
207 458 276 495 325

249 895 281 931 B

289 332 345 377 ὢν
369 332 584 391 δυναστεία
602 331 668 372 καὶ
692 332 742 386 γῇ
755 362 768 382 ,
806 330 872 371 καὶ
901 327 1007 383 μηδ’
1045 324 1264 383 ἐλεύθερον
1293 325 1395 383 ἀέρα
1419 324 1644 380 δυνάμενος
1664 326 1769 369 ἀνα-

289 395 411 446 πνεῖν.
449 401 498 444 οὗ
530 398 658 455 μόνον
688 398 758 451 δ’,
798 397 902 440 ἀλλὰ
926 399 994 440 καὶ
1027 395 1207 453 ὅπουπερ
1229 394 1280 438 ἂν
1310 395 1469 452 ἀλλαχῆ
1493 400 1681 452 πανταχῆ
1704 395 1765 439 δι’

286 469 473 529 εὐφήμου
510 473 585 525 τῆς
610 465 776 524 μνήμης
803 466 851 510 τὸ
880 469 1023 510 οῗκεῖον
1048 465 1215 522 ἤλπιζεν,
1241 464 1374 521 ὄνομα
1406 463 1616 508 δύνασθαι
1647 465 1768 523 φέρε-

286 546 406 593 σθαι,
430 539 547 582 κάκεῖ
566 540 837 595 προηγεῖσθαι
860 542 933 593 τῆς
953 537 1167 589 βασιλίδος
1180 534 1326 591 ’Άννης
1350 533 1536 591 τοῦνομα
1568 536 1636 578 καὶ
1659 533 1794 591 πρός5

284 628 328 668 γε
356 613 430 652 τοῦ
459 605 613 663 ταύτης
632 606 751 656 υἱέως
776 607 881 662 μεθ’
915 604 1077 661 ἁπάσης
1104 604 1256 648 ἐκέλευε
1285 600 1451 662 γνώμης
1482 606 1550 648 καὶ
1573 605 1769 663 προαιρέ-

285 696 388 729 σεως
401 692 411 702 ·
443 676 579 733 ὥσπερ
599 675 686 733 ’ἄρα
700 677 767 718 καὶ
789 676 892 734 πρὸς
905 673 1124 725 Αἷτωλούς
1136 692 1179 718 τε
1202 676 1269 717 καὶ
1285 674 1522 725 Θετταλοὺς
1540 674 1613 718 τὸν
1627 674 1769 731 ’Ἀγγε-

283 752 357 792 λον
377 743 855 802 ἀποστέλλοντιἸωάννη,
873 744 976 789 ὥσθ’
999 742 1173 788 ἑκόντων
1193 743 1330 801 ἄρχειν
1345 745 1496 798 αὐτῶν,
1526 742 1582 794 ὥς
1598 742 1769 801 προϊόν-

286 835 354 868 τες
382 818 552 875 ἐροῦμεν
584 813 862 872 πλατύτερον,
901 813 1109 872 προύργου
1139 814 1272 871 γε’γονε
1301 812 1616 858 διακελεύεσθαί
1635 831 1678 857 τε
1700 815 1768 856 καὶ

290 886 580 944 παραγγέλλειν
595 882 744 928 τούτου
764 901 805 941 γε
828 886 954 928 εἵνεκα
974 883 1156 939 μάλιστα
1176 881 1364 938 πάντων,
1403 885 1471 927 καὶ
1490 883 1551 940 μὴ
1568 881 1794 942 πρότερον]

283 956 472 1013 μεθιέναι
485 989 498 1009 ,
530 957 625 1013 πρὶν
650 954 777 997 αὐτὸν
799 954 1056 1012 τελεσιουργὰ
1074 953 1127 997 τὰ
1148 951 1286 997 τοιάδε
1307 953 1388 1011 πρὸ
1409 953 1564 1004 παντὸς
1584 955 1770 1010 ἐπαγγεί-

286 1031 447 1070 λασθαι
474 1027 578 1085 δρᾷν
608 1024 939 1082 παραγγέλματα.
987 1024 1137 1067 εἴσεται
1171 1025 1216 1067 δὲ
1247 1021 1413 1075 πάντως
1448 1024 1489 1074 ἐς
1512 1022 1559 1067 τὸ
1586 1023 1767 1082 ἀκριβὲς,

288 1095 335 1147 ὃς
357 1095 406 1139 ἂν
428 1093 573 1152 ἐντύχῃ
596 1092 772 1151 ζητήσας
789 1098 847 1153 τῷ
879 1093 982 1152 πρὸς
1009 1093 1134 1137 αὐτὸν
1155 1095 1433 1149 θεσπίσματι,
1471 1091 1605 1136 ταῦτά
1635 1111 1677 1138 τε
1700 1094 1772 1135 καὶ

288 1165 368 1209 ὅσα
400 1163 560 1215 τούτοις
593 1165 869 1222 προστίθησιν
902 1163 1051 1219 ὅμοια,
1095 1167 1146 1222 τῇ
1175 1165 1363 1225 βασιλεία
1389 1161 1603 1218 Ῥωμαίων
1629 1168 1770 1208 πᾶσαν

232 1228 234 1235 ⁴
286 1236 418 1290 νέμειν
438 1236 542 1277 αἶδῶ
565 1236 631 1278 καὶ
663 1232 877 1290 εὐλάβειαν
905 1233 973 1276 διὰ
995 1234 1089 1289 βίου
1111 1231 1296 1278 κελεύων.
1369 1231 1464 1294 (Ζ.)
1503 1233 1648 1277 Τοῦθ’
1676 1233 1794 1280 {xa-1

257 1304 359 1354 cmiv
394 1304 512 1361 ἔγωγε
538 1303 664 1359 μόνον
695 1306 763 1346 καὶ
790 1304 982 1362 ἀποχρῶν
1023 1302 1200 1360 ἥγημαι,
1250 1308 1334 1348 τῶν
1364 1303 1502 1348 ἄλλων
1527 1301 1663 1346 ὅπόσα
1693 1302 1767 1359 τὴν

289 1373 436 1429 ὁμοίαν
467 1379 541 1417 τοῦ
570 1374 706 1430 ἤθους
725 1373 923 1431 εὐγένειαν
945 1373 1021 1429 ἔχει
1047 1374 1343 1430 σιωπωμένων,
1381 1372 1569 1424 ἅπαντας
1592 1374 1765 1426 πείθειν,

287 1442 349 1494 οἷς
368 1447 442 1487 νοῦ
460 1445 527 1486 καὶ
547 1441 783 1502 φρονήσεως
800 1444 984 1498 μέτεστιν
1005 1441 1219 1500 ὁπωσοῦν,
1257 1444 1451 1504 θειοτέρα
1467 1440 1643 1503 προνοίᾳ
1664 1445 1768 1485 διοι-

286 1517 452 1557 κεῖσθαι
474 1513 526 1557 τὰ
556 1512 717 1568 πάντα,
754 1515 822 1557 καὶ
850 1515 1024 1570 μηδαμῆ
1051 1514 1158 1558 κατὰ
1191 1514 1238 1558 τὸ
1273 1512 1512 1569 αὗτόματον
1545 1513 1764 1571 φέρεσθαι,

285 1583 391 1639 μηδ’
417 1582 498 1626 ἀπὸ
521 1581 647 1639 τύχης
673 1584 805 1635 τινὸς,
841 1582 945 1639 μήτε
969 1585 1099 1640 μηδὲν
1131 1589 1216 1628 τῶν
1249 1582 1443 1630 ἁπάντων
1466 1584 1625 1642 ἕτερον,
1662 1580 1794 1638 μήτεΞ

286 1653 363 1708 τὴν
396 1650 545 1696 τούτου
573 1653 676 1710 πρὸς
716 1654 791 1710 τὴν
820 1652 1123 1710 βασιλεύουσαν
1154 1652 1276 1698 πόλιν
1311 1653 1566 1709 ἀναίμακτον
1607 1652 1770 1696 εἴσοδον

289 1724 356 1765 καὶ
378 1722 453 1778 τὴν
480 1727 563 1766 τῶν
589 1727 813 1778 βασιλικῶν
850 1724 1071 1781 ἀντίληψιν
1098 1722 1292 1783 θρόνων,
1341 1723 1450 1768 οὕτω
1481 1722 1668 1780 μακροὺς
1699 1724 1770 1765 καὶ

248 1794 511 1843 Ὠπολυειδεΐς
530 1795 596 1836 καὶ
615 1792 805 1837 θανάτου
826 1792 954 1852 φάναι
969 1796 1152 1851 γείτονας
1170 1792 1392 1852 νενικηκότι
1410 1791 1623 1844 κινδύνους
1636 1806 1645 1817 ·
1668 1791 1767 1835 ἀλλ’

293 1862 407 1922 αὐτῷ
430 1863 504 1917 μὲν
534 1862 713 1921 ἀμοιβὴν
740 1868 816 1921 τῆς
839 1868 1004 1923 μακρᾶς
1029 1866 1271 1924 καρτερίας,
1320 1868 1424 1913 πᾶσι
1453 1863 1495 1907 δ’
1519 1858 1572 1907 αὖ
1592 1863 1772 1906 ἐλπίδων

290 1972 354 2006 filii
372 1974 486 2017 illius3
524 1974 628 2010 tertio
655 1975 804 2022 denique
833 1977 887 2011 sui
921 1976 1144 2023 coniugisque
1170 1988 1253 2011 suae
1289 1977 1465 2021 Augustae
1487 1974 1630 2016 Irenes;
1661 1973 1770 2020 idque

290 2018 327 2053 in
347 2020 458 2055 aliena
476 2022 604 2056 ditione
623 2034 663 2057 ac
679 2027 774 2057 terra
791 2036 866 2058 cum
884 2028 997 2066 esset,
1020 2035 1083 2058 nec
1102 2023 1211 2058 libero
1243 2022 1379 2069 quidem
1404 2021 1528 2068 spiritu
1545 2021 1613 2056 frui
1632 2028 1769 2067 posset:

290 2077 404 2112 neque
426 2068 475 2102 ibi
497 2068 625 2110 solum,
651 2070 711 2103 sed
729 2075 764 2104 et
781 2082 982 2117 quacunque
1002 2075 1185 2116 praeterea
1203 2081 1300 2104 suum
1324 2081 1443 2104 nomen
1464 2068 1645 2103 honorifici
1666 2079 1769 2114 prae-

291 2113 382 2147 conii
402 2115 690 2150 commendatione
713 2117 928 2152 circumferri
959 2129 1060 2164 posse
1086 2117 1272 2163 sperabat,
1303 2116 1373 2152 illic
1399 2117 1519 2152 Annae
1541 2114 1770 2161 imperatricis

291 2164 329 2194 et
346 2160 409 2193 filii
432 2161 503 2195 eius
527 2174 644 2196 nomen
662 2163 798 2208 praeire
820 2165 909 2198 omni
929 2164 1044 2199 studio
1063 2175 1105 2198 ac
1122 2164 1298 2198 voluntate
1315 2163 1466 2198 iubebat.
1513 2162 1574 2197 Sic
1598 2162 1643 2197 ad
1661 2163 1769 2196 Aeto-

293 2205 345 2240 los
365 2207 621 2254 Thessalosque
637 2209 795 2244 Ioannem
809 2211 973 2255 Angelum
995 2223 1070 2246 cum
1090 2211 1262 2253 mitteret,
1287 2210 1354 2244 illis
1376 2209 1570 2244 volentibus
1589 2209 1770 2254 praefutu-

291 2263 388 2295 rum3
415 2254 692 2299 quemadmodum
710 2256 803 2290 infra
826 2257 975 2292 dicemus
1000 2259 1134 2300 fusiu83
1159 2258 1208 2292 nil
1227 2258 1260 2292 ei
1281 2257 1348 2292 fuit
1373 2257 1508 2302 potius,
1534 2267 1635 2302 quam
1656 2260 1695 2290 ut
1715 2255 1769 2289 iu-

291 2299 392 2334 beret
409 2301 689 2346 praeciperetque
715 2302 799 2337 illud
818 2304 978 2339 maxime:
1002 2317 1066 2340 nec
1083 2305 1178 2350 prius
1199 2317 1277 2339 eum
1299 2304 1448 2345 dimisit,
1473 2314 1572 2349 quam
1593 2303 1651 2337 ille
1676 2302 1770 2336 eius·

292 2347 384 2381 modi
403 2347 559 2381 mandata
577 2359 615 2382 re
638 2349 714 2393 ipsa
732 2355 979 2395 exequuturum
995 2364 1033 2386 se
1051 2358 1131 2386 ante
1151 2351 1261 2386 omnia
1284 2351 1507 2396 promisisset.
1552 2351 1666 2395 Atque
1684 2350 1770 2384 haec

292 2393 407 2439 quivis
427 2393 698 2439 exploratissime
717 2396 905 2442 percipiet,
929 2398 1136 2444 rescriptum
1163 2398 1274 2444 ipsum
1300 2402 1438 2432 nactus:
1461 2408 1573 2442 neque
1598 2397 1684 2431 haec
1710 2407 1768 2430 so-

289 2439 378 2482 lum,
419 2441 480 2475 sed
510 2445 546 2475 et
574 2452 799 2487 quaecunque
829 2443 896 2478 alia
929 2444 982 2478 his
1019 2445 1143 2480 similia
1173 2445 1294 2487 addit,
1334 2443 1455 2478 iubens
1478 2455 1576 2485 eum,
1608 2442 1769 2489 quamdiu

288 2487 443 2522 victurus
460 2487 527 2528 sit,
550 2487 736 2522 Romanum
760 2488 937 2534 imperium
958 2492 1047 2526 omni
1066 2493 1195 2527 honore
1211 2498 1248 2526 et
1263 2490 1459 2526 reverentia
1477 2490 1601 2525 colere.
1650 2489 1770 2534 (vu.)

288 2532 407 2568 Unum
430 2546 496 2579 ego
515 2533 604 2568 illud
630 2541 712 2579 puto
738 2535 897 2570 sufficere
921 2549 962 2571 ac
979 2539 1066 2573 satis
1085 2551 1162 2573 esse
1187 2538 1355 2584 (caeteris
1374 2536 1506 2571 omissis
1519 2561 1528 2579 ,
1553 2548 1641 2582 quae
1661 2547 1771 2580 gene-

288 2591 404 2615 rosam
423 2580 570 2615 indolem
596 2581 730 2627 pariter
751 2583 930 2627 arguunt)
955 2584 998 2618 ad
1022 2585 1297 2631 persuadendum
1318 2583 1490 2625 omnibus,
1513 2583 1575 2628 qui
1591 2582 1713 2618 mentis
1735 2587 1772 2617 et

290 2626 496 2672 prudentiae
514 2638 580 2662 non
598 2627 668 2661 sint
685 2628 818 2662 omnino
834 2634 1006 2674 expertes,
1022 2631 1183 2667 diviniori
1201 2630 1422 2677 providentia
1440 2629 1553 2664 omnia
1569 2628 1770 2676 gubernari,

290 2683 360 2707 non
380 2678 492 2708 autem
513 2673 607 2709 volvi
633 2678 785 2716 temere3
816 2679 919 2721 atque
946 2680 985 2710 ut
1010 2678 1095 2713 nihil
1117 2679 1232 2720 aliud,
1261 2677 1314 2712 ita
1332 2688 1398 2712 nec
1419 2676 1505 2711 illud
1528 2688 1611 2711 casu
1639 2677 1771 2710 factum

291 2719 419 2762 fuisse,
444 2724 484 2754 ut
504 2719 764 2755 cantacuzenus
786 2719 861 2757 sine
888 2723 1055 2767 sanguine
1084 2725 1273 2771 principem
1302 2724 1423 2758 urbem
1447 2722 1596 2758 intraret
1621 2728 1659 2758 et
1684 2722 1771 2757 solio

292 2765 512 2811 imperatorio
535 2766 718 2812 potiretur,
742 2767 904 2812 periculis
921 2770 1027 2804 tantis
1046 2776 1081 2805 et
1104 2776 1173 2807 tam
1192 2770 1438 2816 multiplicibus
1454 2769 1652 2812 exantlatis,
1675 2769 1771 2815 ipso-

294 2823 373 2857 que,
398 2818 437 2847 ut
458 2813 509 2848 ita
529 2813 653 2855 dicam,
678 2813 889 2859 triumphato
908 2816 1028 2851 mortis
1047 2817 1181 2853 limine:
1213 2817 1276 2852 sed
1303 2817 1410 2852 fuisse
1432 2816 1519 2852 illud
1545 2816 1616 2863 ipsi
1637 2815 1772 2863 quidem

293 2859 539 2896 Cantacuzeno
561 2860 744 2898 diuturnae
763 2861 951 2909 patiendae
976 2865 1184 2910 mercedem3
1207 2864 1285 2902 aliis
1304 2875 1388 2901 vero
1410 2863 1486 2912 spei
1511 2865 1624 2901 bonae
1648 2862 1772 2900 confir-
