1754 3164
190 128 322 177 1270
729 139 1208 186 ANNOTATIONES.

304 245 399 297 Pag.
429 247 531 293 673,
554 247 619 286 12.
651 246 855 300 Περσικῆς
876 242 1084 300 δυνάμεως
1102 245 1371 302 ἐντετυχηκώς
1387 246 1579 304 ἡγεμόνι]
1600 250 1717 291 Hunc

188 313 444 353 congressum
467 309 605 341 narrat
626 302 723 343 ibid.
745 305 956 343 caniacuz.
1016 317 1192 346 DUGANG.
1388 339 1391 342 ,

304 361 398 413 Pag.
430 362 536 411 673,
566 362 633 403 19.
693 356 766 410 Οἷς
797 359 870 415 μὲν
898 359 974 417 γὰρ
1007 359 1188 416 κτήσεις]
1231 364 1497 405 cantacuzen.
1527 379 1615 419 cap.
1648 365 1716 408 64.

183 429 358 456 mmmm.

302 476 396 527 Pag.
428 472 531 524 674,
562 478 601 517 2.
661 473 744 516 Καὶ
773 472 875 518 κατὰ
903 479 985 517 τῶν
1021 478 1225 518 πλουσίων
1258 476 1288 531 ἦ
1322 477 1550 534 βασκανία]
1597 480 1650 518 Ut
1678 481 1720 519 in

185 531 331 570 divites
353 546 399 570 ac
417 532 536 571 Urbis
558 533 752 586 primores
779 536 946 586 grassati
977 535 1130 575 suerint
1153 537 1338 587 Zelotae,
1367 537 1555 591 pluribus
1582 545 1722 578 narrat

184 589 400 631 Cantacuz.
423 590 492 632 lib.
515 590 586 630 ΠΙ.
609 605 696 644 cap.
722 591 787 633 64.
850 607 1027 632 nummo.

300 649 395 701 Pag.
427 646 528 698 674,
559 647 626 692 24.
686 648 877 701 Ζηλωτοὲς
923 653 1030 703 σφᾶς
1074 646 1223 700 αὐτούς
1274 648 1559 706 ἐπωνόμαζον]
1619 652 1721 693 Vide

185 704 315 744 Gloss.
336 706 440 746 med.
464 706 638 747 Graecit.
659 706 700 745 in
719 706 798 745 hac
817 721 933 747 voce.
991 722 1170 749 DUCANG.

300 765 395 817 Pag-
426 766 531 814 678,
565 767 604 807 1.
661 761 805 818 Ἡγοὲρ
827 782 889 807 τοι
910 763 1177 819 βασιλεύουσα
1203 762 1337 815 πόλις]
1370 766 1502 820 Atque
1533 766 1602 806 hic
1635 768 1722 820 qui-

184 819 273 860 dem
306 821 505 872 Gregorae
531 822 644 861 locus
669 822 878 862 addendus
902 823 1001 874 illis,
1033 838 1134 876 quos
1162 824 1205 863 in
1238 825 1585 878 Constantinopoli
1610 825 1723 864 Chri-

183 879 311 917 stiana
331 879 577 932 protulimus
600 879 648 919 de
673 881 756 919 eius
779 881 990 920 commodo
1009 882 1101 933 situ,
1132 882 1204 922 lib.
1229 881 1256 920 I.
1277 889 1378 926 sect.
1400 888 1435 926 1.
1457 890 1496 922 et
1512 883 1600 922 aliis
1622 884 1722 922 duo-

182 935 260 975 bus
277 936 321 975 in
340 936 445 977 hanc
477 938 733 990 sententiam,
762 938 804 978 in
826 940 933 978 notis
963 940 1016 978 ad
1038 941 1215 979 Zonarae
1236 940 1406 980 Annales
1432 955 1477 994 p.
1509 941 1600 984 149.
1625 944 1720 984 162.

182 1007 361 1035 DUCANG.

301 1055 396 1107 Pag.
430 1055 533 1103 678,
563 1057 631 1096 20.
691 1050 812 1094 Meto}
840 1051 916 1107 γοέρ
947 1051 1020 1095 τόν
1050 1053 1270 1108 Κομνηνόν
1289 1051 1488 1110 Ἀλέξων]
1523 1055 1642 1094 Hunc
1663 1056 1722 1095 Io-

184 1123 277 1149 cum
295 1110 587 1149 illustravimus
604 1117 691 1149 tum
713 1111 756 1149 in
777 1112 914 1153 Famil.
934 1113 1101 1164 Byzant·
1125 1127 1216 1166 pag.
1243 1116 1335 1156 193.
1362 1119 1448 1152 tum
1467 1114 1509 1152 in
1532 1115 1637 1152 nolis
1668 1114 1720 1153 ad

184 1168 365 1207 Zonarae
385 1169 558 1207 Annales
582 1182 620 1221 p.
644 1167 738 1211 146.
796 1183 974 1209 DUGANG.

302 1229 397 1280 Pag.
428 1229 530 1275 678,
562 1228 629 1269 23.
677 1223 831 1280 ’Έγημε
857 1224 989 1270 νόθον
1021 1243 1058 1268 κ.
1087 1242 1120 1268 τ.
1148 1227 1206 1281 λ.]
1264 1227 1365 1268 Vide
1396 1243 1517 1283 supra
1550 1229 1618 1270 lib.
1650 1229 1722 1271 XI.

185 1298 273 1338 cap.
295 1287 337 1327 8.
395 1296 551 1324 Boxvm.

303 1344 397 1396 Peg.
430 1344 532 1392 678,
562 1339 632 1383 24.
692 1337 879 1395 Εἰρήνη]
911 1341 1021 1381 Alibi
1048 1343 1282 1383 nominatur
1302 1342 1498 1384 Eudocia.
1537 1357 1691 1384 nomm.

299 1398 401 1454 Pag.
432 1401 538 1449 680,
570 1402 637 1442 13.
702 1402 792 1439 Τῶν
821 1395 862 1440 δ’
895 1396 1008 1455 αὐτῷ
1036 1401 1337 1455 προσκειμένων
1371 1400 1519 1454 ὄχλων]
1564 1403 1724 1440 Ducan-

186 1457 274 1510 gius
303 1457 347 1495 in
373 1456 652 1496 additamentis
677 1456 727 1495 ad
757 1458 1058 1510 Constantinop.
1084 1458 1231 1498 Christ.
1253 1473 1342 1512 pag.
1366 1462 1459 1501 146.
1484 1473 1586 1512 quae
1617 1460 1723 1498 edita

186 1515 400 1567 sunt‘post
429 1520 545 1553 notas
567 1513 608 1552 in
637 1515 854 1564 Zonaram,
887 1516 1081 1565 vertebat,
1123 1514 1226 1556 Cum
1249 1532 1338 1556 vero
1366 1515 1478 1571 plebs
1506 1517 1722 1574 eijaveret.

186 1572 345 1622 Malim,
377 1572 452 1612 Eae
477 1570 595 1610 turba
616 1586 705 1612 vero
729 1571 903 1625 plebeia,
933 1588 1034 1627 quae
1054 1575 1089 1612 ei
1102 1573 1289 1628 favebat.
1348 1587 1500 1613 BOlle.

305 1633 401 1684 Pag.
433 1633 539 1680 682,
580 1632 646 1673 12.
702 1628 779 1670 Ad
807 1628 1006 1671 Alexium
1041 1630 1245 1688 fratrem]
1298 1630 1517 1672 Michab'lis
1555 1631 1722 1671 scilicet.

187 1701 340 1729 1301vm.

304 1749 401 1800 Pag.
431 1747 533 1795 682,
565 1747 630 1787 13.
690 1743 858 1795 Μεταξῦ
885 1746 1002 1786 δυοῖν
1033 1745 1275 1799 μειρακίων]
1316 1745 1483 1785 Duobus
1509 1745 1724 1787 iuvenculis

188 1804 426 1856 interiecti53
456 1816 598 1855 nempe
616 1801 775 1843 Basilio
795 1801 945 1843 Alexin·
953 1801 1074 1858 filio,
1107 1813 1143 1842 et
1165 1818 1357 1858 anonymo
1379 1802 1471 1859 filio
1490 1803 1722 1846 Miclzazlis.

188 1875 338 1901 nolvm.

307 1921 400 1971 Pag.
432 1919 545 1967 683,
567 1919 631 1959 17.
690 1919 863 1968 Καφᾶς]
892 1916 1157 1957 Theodosiana
1188 1918 1283 1957 olim
1312 1918 1552 1971 appellatam
1585 1919 1723 1958 scribit

189 1976 358 2016 Bizarus
381 1974 449 2016 lib.
473 1975 537 2014 VI.
560 1974 783 2014 Genuensis
810 1973 1022 2026 historiae,
1054 1976 1121 2014 ubi
1143 1977 1258 2015 istam
1288 1975 1448 2029 caphae
1474 1977 1723 2017 obsidionem

190 2039 344 2073 narrat:
376 2039 422 2071 ut
446 2038 485 2071 et
508 2033 772 2072 Cantacuzen.
793 2032 863 2072 lib.
884 2032 949 2071 IV.
969 2046 1059 2085 cap.
1077 2036 1143 2076 26.
1200 2047 1372 2073 DUCANG.

308 2094 401 2143 Pag.
433 2093 538 2139 683,
569 2095 638 2134 22.
697 2087 865 2139 Εἶωθός
894 2086 970 2145 γὰρ
993 2095 1078 2139 τοῖς
1094 2093 1310 2142 Λατίνοις,
1344 2090 1412 2132 καὶ
1441 2087 1610 2145 μάλιστα
1638 2096 1723 2141 τοῖς

192 2147 238 2190 ἐκ
257 2144 459 2201 Γενούας]
490 2147 736 2187 Froissartus
754 2148 875 2187 tertio
894 2148 1048 2188 volum.
1074 2162 1159 2201 cap.
1179 2148 1271 2190 XX.
1331 2150 1407 2189 Car
1422 2163 1498 2202 par
1517 2156 1606 2188 tout
1623 2156 1724 2189 vont

195 2205 416 2255 Genevois,
458 2211 497 2244 et
524 2206 713 2245 viennent
743 2205 1008 2245 marchander
1035 2207 1161 2257 parmi
1194 2206 1252 2245 les
1278 2213 1392 2246 treuz
1423 2207 1541 2259 qu'ils
1575 2214 1724 2259 payent

190 2263 351 2317 jusqu'a
371 2263 408 2302 la
439 2269 558 2314 grant
573 2263 691 2312 Inde,
721 2263 760 2302 la
787 2271 894 2303 terre
915 2263 970 2301 du
990 2263 1127 2303 Preste
1145 2264 1261 2314 Jean,
1293 2271 1332 2303 et
1353 2278 1426 2316 par
1444 2270 1531 2303 tout
1559 2264 1608 2303 ils
1631 2271 1724 2304 sont

191 2322 435 2370 bienvenus,
473 2334 580 2373 pour
597 2315 679 2359 l'or
707 2327 746 2359 et
777 2321 976 2373 l’argent,
1010 2321 1126 2373 qu'ils
1146 2327 1308 2375 portent
1335 2321 1392 2360 les
1422 2321 1723 2361 marchandises

195 2379 313 2432 qu’ils
343 2377 564 2428 e'changent
594 2392 642 2416 en
673 2377 936 2428 Alexandrie,
978 2392 1030 2417 au
1061 2378 1197 2428 Caire,
1229 2393 1251 2416 a
1274 2380 1441 2429 Damas,
1474 2385 1513 2418 et
1543 2379 1721 2429 ailleurs,

196 2450 349 2476 comme
377 2435 427 2474 ils
455 2435 703 2486 besongnent
736 2451 817 2476 aux
849 2435 1067 2476 Sarrazins.
1129 2436 1205 2474 Car
1241 2436 1355 2488 ainsy
1389 2436 1479 2475 faut
1516 2437 1545 2474 il
1576 2450 1653 2488 que
1684 2438 1722 2476 le

194 2494 340 2533 monde
369 2507 410 2533 se
439 2506 662 2545 gouverne,
701 2495 819 2546 cequi
845 2496 962 2547 point
989 2494 1090 2532 n’est
1116 2507 1164 2532 en
1190 2507 1245 2532 un
1278 2494 1365 2546 pais
1391 2501 1451 2533 est
1477 2508 1524 2532 en
1551 2494 1578 2532 l’
1591 2502 1721 2533 autre:

196 2558 235 2590 et
259 2557 448 2604 pourtant
469 2556 559 2589 sont
581 2564 772 2602 cogneues
799 2559 933 2591 toutes
957 2549 1122 2600 choses,
1153 2557 1193 2590 et
1223 2565 1325 2590 ceux
1354 2552 1422 2604 qui
1451 2557 1549 2590 vont
1574 2552 1611 2590 le
1631 2552 1722 2604 plus

195 2608 324 2660 loing,
356 2615 395 2647 et
413 2608 482 2661 qui
500 2608 592 2661 plus
613 2622 654 2646 se
675 2616 935 2660 aventurent,
966 2615 1059 2647 sont
1079 2608 1296 2658 Genevois,
1329 2616 1367 2648 et
1386 2622 1488 2648 vous
1517 2608 1578 2646 dis
1602 2608 1722 2660 qu’ils

197 2672 288 2705 sont
306 2680 380 2719 par
403 2666 540 2705 dessus
571 2666 628 2705 les
649 2665 853 2706 Venitiens
882 2667 1086 2718 seigneurs
1119 2665 1190 2704 des
1225 2667 1342 2705 Ports
1379 2666 1428 2705 de
1459 2679 1564 2715 mer,
1596 2672 1636 2704 et
1663 2666 1723 2704 les

198 2724 404 2776 craignent
431 2724 524 2776 plus
554 2729 592 2762 et
619 2722 816 2763 doubtent
847 2726 904 2764 les
927 2724 1130 2763 sarrazins
1161 2723 1228 2775 qui
1255 2724 1366 2763 nulle
1390 2729 1503 2762 autre
1525 2729 1617 2775 gent
1649 2737 1723 2775 par

196 2794 301 2831 mer,
345 2788 384 2822 et
413 2787 506 2821 sont
533 2781 700 2822 vaillans
731 2779 911 2822 hommes
943 2788 984 2821 et
1015 2780 1065 2822 de
1099 2781 1228 2834 grand
1263 2782 1347 2823 fait.
1406 2781 1522 2821 Mitto
1551 2780 1720 2833 reliqua.

196 2851 367 2879 DUCANG.
