1794 3172
240 122 343 173 932
643 127 960 175 NICEPHORI
989 126 1311 174 GREGORAE

21 247 57 282 A.
76 246 121 281 M.
134 246 225 282 6859
240 239 316 296 μὲν
325 273 339 294 ,
377 237 451 283 ὕπ’
473 238 623 282 ἐκείνου
647 237 688 282 δ’
713 236 764 281 01'1'
778 251 789 264 ·
826 237 934 282 ἀλλὰ
958 234 1097 282 πάντα
1124 236 1261 295 πάσης
1288 237 1432 295 ε’πίσης
1459 241 1534 293 τῆς
1562 234 1723 282 τούτων

74 291 222 378 Ῐὲᾱζὸδ
243 309 422 366 μετέχειν
454 309 652 352 δέδεικται
681 306 870 366 φύσεως,
907 307 1013 351 κατὰ
1044 307 1120 364 τὴν
1151 309 1260 351 ἰδίαν
1291 309 1443 352 ἕκαστα
1477 306 1650 363 δύναμίν
1678 325 1722 351 τε

124 366 133 376 ·
245 381 313 424 καὶ
338 376 537 434 βούλησιν
552 391 561 402 ·
599 376 708 421 οὕτω
737 379 804 421 καὶ
826 375 847 421 ὃ
869 381 944 434 τῆς
961 378 1137 428 πίστεως
1159 375 1301 435 λόγος,
1336 377 1493 428 ἁπλοῦς
1514 379 1581 420 καὶ
1602 378 1723 421 ἀποί-

242 453 378 501 κιλος,
417 452 543 491 πᾶσιν
567 448 711 503 ἐπίσης
740 449 951 497 πλουσίοις
975 449 1043 490 καὶ
1071 447 1214 503 πένησι
1246 448 1435 502 δέδοται,
1474 446 1651 504 ἄρχουσί
1678 464 1722 491 τε

243 520 311 562 καὶ
333 516 589 574 ἀρχομένοις.
633 516 694 560 Οὐ
715 516 794 574 γὰρ
818 516 918 560 ἄλλο
939 518 1015 571 μέν
1041 516 1089 561 τὸ
1110 517 1315 571 βασιλέων
1343 519 1410 560 καὶ
1433 515 1641 573 ἡγεμόνων
1665 515 1753 561 εἶ’-5

241 605 309 631 ναι
337 584 556 642 βάπτισμα
586 583 737 642 νόμος,
777 586 878 630 ἄλλο
909 587 953 629 δὲ
979 586 1027 630 τὸ
1050 587 1290 630 σκαπανέων
1319 588 1387 630 καὶ
1419 585 1588 630 ἁλιέων·
1626 586 1722 630 οὐδ’

242 657 395 700 ἐκείνου
415 657 489 711 μὲν
509 654 630 710 τόδε,
671 657 794 699 ἐκεῖνο
822 657 868 699 δὲ
896 658 1017 699 τοῦδε
1032 670 1041 680 ·
1081 655 1173 699 ἀλλ’
1201 655 1247 699 (ἐν
1268 658 1334 699 καὶ
1355 656 1509 700 ταίτὸν
1528 658 1595 699 καὶ
1624 660 1726 699 πᾶσι

204 728 311 769 Βκαὶ
337 725 411 769 ἀεί.
450 726 530 779 ,,ε’ν
550 723 608 769 ἑνὶ
629 725 707 782 γὰρ
741 727 887 785 (φησὶν
907 724 928 769 ὃ
951 724 1199 783 ἀπόστολος)
1222 725 1420 781 πνεύματι
1441 724 1557 782 ἡμεῖς
1577 724 1727 776 πάντες

242 798 299 847 εἷς
324 793 370 838 (ἐν
400 799 523 850 σῶμα
552 796 866 851 ἐβαπτίσθημεν
885 795 1039 849 αὐτοῦ,
1073 795 1151 839 εἴτε
1172 795 1390 849 Ἰουδαῖοι,
1425 795 1723 852 εἷ’τεἛλληνες,

243 865 322 910 εἴτε
354 866 521 918 δοῦλοι,
560 865 637 908 εἴτε
665 864 875 924 ἐλεύθεροι
892 879 902 890 ·
937 867 1006 909 καὶ
1032 863 1182 916 πάντες
1209 867 1265 916 εἷς
1289 863 1335 909 ’ἐν
1361 869 1521 921 πνεῦμα
1552 866 1725 920 ε’βαπτί-
1738 873 1784 907 10

243 935 442 990 σθημεν”
457 948 466 958 ·
492 932 549 984 ὥς
570 933 620 977 ἂν
641 936 815 991 μηδαμῆ
833 937 977 991 μηδενὶ
998 939 1081 979 τῶν
1099 939 1257 978 πιστῶν
1281 934 1328 978 τὸ
1354 935 1521 989 ζωτικὸν
1541 933 1596 985 ὥς
1623 934 1727 990 ἀλη-

245 1009 340 1054 θῶς
359 1008 434 1059 τῆς
459 1008 599 1059 ψυχῆς
624 1005 873 1060 ζημιοῦσθαι
896 1006 965 1063 ἐξῇ
978 1038 991 1059 ,
1029 1003 1133 1064 μήτε
1156 1004 1263 1048 καθ’
1290 1003 1526 1061 οἶονδήτινα
1559 1003 1724 1062 χρόνον,

207 1071 351 1130 Ομήτε
369 1073 477 1116 καθ’
503 1071 737 1130 οἶονδήτινα
757 1072 923 1132 τρόπον.
961 1077 1049 1118 Καὶ
1068 1073 1204 1131 ὥσπερ
1228 1075 1318 1128 ἐκεῖ,
1357 1074 1463 1117 κατὰ
1483 1075 1558 1129 μὲν
1579 1073 1627 1118 τὸ
1654 1078 1729 1130 τῆς

246 1143 471 1200 ἀναγκαίας
488 1144 630 1200 χρείας
651 1142 875 1201 ἀνάλογον,
914 1146 982 1187 καὶ
1003 1142 1029 1200 ἡ
1050 1148 1133 1187 τῶν
1166 1144 1396 1200 ἀναγκαίων
1420 1145 1628 1199 στοιχείων
1659 1145 1729 1196 ζυ-

247 1219 507 1271 γοστατεῖται
535 1215 737 1270 χορηγία,
775 1211 981 1268 πολύχους
999 1211 1103 1268 ὁμοῦ
1126 1215 1193 1256 καὶ
1224 1211 1436 1270 ἀνενδεής·
1472 1214 1526 1256 τὰ
1557 1213 1601 1256 δ’
1628 1213 1724 1256 ἀλλ’
1740 1221 1785 1259 15

249 1281 372 1326 ὃπόσ’
399 1282 664 1338 ἐνδεχομένην
685 1283 773 1339 ἴσχε
795 1283 870 1340 τὴν
886 1285 1043 1341 χρείαν,
1064 1284 1131 1325 καὶ
1151 1281 1299 1338 ἣκιστα
1316 1288 1441 1326 πᾶσιν
1463 1284 1605 1339 ἐπίσης
1627 1280 1730 1325 ἐπά-

248 1368 404 1410 γουσαν
424 1351 501 1407 τὴν
523 1350 717 1408 ἀνάγκην,
731 1351 991 1410 σπανιώτερά
1012 1369 1099 1403 πως
1120 1354 1186 1395 καὶ
1206 1351 1312 1394 ἄλλα
1333 1352 1471 1402 ἄλλοις
1492 1351 1732 1409 προσώποις

252 1423 321 1465 καὶ
343 1420 450 1464 ἄλλα
470 1420 610 1472 ἄλλοις
629 1423 831 1479 μερίζεται
849 1420 1015 1476 τόποις,
1054 1426 1128 1477 τῆς
1147 1421 1251 1479 πρὸς
1271 1419 1475 1478 ἀλλήλους
1503 1423 1616 1464 ἕνεκα
1647 1439 1730 1479 (pv-

249 1495 367 1547 σικῆς
390 1488 572 1542 ἕνώσεῶς
591 1508 634 1534 τε
658 1494 726 1534 καὶ
753 1492 950 1546 σχέσεως,
989 1490 1099 1534 οὕτω
1129 1489 1349 1534 κάνταῦθά
1381 1509 1453 1546 μοι
1484 1490 1624 1534 σκόπει
1653 1491 1731 1541 τὰς

249 1563 437 1610 ποικίλας
455 1564 537 1604 τῶν
558 1560 715 1617 ἀρετῶν
740 1561 851 1611 ῗδέας
869 1561 1000 1611 ἄλλας
1018 1560 1153 1611 ἄλλως
1174 1559 1333 1615 ἄλλοις,
1373 1561 1437 1602 ἐπὶ
1456 1565 1539 1604 τῶν
1561 1562 1730 1604 συστοί-
1741 1568 1789 1604 20

247 1647 336 1685 χων
358 1631 457 1680 ἴσως
483 1631 552 1673 καὶ
574 1630 802 1674 ἀντιθέτων
824 1628 1146 1686 ἐλαττωμάτων,
1183 1629 1448 1687 μεριζομένου
1471 1635 1545 1673 τοῦ
1566 1631 1734 1674 κτίσαν-

212 1703 340 1751 Βτος.
379 1699 516 1757 ὥσπερ
538 1700 616 1758 γὰρ
637 1702 672 1743 εἲ
693 1698 714 1744 ὅ
736 1698 902 1744 πάντων
925 1701 1008 1744 ἐκεῖ
1023 1699 1269 1758 προμηθεύς
1292 1699 1345 1742 τὰ
1364 1704 1438 1742 τοῦ
1456 1701 1552 1753 βίου
1577 1699 1733 1758 τερπνὰ

251 1769 454 1825 διανέμειν
478 1771 618 1826 ἐπίσης
640 1769 796 1814 ἅπασιν
823 1769 977 1813 ἅπαντ’
999 1770 1137 1813 ἐδίδου
1167 1773 1219 1827 τῇ
1250 1767 1397 1827 φύσει,
1435 1767 1661 1826 ἀνέραστος
1681 1765 1734 1826 ἦν

254 1837 390 1896 δήπου
423 1856 467 1896 γε
498 1841 565 1882 καὶ
596 1840 886 1897 ἀταλαίπωρος
913 1837 938 1896 ἦ
970 1837 1129 1883 τούτων
1163 1837 1350 1895 ζήτησις,
1387 1839 1564 1894 μηδενὸς
1588 1840 1734 1895 μηδενὶ

345 1929 381 1963 9.
406 1924 527 1964 αὐτοῦ
550 1927 648 1963 abest
665 1927 708 1961 ab
726 1926 843 1964 editis.
945 1929 1001 1965 10.
1026 1923 1276 1973 ἐποτίσθημεν
1299 1926 1381 1961 libri
1409 1925 1508 1962 editi.

255 1996 392 2043 quidem
417 1997 463 2032 ab
489 1997 555 2031 hoc
582 2008 651 2031 non
674 1997 718 2030 ab
742 1996 802 2030 illo
831 1995 1143 2043 participarentur,
1174 1995 1236 2030 sed
1267 1995 1411 2030 solidam
1434 2006 1549 2030 eorum
1577 1997 1733 2030 naturam

255 2043 411 2078 omnibus
424 2068 434 2085 ‚
460 2055 523 2088 pro
541 2043 808 2088 uniuscuiusque
831 2042 975 2088 propria
990 2043 1157 2077 facultate
1175 2055 1216 2077 ac
1231 2043 1420 2082 voluntate,
1448 2054 1491 2076 ex
1514 2053 1623 2087 aequo
1643 2054 1735 2076 com-

257 2089 423 2125 municari
442 2094 598 2131 constat3
621 2090 671 2124 ita
688 2095 724 2124 et
742 2089 842 2124 Fidei
861 2089 1031 2131 doctrina,
1057 2089 1197 2135 simplex
1217 2094 1253 2124 et
1267 2101 1391 2134 expers
1407 2088 1598 2131 varietatis,
1626 2088 1735 2123 omni-

257 2137 326 2171 bus
350 2147 394 2169 ex
417 2147 525 2180 aequo
552 2136 737 2178 divitibus,
760 2136 989 2181 pauperibus,
1013 2132 1248 2182 principibus,
1273 2135 1419 2181 privatis
1446 2135 1607 2170 traditur.
1653 2135 1736 2169 Non

256 2182 347 2217 enim
367 2181 461 2216 aliud
486 2182 729 2225 imperatorum
748 2187 785 2216 et
809 2183 950 2224 ducum,
976 2182 1068 2217 aliud
1090 2183 1259 2217 fossorum
1284 2187 1320 2216 et
1335 2183 1544 2228 piscatorum
1564 2181 1736 2227 baptisma
1770 2196 1774 2199 -

257 2241 336 2264 esse
356 2228 443 2262 iuris
471 2234 548 2263 est:
579 2240 644 2263 nec
669 2229 719 2263 illi
745 2228 880 2273 quidem
908 2230 991 2270 hoc,
1024 2228 1105 2263 huic
1131 2241 1214 2264 vero
1242 2228 1347 2270 illud3
1380 2229 1440 2262 sed
1462 2240 1561 2262 unum
1589 2233 1625 2262 et
1644 2228 1736 2262 idem

258 2275 413 2310 omnibus
442 2279 478 2309 et
498 2286 633 2320 semper
661 2275 876 2321 proponitur.
931 2276 1098 2317 „Etenim
1116 2276 1152 2310 in
1173 2287 1240 2310 uno
1259 2275 1384 2320 spiritu
1394 2274 1428 2316 ‚'’
1451 2274 1562 2320 inquit
1587 2275 1737 2318 Aposto-

258 2322 342 2364 lus‚‘
356 2333 498 2363 „omnes
516 2333 578 2356 nos
597 2321 633 2354 in
653 2333 753 2356 unum
777 2333 902 2367 corpus
919 2322 1088 2367 baptizati
1103 2333 1229 2363 sumus,
1252 2322 1327 2355 sive
1345 2321 1478 2363 Iudaei,
1502 2321 1575 2354 sive
1593 2320 1737 2362 Graeci,

260 2369 338 2404 sive
357 2367 472 2410 servi,
498 2368 572 2402 sive
589 2367 710 2409 liberi,
735 2373 771 2402 et
790 2379 903 2403 omnes
922 2368 958 2402 in
979 2380 1047 2402 uno
1064 2368 1191 2415 spiritu
1211 2367 1379 2414 baptizati
1395 2379 1510 2402 sumus
1519 2366 1561 2409 ”3
1584 2378 1628 2400 nc
1647 2367 1736 2400 ullus

260 2426 406 2463 prorsus
424 2414 577 2449 fidelium
600 2413 710 2459 possit
729 2426 771 2448 ea
788 2426 846 2456 re,
870 2427 958 2460 quae
975 2415 1082 2450 vitam
1099 2415 1231 2449 animae
1249 2426 1287 2449 re
1304 2414 1381 2460 ipsa
1393 2413 1539 2456 tribuit,
1563 2413 1631 2447 ullo
1648 2417 1737 2447 tem-

259 2473 346 2509 pore
364 2466 426 2496 aut
445 2458 512 2496 ullo
532 2461 631 2495 modo
649 2460 815 2495 fraudari.
863 2463 974 2507 Atque
992 2466 1031 2496 ut
1045 2461 1115 2496 illic
1131 2461 1284 2506 legitima
1303 2460 1570 2495 necessariorum
1589 2459 1737 2493 elemen-

261 2512 373 2543 torum
401 2508 514 2553 portio
544 2507 684 2553 copiose
713 2513 749 2542 et
775 2507 818 2541 ad
843 2507 977 2553 plenum
1000 2507 1268 2554 suppeditatur3
1302 2513 1462 2549 caetera,
1485 2517 1628 2552 quorum
1653 2517 1737 2540 usus

260 2556 380 2589 varius
396 2561 433 2589 et
451 2554 623 2589 mutabilis
649 2558 725 2596 est,
749 2565 812 2587 nec
841 2554 993 2588 omnibus
1009 2566 1120 2599 aeque
1141 2553 1378 2595 necessarius,
1402 2553 1477 2588 fere
1493 2553 1624 2588 rariora
1644 2555 1736 2594 sunt,

261 2601 401 2646 aliaque
426 2601 504 2635 aliis
529 2600 682 2646 personis
705 2605 741 2634 et
767 2599 851 2634 locis
881 2601 1101 2642 dividuntur,
1125 2612 1191 2645 quo
1218 2600 1244 2634 ii
1270 2600 1458 2634 naturalem
1483 2600 1576 2634 inter
1596 2611 1634 2632 se
1654 2610 1738 2633 con-

261 2647 470 2682 iunctionem
490 2651 528 2682 et
549 2645 764 2682 affectionem
780 2647 972 2689 retineant3
994 2647 1046 2682 ita
1064 2651 1100 2681 et
1114 2647 1171 2681 hic
1189 2646 1304 2681 varias
1327 2646 1490 2680 virtutum
1517 2644 1651 2691 species
1675 2645 1738 2678 ob-

262 2705 402 2728 servare
420 2698 492 2736 est,
517 2705 602 2739 quas
621 2694 767 2728 Creator
783 2692 869 2727 anas
892 2693 970 2727 aliis
990 2693 1131 2734 divisit,
1155 2697 1259 2738 prout
1275 2693 1423 2727 fortasse
1441 2692 1530 2726 vitia
1555 2691 1598 2725 iis
1619 2690 1738 2725 affinia

264 2739 506 2786 contrariaque
527 2740 750 2775 exsistebant.
798 2739 888 2773 Nam
905 2745 946 2774 ut
962 2740 1034 2774 illic
1045 2763 1057 2780 ‚
1080 2739 1110 2773 si
1123 2738 1242 2774 divina
1262 2738 1480 2784 providentia
1497 2742 1642 2772 naturae
1658 2749 1738 2782 pet-

263 2785 412 2820 misisset
435 2798 550 2821 omnes
570 2787 664 2821 vitae
690 2785 884 2830 voluptates
909 2785 1062 2820 omnibus
1089 2797 1133 2819 ex
1162 2797 1272 2831 aequo
1294 2785 1522 2826 distribuere,
1547 2783 1738 2818 inamabilis

263 2834 303 2866 et
320 2830 492 2870 incuriosa
513 2832 634 2880 utique
658 2836 754 2868 esset
778 2843 896 2868 earum
922 2831 1158 2879 conquisitio;
1179 2837 1217 2868 et
1244 2832 1327 2878 quia
1344 2842 1442 2867 nemo
1460 2830 1604 2868 alterius
1623 2829 1737 2865 cuius·
