1754 3164
205 132 337 184 1234
746 141 1232 186 ANNOTATIONES.

201 247 316 303 οἶμαι
341 247 396 303 μὴ
425 247 693 304 ἀνεγκλήτους
722 245 926 298 καθάπαξ.
985 249 1047 289 Ita
1078 250 1216 303 accepi
1247 264 1298 290 ex
1318 250 1365 291 R.
1386 250 1429 290 P.
1459 251 1504 294 D,
1528 253 1737 292 Bernardo

199 308 525 348 Montefa'lconio.
586 308 682 346 Eam
707 308 835 360 ipsam
858 307 1070 360 epistolam
1091 315 1191 360 puto
1216 307 1297 347 huc
1318 309 1550 349 transsatam
1578 325 1663 349 esse
1686 311 1735 349 τι)

200 372 385 416 auctore,
416 366 480 404 cui
508 379 579 404 sua
600 366 726 418 ipsius
744 365 891 404 scrinia
913 366 1131 418 compilare
1153 365 1369 418 pulchrum
1391 367 1482 407 fuit.
1520 382 1677 408 BOIVIN.

314 423 415 477 Pag·
449 427 553 474 376,
584 427 624 466 9.
652 422 744 473 Νύξ
763 420 804 465 δ’
825 422 892 465 ἐπὶ
910 419 1094 477 τούτοις]
1126 424 1323 463 Homerus
1346 425 1492 478 Odyss.
1514 421 1564 479 β’.
1585 439 1625 466 V.
1640 427 1735 469 3¹65.

197 495 371 521 DUCANG.

319 542 409 592 Pag.
423 542 518 589 376,
542 543 607 583 10.
637 534 700 588 'Eg
719 537 796 594 γοῖρ
813 537 856 580 vd
876 540 1078 593 περίγειον
1091 538 1183 591 etc]
1219 538 1522 579 Astronomicae
1543 539 1738 579 eruditio-

197 597 259 636 nis
280 597 563 650 intempestiva
586 598 812 638 ostentatio,
874 598 939 635 Sic
960 597 1071 635 *infra
1105 598 1173 636 lib.
1195 598 1283 636 XII.
1315 612 1402 650 cap.
1432 597 1542 639 X111.
1571 605 1667 637 sect.
1697 602 1735 641 6.

196 654 239 696 τὸ
267 653 341 713 χεὶρ
371 657 574 711 περίγειον
605 655 648 696 ἐκ
676 658 949 709 περιστροφῆς
978 658 1053 695 τοῦ
1082 655 1234 696 οἰκείου
1255 652 1650 709 ἔπαναλαμβάνουσα
1666 652 1736 696 κύ-

195 717 319 764 κλου,
352 713 420 754 καὶ
449 713 490 763 ἐς
522 710 771 769 τετράγωνον
795 708 920 762 αὖθις
952 716 1007 769 τῷ
1036 711 1138 767 ἡλίῳ
1167 713 1445 768 καθισταμένη
1475 710 1518 755 τὸ
1549 710 1737 768 δεύτερον

195 769 276 824 ’ἤδη
308 769 576 824 σχηματισμὸν
610 779 687 811 etc.
746 785 897 811 BOIVIN.

315 832 411 883 Pag.
445 831 547 880 376,
576 833 644 872 20.
703 826 844 884 Atinio
880 827 1037 883 ἔμοιγε]
1080 827 1279 868 Homerus
1303 829 1451 882 Odyss.
1486 823 1542 870 δ’.
1572 842 1613 869 v.
1639 830 1735 872 481.

195 900 374 926 DUGANG.

308 943 408 998 Pag-
437 946 543 995 379,
576 948 613 987 1.
657 944 740 986 Καὶ
762 942 836 997 τήν
865 943 1071 998 φέρουσαν
1092 940 1258 997 κώμην]
1291 943 1455 983 Scilicet
1471 941 1567 993 τούς
1587 943 1735 992 κύνας.-

195 1017 280 1041 eum
301 1017 450 1057 pagum
476 1003 518 1040 in
541 1018 619 1057 quo
643 1001 836 1042 latrarent
864 1018 992 1043 canes.
1051 1016 1254 1042 wonrius.

311 1063 409 1113 Pag.
442 1063 546 1109 379,
583 1064 645 1103 10.
706 1057 1036 1114 Στρούμμιτζαν]
1067 1061 1166 1099 Aliis
1186 1060 1500 1113 Στρουμπίτζαν.
1534 1059 1635 1099 Vide
1663 1073 1735 1097 no-

194 1123 256 1156 tas
285 1117 336 1156 ad
357 1117 592 1157 Alexiadem
616 1133 708 1171 pag.
733 1122 829 1162 382·
860 1132 1036 1157 DUCANG.
1107 1118 1213 1156 Olim
1240 1114 1569 1172 Τιβεριούπολιν,·
1598 1123 1644 1155 ut
1666 1117 1735 1155 do-

195 1181 260 1214 cet
282 1175 417 1214 brevis
441 1176 589 1214 Notitia
615 1177 788 1225 urbium,
819 1190 920 1228 quae
947 1176 1159 1227 antiquum
1186 1189 1332 1213 nomen
1361 1176 1402 1214 in
1429 1189 1578 1214 novum
1608 1181 1735 1212 muta-

194 1239 302 1274 runt.
345 1233 442 1272 Cod.
461 1234 557 1285 Reg.
587 1234 714 1276 2784.
740 1235 809 1274 fol.
841 1237 934 1276 327.
953 1248 993 1274 v.
1021 1234 1260 1272 conferenda
1283 1246 1373 1271 cum
1394 1247 1437 1272 ea
1462 1246 1578 1284 quam
1609 1232 1735 1270 edidit

193 1291 274 1343 Leo
297 1290 470 1329 Allatius
498 1293 540 1330 in
570 1292 676 1331 notis
710 1292 760 1330 ad
785 1292 927 1343 Georg.
952 1292 1225 1343 Acropolitam
1260 1303 1349 1342 pag.
1372 1290 1467 1332 241.
1527 1303 1677 1332 newis.

244 1375 246 1377 >
308 1347 411 1400 Pag.
444 1351 547 1398 380,
581 1354 645 1393 13.
710 1351 902 1390 Σκοπίων
923 1349 1156 1402 πολίχνιον]
1191 1348 1291 1387 Vide
1314 1348 1471 1386 easdem
1494 1354 1610 1386 notas
1641 1360 1732 1400 pag.

193 1408 291 1449 297.
341 1407 393 1445 Et
418 1406 705 1446 Leunclavium
737 1409 780 1446 in
813 1407 1013 1446 Pandecte
1039 1407 1213 1446 Tureico
1244 1420 1283 1447 n.
1316 1408 1411 1447 169.
1441 1419 1619 1445 DUCANG.
1684 1402 1735 1446 Τὸ

192 1466 276 1504 τῶν
306 1464 498 1504 Σκοπίων
528 1467 735 1517 πολίχνιον
755 1494 764 1505 .
787 1492 798 1503 .
817 1496 826 1505 .
854 1461 906 1506 οὗ
933 1461 1232 1517 παραψαύοντα
1261 1461 1330 1503 καὶ
1359 1460 1431 1504 τόν
1460 1459 1593 1511 Ἀξιόν
1623 1468 1734 1502 τεθε-

195 1517 332 1574 άμεθα
363 1519 572 1575 ποταμόν]
603 1523 694 1562 Non
717 1524 902 1574 congruit
927 1522 1028 1562 haec
1048 1520 1302 1574 Geographia
1325 1534 1416 1559 cum
1444 1519 1651 1559 hodiernis
1672 1527 1732 1558 ta-

192 1579 323 1629 bulis,
364 1593 466 1631 quae
503 1579 656 1633 Scupos
682 1581 823 1620 urbem
855 1582 973 1631 longe
1002 1580 1050 1618 ab
1081 1580 1202 1619 Axio
1233 1593 1304 1618 seu
1332 1576 1537 1616 Bardario
1567 1578 1732 1618 flumine

192 1637 367 1689 positam
395 1636 600 1679 exhibent.
661 1639 784 1691 Atqui
813 1637 974 1691 Scopia,
993 1644 1032 1676 et
1055 1635 1230 1690 Scupos,
1264 1636 1427 1676 eandem
1460 1635 1599 1675 urbem
1633 1649 1731 1684 esse,

192 1695 297 1734 inter
319 1709 456 1733 omnes
482 1696 744 1749 Geographos
767 1703 934 1737 constat.
975 1695 1074 1735 Vide
1094 1695 1258 1743 Ortelii,
1290 1693 1537 1743 Mei-catoris,
1569 1695 1732 1732 Samso-

190 1752 275 1804 nis,
306 1753 450 1791 Brietii
473 1759 511 1791 et
545 1754 716 1794 aliorum
740 1754 900 1793 tabulas
923 1751 1220 1805 geographicas,
1279 1765 1430 1791 noivm.

310 1813 408 1863 Pag.
437 1811 543 1860 381,
576 1815 642 1854 11.
703 1812 874 1853 Λέδοται
894 1828 930 1852 κ.
954 1827 986 1852 τ.
1008 1815 1069 1859 λ.]
1100 1811 1186 1849 Iob.
1207 1824 1293 1862 cap.
1313 1810 1386 1849 ΙΙΙ.
1405 1822 1444 1847 v.
1467 1811 1533 1850 20.
1573 1821 1730 1848 BOIVIN.

309 1871 404 1921 Pag.
433 1871 539 1918 382,
573 1872 638 1912 11.
685 1866 834 1911 ’Ὀσσαι
860 1870 902 1911 οἱ
925 1867 1027 1923 ὁμοῦ
1049 1865 1203 1922 τράφεν
1225 1884 1262 1908 κ.
1280 1883 1315 1907 τ.
1336 1866 1398 1919 AL]
1431 1866 1546 1904 Hom.
1565 1865 1641 1905 Od.
1662 1865 1731 1906 IV.

191 1939 350 1964 nowm.

309 1985 409 2035 Pssg··
435 1986 539 2033 382,
570 1986 637 2027 23.
698 1982 899 2032 Βασιλέως
926 1980 1120 2035 νύμφην]
1153 1983 1249 2020 Erat
1281 1981 1394 2034 quasi
1432 1994 1571 2020 nurus.
1629 1980 1729 2018 Nam

192 2039 448 2079 Andronicus
468 2042 602 2080 senior
620 2056 703 2082 eam
725 2055 893 2080 uxorem
922 2041 1124 2092 delegerat
1145 2039 1228 2078 filio
1257 2039 1393 2078 fratris
1414 2039 1486 2077 sui.
1515 2051 1672 2077 BOIVIN·

308 2100 405 2151 Pag·
438 2102 544 2149 384,
578 2103 614 2142 1.
661 2097 739 2139 uHv
767 2095 1049 2152 μετωνόμασεν
1079 2097 1259 2148 ’'Avvoev]
1303 2097 1566 2136 Cantacuzen.
1601 2095 1668 2133 lib.
1696 2095 1727 2135 I.

190 2168 282 2208 cap-
306 2158 374 2198 40.
396 2155 462 2199 42.
494 2157 586 2197 Fuit
604 2159 673 2197 illa
690 2158 839 2196 Ioanne
865 2157 1053 2196 Amedaei
1078 2156 1122 2198 V.
1148 2169 1200 2195 ex
1225 2155 1352 2194 Maria
1370 2152 1607 2193 Brabatensi
1632 2152 1729 2190 alte-

192 2226 238 2251 ra
264 2213 434 2263 coniuge
464 2213 565 2254 filia:
605 2216 663 2254 sic
696 2229 746 2254 ex
776 2215 946 2265 Ioanne,
988 2215 1133 2267 quibus
1158 2214 1199 2252 id
1230 2213 1403 2252 nominis
1423 2211 1597 2250 insoleus
1627 2216 1727 2259 erat,

191 2274 344 2310 Annam
369 2272 577 2312 confecere
599 2273 753 2312 Graeci.
782 2273 883 2312 Vide
905 2273 1041 2311 Famil.
1064 2273 1231 2324 Byzant.
1288 2283 1464 2309 DUCANG.

309 2331 403 2388 Pag.
435 2328 540 2379 384,
575 2334 639 2372 12-
694 2327 862 2371 Ἡλοᾶκει
887 2330 955 2371 καὶ
976 2329 1005 2383 ἦ
1028 2327 1300 2381 Προυσαέων]
1331 2329 1497 2366 Prusam
1514 2324 1726 2376 Bithyniae

191 2387 447 2439 metropolim
478 2386 526 2425 ab
551 2387 747 2427 Othmane
771 2403 844 2427 seu
863 2389 1034 2427 Osmane
1060 2387 1226 2425 Sultano
1255 2385 1478 2433 obsessam,
1509 2397 1554 2421 nc
1585 2383 1727 2421 castel-

191 2445 241 2483 lis
265 2444 424 2483 duobus
444 2445 682 2494 exstructis,
711 2446 921 2498 praesidiis
950 2446 992 2484 in
1017 2445 1065 2483 iis
1095 2444 1315 2490 collocatis,
1346 2442 1456 2481 urbis
1483 2441 1566 2479 vias
1591 2454 1726 2479 onmes

191 2502 488 2550 interclusisse,
526 2516 577 2541 ne
606 2503 704 2555 quid
739 2504 780 2542 in
812 2519 898 2543 eam
926 2509 1062 2556 posset
1098 2500 1333 2553 importari,
1377 2514 1422 2538 ac
1443 2499 1604 2537 tandem
1623 2498 1727 2535 same

190 2559 381 2599 domitam
402 2560 574 2612 cepisse,
605 2567 742 2599 narrat
768 2568 860 2614 post
885 2561 1099 2600 Laonicum
1124 2559 1192 2598 lib.
1216 2559 1250 2597 I.
1282 2556 1544 2596 Leunclavius
1574 2555 1642 2593 lib.
1671 2554 1721 2592 ΙΙ.

189 2615 293 2658 nist.
323 2617 563 2658 Musulman.
618 2619 652 2656 A
679 2633 757 2669 quo
790 2619 886 2657 urbs
915 2620 1025 2672 ipsa,
1057 2630 1159 2669 quae
1184 2615 1328 2655 exinde
1359 2616 1581 2653 Turcorum
1617 2612 1726 2663 regia

189 2674 289 2728 fuit,
319 2675 455 2715 multis
479 2675 721 2716 describitur
740 2676 782 2714 in
811 2676 945 2715 indice
966 2674 1182 2715 libitinario
1203 2672 1521 2712 Osmanidarum.
1549 2683 1724 2709 DUGANG.

306 2736 403 2789 Pag-
431 2732 537 2782 385,
567 2736 607 2775 2.
664 2731 1048 2788 Ἑξακισχιλιοστοῦ]
1081 2731 1225 2771 Christi
1259 2733 1381 2775 133¹.
1411 2741 1586 2768 DucANo.
1643 2722 1726 2777 Ἀρ-

188 2788 360 2841 χομένου
394 2787 469 2844 γᾶρ
499 2792 573 2831 τοῦ
607 2789 815 2841 ἕξακισχιλ.
849 2787 1031 2833 dumnoc.
1063 2791 1301 2842 τριακοστοῦ
1332 2787 1446 2828 ἕκτου
1468 2784 1607 2837 ἔτους]
1637 2782 1727 2823 An-

188 2861 240 2887 no
270 2848 477 2903 incipiente
504 2847 634 2888 sexies
659 2846 868 2888 millesimo
899 2847 1216 2902 octingentesimo
1247 2845 1443 2900 trigesimo
1473 2852 1600 2892 sexto,
1632 2853 1724 2889 non,
