1794 3172
355 142 671 190 HISTORIAE
698 143 1075 190 BYZANTINAE
1090 143 1189 189 XII.
1210 148 1278 191 13.
1456 139 1559 187 617

64 258 225 318 φημίαν
242 252 346 313 ἔχων
359 259 435 300 τοῦ
454 253 660 310 βασιλέως
679 251 890 313 ἀκήρατόν
909 271 954 298 τε
973 255 1043 298 καὶ
1070 253 1197 311 ἀμιγῆ
1211 268 1222 279 ·
1258 253 1366 300 ἀλλὰ
1386 255 1550 301 συνεκὲ-
1573 263 1611 296 Α.
1627 263 1666 297 c.
1683 258 1772 300 1341

64 344 194 384 κρατο
219 327 288 370 καὶ
306 331 399 376 ταῖς
418 324 525 368 κατὰ
546 329 621 368 τοῦ
642 325 992 380 Καντακουζηνοῦ
1026 325 1096 367 καὶ
1124 322 1215 380 ἅμα
1248 331 1340 376 ταῖς
1370 330 1447 382 τῆς
1464 311 1628 384 pen-Imp·
1642 312 1687 343 ¹⁰¹
1709 311 1774 344 Pa-

63 396 169 454 τρὸς·
194 395 324 438 αὐτοῦ
357 394 607 456 λοιδορίαις,
659 394 753 437 λίαν
775 392 920 444 οὔσαις
943 395 1135 450 αἰσχραῖς
1168 395 1237 437 καὶ
1266 394 1317 438 οὔ
1350 393 1460 440 πάνυ
1487 414 1553 441 τοι

63 463 283 523 σώφρονος
303 463 431 519 ἀκοῆς
455 463 588 516 ἀξίαις
599 496 614 517 ,
660 460 919 514 ὖποκάοντος
938 466 1015 506 τοῦ
1040 461 1302 507 Ἀποκαῦκου
1337 466 1407 508 καὶ
1443 463 1550 511 ἀνα-

28 534 288 594 5φλέγοντος
311 535 486 590 δωρεαῖς
518 530 762 591 ἁδροτέραις
787 533 856 574 καὶ
881 529 1125 588 ὖποσχὲσεσι
1153 532 1231 590 τὴν
1249 531 1446 592 τοιαύτην
1472 540 1550 580 τοῦ

62 602 256 660 πλήθους
277 600 422 660 ὁρμήν.
497 600 588 661 (Γ.)
622 603 710 646 Καὶ
722 596 774 658 ἦν
796 598 1001 658 αὐτήκοος
1021 599 1182 646 τούτων
1209 600 1404 647 ἀπάντων
1423 602 1452 662 ἦ
1474 609 1592 649 wil)

61 674 412 728 Καντακουζηνοῦ
429 668 596 728 μήτηρ,
636 668 920 729 δεσμωτήριον
949 673 1120 715 οἴκοῧσα
1139 672 1296 727 μεταξῦ
1322 677 1400 730 τῆς
1421 679 1549 730 βασι-

61 743 172 785 λείου
204 741 362 797 αὐλῆς,
409 739 517 783 ἔνθα
557 740 605 783 τὸ
650 739 870 799 ἄθροισμα
897 744 974 784 τοῦ
1017 738 1155 797 δήμου
1186 742 1294 786 κατὰ
1333 744 1551 800 ποταμοὺς

62 810 248 869 συνέῤῥει
280 811 349 854 καὶ
378 815 673 867 συνεκροτεῖτο.
720 811 788 853 καὶ
806 810 947 866 μέντοι
973 812 1040 854 καὶ
1068 810 1145 867 τὴν
1179 813 1355 870 καρδίαν
1380 812 1547 872 σφόδρα
1558 827 1681 866 V.312

7 885 51 920 10
61 879 304 936 ἕπλήττετο,
348 881 418 923 καὶ
448 879 706 936 στεναγμοὺςν
738 880 783 922 ἐκ
810 877 979 935 βάθους
1006 879 1253 935 ἀνέπεμπεν,
1301 879 1441 941 ὥσπερ
1469 902 1548 927 κα-

59 949 188 1001 πνοὺς
216 946 424 1014 θολεροῆς
450 966 494 992 τε
520 951 589 992 καὶ
620 946 885 1005 ὁμιχλώδεις,
934 951 1002 992 καὶ
1031 949 1188 1005 πολλὴν
1213 950 1291 1007 τὴν
1320 949 1441 995 ἴνδον
1469 958 1547 1010 τῆς

58 1023 199 1076 ψυχῆς
232 1019 398 1077 πικρίαν
436 1025 524 1069 τοῖς
561 1018 929 1076 παρακαθημένοις
966 1018 1250 1078 ἀγγέλλοντας.
1300 1021 1588 1080 μεριζομὲνηΕ

57 1089 138 1147 γὰρ
175 1088 253 1146 τὴν
283 1087 427 1145 ψυχὴν
455 1085 560 1146 πρός
601 1105 647 1132 τε
679 1088 755 1145 τὴν
785 1086 1000 1146 ἀφόρητον
1031 1089 1185 1146 ἐκείνην
1217 1093 1301 1134 τῶν
1328 1093 1545 1150 λοιδοριῶν

59 1157 187 1214 ἀκοὴν
221 1159 290 1202 καὶ
329 1157 647 1215 ἀναλογιζομένη
688 1157 794 1214 πρὸς
827 1159 950 1202 τίνων
979 1162 1120 1202 ’ταῦτα
1154 1160 1541 1218 δραματουργεῖται,

4 1233 50 1269 15
57 1228 163 1284 χθὲς
179 1229 249 1271 καὶ
278 1225 480 1286 πρότριτα
501 1225 654 1270 δούλου
675 1234 828 1285 μοῖραν
859 1225 1036 1283 ε’χόντων
1053 1227 1159 1284 πρὸς
1178 1227 1333 1285 αὐτὴν,
1370 1232 1438 1273 καὶ
1454 1229 1543 1286 ἅμα

57 1298 135 1354 τὴν
150 1294 318 1353 μνήμην
336 1295 604 1354 ἀναφέρουσα
621 1298 662 1348 ἐς
678 1297 755 1347 τὰς
765 1297 809 1340 ἐκ
824 1297 1011 1355 βρέφους
1041 1296 1170 1354 τύχας
1197 1300 1266 1342 καὶ
1284 1298 1333 1343 τὸ
1353 1303 1429 1356 τῆς
1445 1298 1539 1356 ἧλι-

56 1364 246 1418 κιῶτιδος
267 1366 529 1422 εὖδαιμονίας
551 1365 684 1417 ἄνθος
704 1365 799 1424 ἄχρι
815 1365 954 1424 γήρως
976 1373 1234 1425 παραμεῖναν
1244 1366 1453 1427 ἀκήρατον
1474 1372 1542 1414 καὶ

57 1434 255 1492 ἀκμάζον,
282 1437 350 1479 καὶ
373 1440 655 1493 παρατιθεῖσα
675 1437 806 1479 ε’κεῖνα
828 1435 993 1487 πάντως
1012 1444 1103 1488 ταῖς
1123 1441 1197 1481 νῦν
1215 1436 1454 1490 ἀντιπάλοις
1472 1440 1577 1483 καὶῑῧ

57 1503 277 1562 ἀδοκήτοις
293 1509 369 1549 τοῦ
379 1503 537 1563 χρόνου
556 1513 733 1564 φοραῖς,
772 1505 908 1564 φέρειν
936 1505 1012 1550 οὔκ
1032 1504 1134 1562 εἶχεν
1146 1520 1157 1531 ·
1194 1506 1301 1551 ἀλλὰ
1324 1509 1544 1565 πληγείσης

0 1577 254 1634 ἒοσφοδρῶς
273 1574 350 1631 τὴν
368 1576 566 1633 καρδίαν,
604 1576 662 1626 εἷς
677 1573 803 1619 νόσον
835 1573 992 1634 ἐτράπη
1021 1575 1070 1620 τὸ
1102 1580 1226 1631 σῶμα
1259 1581 1434 1635 βαρεῖαν
1467 1579 1558 1621 καῖ’

56 1643 384 1700 ὗπισχνουμένην
415 1643 591 1688 ἔσεσθαί
621 1644 662 1688 οἳ
691 1648 767 1688 τοῦ
802 1645 899 1700 βίου
927 1644 977 1688 τὸ
1003 1644 1131 1703 πέρας
1166 1644 1242 1688 οὐκ
1274 1647 1331 1697 εἷς
1356 1644 1535 1706 μακράν.

58 1713 156 1773 (A.)
187 1711 435 1770 Ἐπιστάσης
458 1717 676 1771 τοιγαροῦν
694 1715 763 1757 καὶ
781 1718 854 1770 τῆς
872 1718 957 1758 τῶν
978 1712 1130 1771 φώτων
1147 1713 1413 1772 πανηγύρεως
1428 1715 1534 1772 μετὰ
1556 1722 1644 1758 A.C.
1664 1718 1755 1758 1342

58 1782 135 1828 δύο
154 1785 223 1828 καὶ
253 1783 351 1827 δέκα
379 1781 562 1842 ἡμέρας,
608 1784 677 1827 καὶ
698 1787 774 1826 τοῢ
794 1783 871 1838 μὲν
885 1783 1090 1838 βασιλέως
1114 1781 1267 1839 ὁμοίως
1284 1779 1413 1836 αὖθις
1427 1769 1672 1850 προ-ωἷζέὥ·
1688 1771 1756 1851 lia-

57 1851 286 1905 κῦπτοντος
309 1852 474 1897 ἄνωθεν
485 1886 500 1907 ,
537 1857 613 1897 τοῦ
633 1852 679 1901 δὲ
699 1850 834 1910 δήμου
854 1851 1044 1898 κάτωθεν
1071 1852 1149 1906 τὰς
1168 1850 1315 1909 ὅμοίας
1331 1854 1536 1914 εὐφημίας
1668 1841 1677 1849 ⁰

1598 358 1695 392 laeol.
1706 358 1726 394 1

55 2012 110 2048 sui
131 2023 220 2059 erga
237 2012 478 2068 imperatorem
500 2010 609 2048 studii
633 2010 860 2067 significatio;
883 2010 946 2047 sed
968 2015 1006 2047 et
1023 2010 1196 2067 convitia,
1219 2014 1288 2047 tam
1304 2011 1342 2047 in
1357 2010 1532 2052 Cantacn-

55 2071 180 2141 3333ss
200 2058 1534 2160 2335ssss'tfzssfflss‘lssffiuciffla‘’1122‘0'3‘3‘5322'232321-1‘1532125‘513

54 2153 206 2188 tionibus
231 2164 274 2188 ac
294 2153 472 2199 promissis
494 2153 658 2198 impetum
675 2152 798 2199 plebis.
843 2152 945 2197 (ΙΙΙ.)
969 2152 1027 2188 Ea
1043 2163 1126 2187 vero
1145 2152 1258 2187 omnia
1274 2152 1438 2187 audiebat
1452 2153 1531 2198 ipsa

54 2211 119 2246 per
138 2211 178 2234 se
198 2199 432 2234 Cantacuzeni
453 2205 582 2241 mater,
606 2210 696 2245 quae
720 2202 791 2233 tum
815 2197 908 2233 intra
930 2199 1040 2234 aulam
1056 2198 1180 2245 palatii
1198 2210 1370 2234 carcerem
1392 2199 1532 2235 habita-

54 2248 138 2289 bat;
161 2257 229 2292 quo
250 2245 415 2281 torrentis
437 2246 547 2280 instar
566 2244 762 2281 confluebat
779 2249 815 2281 et
833 2245 1088 2290 glomerabatur
1105 2245 1252 2280 collecta
1273 2244 1390 2291 populi
1414 2246 1531 2280 turba.

54 2294 106 2327 Ac
130 2303 215 2328 sane
238 2291 330 2327 illius
357 2303 418 2328 cor
442 2292 739 2327 vehementissimo
762 2292 881 2327 dolore
910 2293 1146 2338 pungebatur,
1170 2291 1384 2338 gemitusque
1404 2291 1532 2327 edebat

53 2339 250 2380 altissimos,
266 2339 328 2386 qui
345 2339 429 2374 fumi
448 2338 558 2373 instar
574 2339 708 2373 turbidi
724 2351 766 2374 ac
796 2338 953 2373 nebulosi
983 2337 1252 2381 amaritudinem,
1274 2349 1364 2384 quae
1383 2338 1531 2384 plurima

53 2385 165 2421 animo
186 2385 278 2420 illius
296 2385 421 2428 inerat,
444 2385 678 2420 assidentibus
691 2386 902 2420 indicabant.
948 2385 1080 2420 Partim
1100 2385 1190 2420 enim
1208 2383 1370 2420 convitiis
1386 2384 1456 2418 illis
1474 2383 1531 2419 in-

53 2431 253 2475 tolerandis,
276 2443 365 2478 quae
382 2432 556 2475 audiebat,
578 2432 726 2467 animum
745 2432 941 2474 advertens,
966 2436 1003 2467 et
1027 2444 1049 2467 a
1070 2432 1194 2478 quibus
1223 2431 1311 2465 istae
1326 2429 1531 2475 tragoediae

54 2483 245 2524 agerentur
267 2490 384 2514 secum
408 2484 592 2525 reputans,
616 2479 661 2514 ab
683 2478 728 2513 iis
750 2490 893 2524 nempe,
917 2477 977 2524 qui
996 2477 1073 2514 heri
1095 2490 1137 2513 ac
1160 2476 1408 2513 nudiustertius
1432 2488 1532 2512 man·

53 2525 220 2571 cipiorum
239 2524 352 2560 instar
377 2525 411 2560 ei
430 2526 594 2568 fuissent,
616 2525 741 2571 partim
760 2524 952 2560 memoriam
972 2530 1133 2571 repetens
1161 2535 1246 2559 suae
1268 2522 1351 2557 inde
1371 2527 1485 2569 ⁴nsque
1507 2534 1532 2558 a

52 2571 206 2618 pueritia
234 2572 394 2607 fortunae
426 2571 674 2617 felicitatisque
700 2572 792 2607 illius
819 2571 886 2606 sibi
913 2582 1086 2613 coaevae,
1109 2571 1206 2606 cuius
1227 2569 1292 2604 flos
1308 2569 1460 2604 illibatus
1487 2580 1530 2604 ac

52 2619 178 2663 vigens
203 2618 249 2653 ad
276 2622 489 2654 senectutem
511 2629 623 2664 usque
646 2622 900 2664 permanserat,
925 2629 1198 2664 componensque
1219 2615 1288 2651 ista
1315 2615 1425 2651 omnia
1451 2626 1530 2650 cum

52 2665 122 2699 illis
145 2664 303 2700 adversis
327 2668 431 2711 atqu‘e
459 2664 648 2711 inopinatis
670 2664 966 2699 vicissitudinibus
993 2664 1176 2709 temporis,
1207 2662 1344 2697 minime
1372 2661 1410 2696 id
1436 2662 1531 2696 ferre

52 2714 202 2757 poterat.
245 2711 359 2746 Corde
382 2711 503 2757 itaque
521 2711 677 2756 graviter
692 2710 874 2746 vulnerato
885 2735 896 2752 ,
921 2722 1046 2756 corpus
1063 2711 1100 2745 in
1119 2709 1293 2744 difficilem
1307 2708 1458 2743 morbum
1476 2707 1530 2742 in-

54 2757 160 2800 cidit,
183 2756 243 2812 qui
263 2757 363 2792 finem
381 2758 480 2792 vitae
501 2758 596 2797 haud
620 2757 723 2802 longe
745 2759 866 2792 abesse
889 2757 1128 2802 pollicebatur.
1175 2755 1276 2800 (IV.)
1300 2755 1387 2789 Cum
1411 2754 1530 2800 itaque

53 2811 90 2839 et
111 2804 288 2839 Lummum
304 2804 443 2839 solenne
463 2809 543 2850 post
561 2803 742 2838 duodecim
758 2803 834 2839 dies
851 2803 1060 2845 advenisset,
1083 2807 1188 2849 atque
1207 2801 1394 2847 imperator
1409 2799 1530 2835 itidem

53 2850 213 2886 deorsum
229 2854 490 2896 prospectaret,
513 2850 660 2897 populus
681 2855 794 2886 autem
813 2861 857 2886 ex
877 2849 1034 2885 inferiori
1062 2849 1138 2885 loco
1161 2847 1328 2887 similibus
1352 2853 1391 2884 et
1413 2846 1530 2883 accla-

146 2909 362 2955 Niceplwms
378 2909 526 2956 Gregor.
557 2909 628 2944 Vol.
646 2909 694 2942 11.
1196 2897 1252 2939 40
