1794 3172
311 130 442 180 1028
719 136 1037 182 NICEPHORI
1068 136 1393 184 GREGORAE
1408 150 1410 153 ·

87 258 127 294 A.
145 259 189 294 M.
206 247 335 305 68592‘7
355 245 577 307 φρόνησις·
613 247 686 291 καί
707 263 750 305 γε
774 245 824 290 οὗ
855 253 944 299 τοῖς
967 248 1104 309 φίλοις
1130 247 1177 292 τὸ
1204 246 1364 292 εἷίελπι·
1404 247 1512 293 ἀλλὰ
1541 251 1683 309 καιρὸς
1716 253 1784 295 καὶ

143 307 211 341 Iud.
226 303 249 342 4

163 1651 204 1684 P.
222 1646 291 1685 647

167 1697 206 1731 V.
222 1696 293 1733 522

308 317 533 374 ἀπάντημα
553 314 810 373 συμβήσεται
830 320 956 361 πᾶσιν
975 317 1118 369 αὐτοῖς
1139 316 1454 376 ἀπροσδόκητον
1471 319 1515 363 ἐκ
1536 325 1639 364 θεοῦ
1649 354 1663 374 ,
1698 325 1784 365 πᾶ-

308 405 387 432 σαν
417 385 668 444 ὖπερβαῒνον
700 386 853 443 σοφίαν
885 388 952 430 καὶ
992 385 1165 443 δύναμιν
1207 387 1499 446 ἀνθρωπίνην,
1548 391 1616 433 καὶ
1646 387 1782 434 πάντα

308 457 506 514 φαυλίζον
545 453 812 514 ἀνθρώπινον
845 454 965 513 ὄγκον
995 458 1063 500 καὶ
1095 461 1241 515 τῦφον.
1302 458 1364 501 διὸ
1399 460 1467 501 καὶ
1499 463 1618 520 σιγᾷν
1647 457 1783 518 ἔκρινα

307 529 414 579 δεῖν,
451 526 520 568 καὶ
550 529 635 568 τῶν
667 529 742 568 τοῦ
767 525 862 580 βίου
889 527 1084 583 παιγνίων
1117 524 1348 582 θαυμάζειν
1376 527 1453 579 τὰς
1480 526 1794 587 ἀγχιστρόφουςι

306 594 543 651 μεταβολὰς
553 628 567 648 ,
610 596 678 637 καὶ
710 595 868 650 μηδένα
897 596 977 652 πρὸ
1013 600 1205 653 τελευτῆς
1244 598 1494 655 μακαρίζειν.
1548 600 1616 641 καὶ
1648 596 1669 642 ὅ
1709 600 1786 654 μὲν

271 667 492 722 ΟΔαρεΐος
519 665 667 714 ἐκεῖνος
693 662 773 707 ὑπὸ
805 669 970 722 πληγῶν
994 667 1061 709 καὶ
1087 664 1339 724 τραυμάτων
1364 665 1594 723 ἐπιβούλων
1617 670 1674 718 εἷς
1697 667 1790 712 2902-

307 751 432 778 νατον
465 731 758 789 ἐλαυνόμενος,
796 735 932 791 ἐπειδὴ
970 733 1154 792 διψήσας
1189 735 1340 795 ᾔτησεν
1369 735 1510 795 ὕδωρ,
1549 739 1617 781 καὶ
1647 742 1786 795 παρῆν

308 804 443 854 οὐδεὶς
467 804 509 847 ἐν
531 801 671 863 ἐρήμῳ
697 804 764 847 καὶ
785 802 929 864 ἀβάτῳ
950 805 1185 865 διωκομένῳ
1207 810 1258 864 γῇ
1272 840 1285 860 ,
1321 806 1428 863 πλὴν
1460 805 1550 857 ἑνός
1579 824 1689 858 τινος
1711 807 1786 850 ἀν·-

309 873 410 931 δρός
432 873 620 924 εὐτελοῦς
629 906 643 926 ,
682 872 727 924 ὃς
748 871 863 931 ὕδωρ
888 891 932 918 τε
957 873 1118 931 ἐκόμισε
1140 875 1278 933 βραχὺ
1306 877 1374 919 καὶ
1397 876 1573 933 ἀνέψυξε
1598 877 1679 935 πρὸ
1710 881 1785 933 τῆς

308 947 513 999 τελευτῆς,
543 940 698 997 βύθιον
718 942 1080 1000 ἀνακλαυσάμενος
1100 947 1167 989 καὶ
1190 943 1415 1002 δακρύσας,
1447 979 1461 999 ,
1466 944 1609 1000 ,τοῦτό
1625 964 1697 1002 μοι
1717 963 1786 989 τε-

311 1012 545 1066 λευταῖον,”
575 1011 714 1069 ἔφησε,
752 1017 872 1066 ,,τῶν
906 1013 1258 1071 δυστυχημάτων,
1298 1011 1342 1058 εὖ
1365 1014 1548 1059 παθόντι
1574 1015 1634 1072 μὴ
1657 1013 1786 1060 δύνα-

313 1086 420 1126 σθαι
440 1081 489 1125 τὸ
515 1085 724 1138 προσῆκον
748 1081 1058 1138 ἀμείψασθαι.”
1094 1084 1171 1142 ἐγὼ
1193 1084 1233 1127 δ’
1259 1082 1453 1129 ἁπάντων
1471 1083 1660 1129 ἀπόντων
1678 1102 1786 1142 γνω-

272 1151 471 1209 Ὠρίμων,
507 1152 663 1208 φίλων,
693 1153 850 1196 οἰκείων
860 1185 874 1207 ,
907 1151 1118 1209 γειτόνων,
1155 1155 1198 1197 ἐν
1227 1153 1551 1214 ἀπαραμυθήτῳ
1581 1156 1788 1212 καθείρξει

309 1218 438 1277 μόνος
457 1218 692 1277 καθήμενος
724 1223 860 1278 μεΐζον
891 1220 1063 1280 εὗρίσκω
1090 1224 1158 1266 καὶ
1187 1227 1419 1267 τελευταῖον
1447 1229 1530 1267 τῶν
1548 1226 1657 1279 ἐμῶν
1678 1226 1781 1267 δυσ-

310 1288 559 1346 τυχημάτων
586 1292 725 1344 τουτὶ,
763 1292 822 1348 μὴ
842 1289 1051 1335 δύνασθαι
1074 1290 1336 1347 παντάπασι,
1367 1293 1426 1350 μὴ
1451 1292 1513 1337 ὅτι
1535 1298 1593 1353 τῷ
1617 1298 1785 1350 ψυχροῦ

312 1358 510 1417 ποτήριον
529 1358 783 1417 παρασχόντι
803 1359 851 1404 τό
867 1378 909 1418 γε
927 1365 1134 1420 προσῆκον
1157 1362 1419 1418 ἀμείβεσθαι,
1444 1362 1549 1406 ἀλλὰ
1566 1363 1662 1419 μηδ’
1685 1363 1786 1419 ἔχειν

314 1427 362 1479 ὃς
381 1428 431 1473 ὅίν
447 1447 519 1485 μοι
538 1433 662 1472 τοῦτο
684 1428 989 1486 διακονήσηται.
1027 1431 1139 1490 φέρω
1158 1432 1295 1476 τοίνυν
1317 1430 1565 1490 ἀρκούμενος
1577 1466 1589 1486 ,
1623 1431 1686 1476 ὅτι
1707 1432 1785 1488 ἔχω

314 1496 478 1556 κύριον,
515 1499 589 1542 τὸν
609 1503 692 1543 τῶν
711 1504 903 1559 κρυπτῶν
921 1497 1131 1558 γνώστην,
1167 1499 1362 1561 μάρτυρα
1383 1506 1459 1559 τῆς
1475 1502 1646 1553 ἀδικίας.
1685 1501 1783 1546 ἀλλ’

313 1568 438 1612 ἐκεῖσε
461 1566 658 1628 ἐπάνειμι.

419 1635 468 1689 ς’.
510 1637 572 1682 Οὗ
590 1638 668 1697 γὰρ
688 1638 827 1697 ἠρέμει
848 1639 896 1683 τὸ
926 1636 1144 1698 βάρβαρον
1168 1639 1292 1684 ἐκεῖνο
1311 1641 1378 1684 καὶ
1397 1639 1566 1700 φονικὸν
1588 1644 1664 1697 τῆς
1681 1637 1788 1698 γνώ-

314 1725 397 1766 μης
413 1712 498 1753 τῶν
518 1710 789 1766 παλαμναίων
808 1709 968 1754 ἐκείνων
988 1709 1151 1770 ἀνδρῶν
1163 1724 1173 1735 ·
1201 1710 1297 1755 ἀλλ’
1321 1712 1364 1764 ἐξ
1383 1711 1527 1771 οὐρίας
1547 1710 1690 1755 ὠθοῦν
1709 1709 1785 1767 τὴν

405 1844 441 1881 2.
463 1841 730 1892 συναντήσεται
747 1842 932 1891 σύμπασιν
955 1843 1033 1880 edd.

316 1970 397 2006 spes
414 1959 528 2002 bona3
550 1961 612 1996 sed
629 1962 765 2008 tempus
783 1963 820 1996 et
837 1962 980 1996 eventus
998 1961 1158 1995 occurret
1178 1958 1331 1994 omnibus
1355 1957 1424 1994 illis
1446 1957 1643 2005 inopinatus
1661 1969 1682 1993 a
1698 1957 1786 2001 Deo,

321 2017 451 2041 omnem
467 2007 730 2053 supergrediens
757 2006 959 2053 sapientiam
981 2010 1016 2041 et
1035 2006 1199 2041 virtutem
1224 2007 1422 2048 humanam,
1445 2017 1575 2040 omnem
1596 2005 1788 2050 deprimens

322 2053 503 2087 humanum
521 2058 684 2089 tumorem
697 2059 735 2089 et
752 2055 888 2088 fastum.
937 2053 1164 2094 Quamobrem
1187 2058 1222 2088 et
1247 2053 1368 2095 silere,
1393 2057 1429 2087 et
1456 2063 1572 2086 eorum
1601 2052 1660 2097 qui
1682 2051 1788 2086 vitam

321 2098 412 2133 hanc
429 2104 590 2135 exercent
605 2101 759 2135 ludorum
774 2100 915 2135 crebras
929 2098 1187 2134 vicissitudines
1204 2099 1344 2142 mirari,
1367 2102 1405 2134 et
1426 2098 1589 2133 neminem
1608 2103 1687 2132 ante
1713 2097 1788 2132 obi-

319 2150 391 2180 tum
410 2144 481 2179 dici
501 2147 635 2181 felicem
654 2151 814 2193 oportere
827 2146 988 2180 iudicavi.
1036 2147 1087 2181 Ac
1107 2146 1234 2180 Darius
1254 2145 1388 2192 quidem
1404 2145 1483 2187 ille,
1505 2144 1617 2191 plagis
1647 2147 1682 2179 et
1707 2145 1788 2179 vul-

319 2190 461 2226 neribus
483 2203 544 2238 per
570 2193 711 2227 insidias
734 2192 906 2237 acceptis,
930 2193 1085 2237 adeoque
1105 2197 1212 2227 morte
1231 2193 1400 2235 instante,
1424 2203 1500 2226 cum
1521 2202 1642 2237 aquam
1665 2190 1786 2225 sitiens

321 2237 502 2284 petiisset,
525 2242 561 2273 et
577 2239 610 2273 ei
627 2251 689 2284 per
708 2239 845 2274 deserta
862 2243 898 2273 et
913 2238 1007 2273 invia
1026 2239 1103 2273 loca
1124 2239 1274 2284 fugienti
1289 2250 1386 2273 nemo
1407 2239 1563 2277 adesset,
1588 2249 1654 2272 uno
1685 2249 1788 2271 exce-

320 2287 402 2330 pto,
425 2295 536 2329 eoque
560 2284 696 2320 infimae
717 2285 819 2320 sortis
847 2285 1001 2327 homine,
1025 2285 1085 2331 qui
1112 2290 1148 2321 et
1171 2287 1306 2331 paulum
1328 2296 1437 2330 aquae
1464 2284 1598 2326 attulit,
1631 2286 1667 2318 et
1692 2283 1788 2319 illum

321 2334 404 2365 ante
425 2334 565 2365 mortem
581 2332 789 2377 refrigerato
807 2336 905 2367 aestu
923 2332 1116 2374 recreavit,
1140 2332 1298 2378 gemitum
1316 2331 1359 2365 ab
1377 2331 1443 2365 imo
1464 2331 1591 2365 ducens
1605 2355 1615 2372 ‚
1639 2330 1789 2364 obortis-

321 2387 392 2422 que
410 2376 577 2420 lacrimis,
611 2379 702 2420 „hoc
721 2378 803 2412 mihi
826 2378 976 2423 (inquit)
1002 2383 1083 2424 post
1100 2379 1211 2413 omnia
1230 2377 1380 2412 ultimum
1399 2377 1528 2412 accidit
1546 2376 1788 2419 infortunium3

320 2423 415 2469 quod
442 2424 610 2459 beneficio
639 2424 785 2460 affectus
808 2425 953 2470 gratiam
979 2425 1111 2460 referre
1136 2437 1203 2459 non
1235 2423 1395 2470 possim.''
1448 2424 1528 2468 Ego
1557 2427 1688 2465 autem,
1712 2434 1788 2458 cum

321 2480 437 2504 omnes
452 2470 656 2513 familiares,
678 2470 798 2512 amici,
822 2471 1029 2513 necessarii,
1052 2471 1157 2506 vicini
1174 2471 1297 2513 absint,
1322 2470 1487 2516 solusque
1504 2470 1561 2504 hic
1578 2469 1714 2503 sedeam
1733 2469 1788 2503 in-

322 2515 458 2558 clusus,
480 2517 540 2552 ubi
557 2517 684 2551 nullum
703 2517 859 2551 solatium
877 2518 998 2560 datur,
1022 2517 1199 2552 maximum
1219 2518 1283 2552 hoc
1307 2516 1569 2551 infortuniorum
1585 2527 1731 2551 meorum
1750 2518 1787 2550 et

321 2561 475 2598 ultimum
497 2575 574 2598 esse
589 2562 690 2605 duco,
714 2575 780 2598 non
796 2564 900 2598 solum
923 2564 1014 2598 haud
1036 2576 1136 2610 posse
1157 2576 1209 2598 me
1226 2563 1372 2609 gratiam
1390 2563 1522 2598 referre
1539 2562 1585 2604 ei,
1605 2561 1666 2607 qui
1686 2561 1787 2606 frigi-

323 2607 390 2643 dae
417 2610 574 2654 poculum
600 2609 759 2651 dederit,
783 2610 846 2644 sed
869 2622 933 2644 nec
953 2622 1028 2645 eum
1052 2610 1188 2656 quidem
1217 2614 1356 2656 praesto
1382 2609 1463 2644 mihi
1486 2620 1581 2650 esse,
1606 2608 1666 2652 qui
1694 2608 1789 2643 eius-

321 2654 415 2690 modi
435 2655 590 2701 poculum
609 2656 788 2691 ministret.
843 2657 932 2690 Fero
953 2656 1072 2702 itaque
1097 2657 1288 2703 patienter,
1319 2657 1384 2690 hac
1413 2667 1453 2690 re
1471 2659 1670 2697 contentus,
1695 2653 1788 2699 quod

322 2700 516 2782 ἰὶοωίιιᾶιω,
537 2702 598 2749 qui
615 2703 750 2738 occulta
768 2703 967 2748 cognoscit,
1000 2704 1116 2739 eiusce
1129 2702 1276 2738 iniuriae
1297 2705 1421 2738 testem
1445 2702 1599 2737 habeam.
1653 2701 1726 2736 Sed
1746 2700 1790 2735 il·-

339 2758 382 2782 uc
394 2759 432 2782 re
458 2761 513 2784 eo.

418 2796 452 2831 6.
483 2795 565 2831 Non
593 2793 773 2830 desinebat
795 2796 1037 2830 sceleratorum
1063 2796 1196 2831 illorum
1216 2795 1346 2830 animus
1367 2794 1536 2830 barbarus
1554 2795 1591 2828 et
1605 2792 1789 2838 sanguina-

323 2838 398 2877 rius
412 2841 569 2879 saevire:
591 2841 654 2879 sed
675 2841 701 2878 ii
727 2842 908 2879 secundam
923 2843 968 2879 ab
996 2842 1202 2892 imperatore
1225 2853 1342 2879 auram
1359 2841 1590 2890 adspirant-,em
1609 2843 1647 2876 et
1664 2839 1787 2875 volun·
