1794 3172
389 123 715 178 'fflSTORIAE
741 132 1116 186 BYZANTINAE
1146 132 1264 177 le.
1293 139 1334 180 3.
1475 128 1584 174 701>

87 246 269 288 σιλεῦσιν
303 240 405 287 εἶναι
435 243 503 286 καὶ
530 241 731 300 ἄρχουσιν
764 241 880 303 αὐτῷ
911 241 1017 302 πρὸς
1046 239 1287 299 βουλήσεως
1316 236 1392 300 ἦν,
1429 245 1473 296 ἒς
1501 245 1573 290 τὸν
1593 259 1631 292 A.
1645 259 1683 292 C.
1707 256 1794 295 1344

87 317 257 370 σωτῆρα
282 313 447 368 βλέπειν
476 311 555 358 ἔδει
584 310 720 373 τούτῳ
747 312 966 371 Χριστὸν,
1013 314 1083 355 καὶ
1111 312 1188 369 τὴν
1217 311 1383 365 ἔνδοξον
1403 306 1713 385 ἀδοξίανῐωξὲἑοι·
1728 306 1794 387 ga·

86 383 240 426 ἐκείνου
257 386 502 437 μιμεῖσθαι,
542 375 590 426 οὗ
607 380 790 438 μάλιστα
809 384 877 425 καὶ
895 373 971 438 τὴν
991 379 1126 425 εῗκόνα
1146 382 1283 440 φέρειν
1302 383 1349 434 τὸ
1369 387 1443 440 τῆς
1463 385 1619 443 {epa-D
1677 363 1694 386 ο
1709 376 1718 384 ’

17 487 27 496 x
85 453 198 502 τείας
230 449 464 507 νενόμισται
492 456 646 508 σχῆμα.
684 453 719 495 εἴ
748 451 828 509 γὰρ
857 451 1127 509 Ἀλέξανδρος
1148 453 1304 503 ἐκεῖνος
1324 449 1347 496 ὅ
1365 454 1516 510 μέγας,
1552 453 1574 499 ὅ

56 521 195 564 5καθ’
224 519 324 577 ὅλης
353 525 504 579 μικροῦ
532 526 608 577 τῆς
632 521 775 572 Ἀσίας
795 519 947 572 ἐλάσας
957 553 970 572 ,
1010 520 1057 568 τὸ
1086 522 1312 577 Διογένους
1331 521 1577 578 αἰδούμενος

85 588 327 648 ἐμακάριζεν
356 590 512 641 εὐτελὲς
535 592 604 633 καὶ
626 590 866 648 ἀπέριττον,
901 593 1062 645 μᾶλλον
1081 589 1108 647 ἢ
1129 590 1202 634 τὸν
1221 595 1297 648 τῆς
1316 590 1467 636 ἑαυτοῦ
1491 599 1575 648 βα,-

83 661 238 710 σιλείας
260 659 381 717 ὄγκον
410 662 479 703 καὶ
503 664 707 703 πλοῦτον
743 665 884 720 πολλῷ
917 659 968 703 ἂν
988 658 1121 715 δήπου
1139 660 1243 719 ῥᾷον
1266 663 1429 705 τουτονὶ
1447 667 1574 717 βασι-

82 733 165 780 λεῖς
186 746 228 773 τε
259 731 328 772 καὶ
360 728 553 787 ἄρχοντες
583 727 850 788 ἐμακάριζον,
890 731 925 774 εἴ
955 723 1004 773 οὗ
1035 729 1109 785 τὴν
1129 728 1263 773 εἰκόνα
1285 731 1476 775 τέτακται
1495 733 1614 791 (γε’-Ε

83 816 189 857 ρειν,
226 797 378 842 τούτου
407 799 455 843 τὸ
491 798 652 858 ἄτυφον
680 802 748 842 καὶ
779 799 893 843 λιτὸν
921 803 997 855 τῆς
1033 800 1194 856 διαίτης
1223 799 1284 843 ἀεὶ
1309 801 1470 844 διετέλει
1502 820 1574 858 μι-

26 877 72 912 10
81 866 300 924 μούμενος.
339 868 446 911 ἀλλὰ
471 868 555 926 μὴν
583 868 687 927 πρὸς
706 870 915 920 ἐναντίους
938 866 1152 912 ὂπώσποτε
1174 870 1425 927 περιτρέψας
1447 870 1574 914 κανό-

79 955 157 988 νας
185 938 260 995 τὴν
287 937 522 995 εὐσχήμονα
564 940 631 981 καὶ
661 940 881 996 βελτίστην
910 936 1167 983 κατάστασιν
1208 943 1284 996 τῆς
1320 939 1572 995 αὐτονομίας

79 1009 234 1064 ἐκείνης
242 1041 256 1062 ,
295 1002 344 1052 οὗ
364 1009 441 1064 μὲν
459 1015 594 1063 τυχεῖν
613 1006 835 1064 ἐπεθύμει,
873 1012 1108 1066 περιφανῶς
1129 1009 1382 1052 ἐκπέπτωκεν
1398 1023 1408 1034 ·
1447 1004 1495 1053 οὗ
1518 1010 1567 1053 δ’

80 1076 158 1132 εἶχε
173 1111 186 1130 ,
222 1078 566 1136 περιφανέστερον
595 1076 701 1133 ὁμοῦ
733 1079 802 1121 καὶ
832 1078 961 1122 αὐτοῦ
991 1078 1347 1133 συνεκπέπτωκεν,
1387 1078 1479 1122 ἀντὶ
1497 1080 1572 1134 μὲν

80 1144 283 1190 δεσπότου
323 1149 391 1190 καὶ
424 1147 583 1205 πατρὸς
615 1145 764 1191 ἑαυτὸν
797 1152 1024 1206 προφανῶς
1060 1146 1325 1204 καταστήσας
1355 1146 1570 1206 ἀνδράπο-

25 1223 69 1258 15
83 1218 179 1260 δον·
217 1216 309 1260 ἀντὶ
332 1218 378 1260 δὲ
411 1218 684 1274 περιβλέπτου
718 1215 866 1274 δόξης,
905 1217 1074 1269 ἀδοξίας
1100 1221 1330 1276 κληροῦχον
1358 1222 1609 1276 λαμπρῦίςᾸιἸ

79 1285 190 1330 οὕτω
217 1286 383 1345 μακρὰν
411 1285 644 1345 ἔπισῦρεται
674 1292 886 1344 πανταχοῦ
909 1287 983 1344 τὴν
1009 1287 1167 1345 ἀωρίαν
1193 1287 1241 1331 τὸ
1272 1286 1377 1346 ι’ίγαν
1406 1291 1569 1346 φιλοτιὲ

76 1361 277 1412 μεῖσθαι,
315 1358 382 1400 καὶ
414 1357 519 1414 πρὸς
548 1355 761 1415 ὕπαιθρον
792 1355 1008 1415 παρεξάγει
1038 1358 1192 1412 μανιάν
1223 1355 1250 1414 ἦ
1281 1362 1357 1414 τῆς
1378 1358 1567 1409 ἔξουσίας

78 1424 301 1470 αὐθάδεια.
370 1426 462 1486 (Ζ.)
502 1425 667 1470 Τούτου
698 1427 774 1482 μὲν
805 1427 856 1484 δὴ
886 1422 960 1471 οὖν
993 1425 1103 1471 οὕτω
1128 1426 1265 1487 ῥᾷστα
1293 1427 1371 1484 τὴν
1398 1425 1566 1484 γνώμην

77 1494 534 1552 ἐξανδραποδισάμενος
575 1493 597 1541 ὅ
635 1494 890 1548 Ἀπόκαυκος
928 1498 993 1540 ἐπὶ
1034 1495 1108 1540 τὸν
1145 1500 1187 1540 Γ
1184 1500 1348 1552 αβαλᾶν
1371 1495 1567 1553 Ἰωάννην

19 1571 68 1607 20
79 1565 223 1609 λοιπὸν
252 1570 434 1624 προσῆγε
459 1565 537 1616 τὰς
565 1566 756 1621 μηχανὰς
778 1569 846 1610 καὶ
878 1566 954 1617 τὰς
972 1563 1174 1617 ἑλεπόλεις
1194 1570 1278 1609 τῶν
1298 1563 1433 1609 δόλων
1448 1579 1459 1590 ·
1495 1569 1694 1615 καὶΡ.439

78 1637 135 1693 εἷς
152 1642 323 1692 γυναῖκα
345 1635 419 1690 τὴν
441 1636 654 1693 θυγατέρα
676 1639 983 1693 κατεγγυᾶσθαι
1013 1636 1266 1692 μετεωρίσας
1283 1633 1421 1692 ὅρκοις
1438 1633 1567 1692 ἦνάγ-

77 1721 180 1748 κασε
212 1705 266 1747 τοὶ
299 1705 604 1759 βεβουλευμένα
634 1710 787 1762 κυροῦν
818 1707 885 1749 καὶ
915 1708 1171 1748 πιστοῦσθαι
1201 1708 1372 1757 τοῦτον,
1410 1705 1447 1747 εἴ
1476 1711 1566 1755 τοῖς
1613 1747 1616 1750 .

78 1774 210 1817 αὐτοῦ
231 1772 432 1825 καθάπαξ
448 1772 710 1830 βουλήμασιν
731 1775 904 1819 ἕπεσθαι
920 1772 1129 1830 βούλοιτο.
1166 1773 1218 1817 τὰ
1240 1774 1285 1817 δὲ
1302 1769 1375 1829 ἦν,
1416 1770 1564 1817 ὅπόσοι

76 1848 162 1887 τῶν
184 1843 354 1900 εὐγενῶν
384 1845 451 1886 καὶ
475 1844 754 1901 περιβλέπτων
781 1845 857 1901 τὴν
884 1842 1010 1896 δόξαν
1033 1842 1080 1887 τὸ
1102 1847 1179 1900 τῆς
1205 1841 1436 1900 συγκλήτου
1455 1846 1563 1898 πλη-

74 1954 129 1989 tui
150 1959 185 1990 et
202 1954 336 2000 suspici
361 1966 400 1989 se
420 1954 464 1990 ab
481 1953 748 2000 imperatoribus
769 1957 805 1989 et
823 1953 1037 2001 principibus
1055 1952 1215 1997 volebat,
1241 1953 1391 1989 debebat
1413 1953 1457 1989 ad
1477 1950 1562 1989 Ser-

74 2005 228 2036 vatorem
246 2002 421 2036 Christum
440 2002 627 2047 respicere,
651 2006 688 2036 et
708 2001 800 2035 illius
822 2001 1006 2047 gloriosam
1026 2001 1267 2036 obscuritatem
1288 2000 1434 2042 imitari3
1459 2012 1562 2046 prae-

73 2048 195 2082 sertim
216 2060 291 2082 cum
321 2049 395 2083 eius
423 2048 604 2093 imaginem
629 2048 793 2083 credatur
817 2046 971 2093 dignitas
991 2047 1169 2094 pontificia
1190 2047 1364 2082 exhibere.
1412 2048 1453 2081 Si
1470 2047 1561 2083 enim
1610 2061 1616 2074 Ι

73 2094 270 2130 Alexander
285 2095 343 2129 ille
362 2095 524 2141 Magnus,
548 2096 608 2140 qui
631 2106 694 2140 per
710 2100 816 2129 totam
837 2095 912 2129 fere
929 2095 1044 2129 Asiam
1061 2094 1239 2141 perrupit,
1262 2094 1497 2129 venerabatur
1517 2106 1560 2129 ac

73 2141 183 2186 magis
201 2142 407 2176 fortunatum
427 2142 651 2187 praedicabat
665 2147 769 2176 tenue
787 2141 868 2175 illud
886 2146 921 2176 et
938 2142 1030 2175 nulla
1046 2153 1085 2176 re
1100 2141 1318 2188 superfluens
1336 2140 1478 2175 vivendi
1495 2152 1561 2186 ge·-

73 2200 158 2229 nus,
183 2200 250 2234 quo
274 2189 438 2223 utebatur
459 2188 655 2234 Diogenes,
679 2200 780 2234 quam
806 2188 943 2234 imperii
968 2189 1023 2223 sui
1043 2189 1168 2222 fastum
1193 2193 1298 2233 atque
1327 2187 1558 2233 opulentiam:

73 2235 180 2270 multo
197 2235 323 2280 potiori
339 2236 416 2270 iure
433 2235 567 2270 felicem
584 2236 685 2270 istum
702 2236 928 2280 imperatores
946 2241 982 2269 et
1001 2234 1174 2281 principes
1191 2233 1500 2280 praedicavissent‚
1527 2233 1560 2268 si

73 2282 170 2316 cuius
187 2281 300 2328 imago
321 2286 398 2317 erat
419 2282 648 2324 constitutus,
675 2281 767 2316 illius
789 2281 825 2315 in
846 2282 942 2316 vitae
961 2282 1180 2316 institutione
1203 2280 1405 2315 modestiam
1429 2285 1465 2315 et
1482 2280 1559 2314 fru-

73 2330 251 2373 galitatem
279 2333 480 2363 constanter
506 2335 542 2362 et
570 2333 738 2375 perpetuo
767 2333 861 2363 esset
885 2328 1051 2363 imitatus.
1102 2329 1229 2362 Verum
1259 2327 1454 2368 enimvero,
1481 2338 1558 2369 cum

71 2376 165 2410 illam
191 2375 369 2409 honestam
398 2380 435 2410 et
460 2376 586 2420 optime
611 2376 829 2410 constitutam
857 2376 1096 2410 auctoritatem
1121 2375 1165 2409 ad
1195 2374 1388 2409 contrarias
1416 2370 1559 2417 regulas

73 2422 189 2457 nescio
212 2422 380 2467 quomodo
400 2421 624 2464 detorsisset,
649 2434 689 2456 eo
707 2428 828 2467 aperte
844 2422 987 2464 excidit,
1009 2422 1098 2468 quod
1120 2420 1258 2467 assequi
1278 2420 1559 2466 concupiscebat.

73 2469 177 2503 Immo
200 2468 304 2503 etiam
323 2481 363 2503 eo
383 2469 473 2514 quod
501 2469 653 2504 habebat
677 2469 810 2504 excidit
833 2469 1012 2514 apertius:
1036 2468 1094 2514 qui
1117 2479 1193 2502 cum
1219 2467 1374 2502 dominus
1399 2471 1435 2500 et
1455 2470 1560 2511 patet

73 2516 184 2557 foret,
208 2515 412 2561 mancipium
432 2515 508 2560 ipse
528 2529 566 2551 se
583 2516 694 2560 palam
713 2515 817 2557 fecit,
840 2520 876 2550 et
894 2527 956 2561 pro
982 2515 1166 2561 conspicua
1186 2514 1298 2559 gloria
1316 2512 1485 2557 insignem
1504 2512 1558 2545 lu-

72 2565 192 2596 cratus
215 2568 270 2596 est
288 2561 520 2607 ignominiam.
576 2563 729 2597 Tantum
751 2562 879 2607 ubique
905 2566 985 2608 post
1009 2574 1047 2597 se
1071 2560 1288 2596 infelicitatis
1315 2559 1424 2594 trahit
1452 2558 1558 2592 nimia

71 2607 206 2653 gloriae
223 2608 415 2654 cupiditas:
440 2609 489 2643 ita
507 2610 544 2643 in
568 2613 726 2654 apertum
749 2608 898 2643 furorem
916 2608 1067 2643 insolens
1088 2606 1243 2654 potentia
1261 2606 1391 2641 evadit.
1438 2604 1559 2650 (VII.)

71 2655 163 2689 Eius
179 2654 291 2701 igitur
313 2656 493 2690 voluntate
511 2656 674 2690 facillime
698 2655 765 2691 sibi
786 2655 999 2701 mancipata,
1022 2657 1224 2701 Apocaucus
1243 2653 1287 2688 ad
1306 2653 1464 2687 Ioannem
1481 2651 1560 2705 Ga:

70 2701 185 2736 balam
213 2700 339 2737 deinde
365 2701 464 2736 dolos
490 2714 625 2745 omnes,
650 2713 766 2736 omnes
791 2702 951 2737 fraudum
979 2701 1152 2743 machinas
1174 2699 1366 2742 convertit3
1396 2704 1501 2744 atque
1526 2707 1562 2731 el

70 2746 176 2782 filiam
205 2759 300 2783 suam
327 2748 573 2794 desponsurum
605 2761 644 2783 se
671 2748 854 2794 promittit.
901 2750 992 2784 Tum
1022 2760 1065 2784 ea
1081 2747 1339 2794 exspectatione
1357 2754 1561 2791 suspensum

70 2793 294 2829 iureiurando
310 2794 405 2841 cogit
424 2796 620 2830 deliberata
636 2795 838 2831 confirmare
855 2799 891 2831 et
912 2795 1062 2836 sancire,
1082 2794 1113 2828 si
1131 2793 1301 2829 voluntati
1320 2803 1404 2826 suae
1420 2789 1558 2826 omnino

71 2840 217 2888 obsequi
239 2841 338 2877 velit.
383 2842 426 2878 Id
445 2846 558 2879 autem
575 2846 673 2888 erat,
697 2851 737 2883 ut
754 2854 836 2886 eos,
861 2842 923 2890 qui
941 2841 1122 2878 nobilitate
1145 2846 1182 2876 et
1199 2841 1359 2876 fortunae
1373 2838 1559 2886 splendore
