1794 3172
377 146 695 194 HISTORIAE
722 147 1096 194 BYZANTINAE
1124 145 1244 197 XVI.
1273 150 1315 196 5.
1480 143 1580 192 833

96 277 170 317 νης
182 256 350 318 πύργος·
385 255 636 303 συνάπτεται
654 259 700 302 δὲ
720 258 772 302 τὰ
793 260 996 303 διεστῶτα
1016 262 1092 315 τῆς
1113 258 1330 315 ἐκκλησίας
1346 258 1453 319 μέρη
1474 260 1637 351 πρόςιΔ.
1650 274 1689 352 (Ι).
1706 271 1794 353 10348

1537 330 1549 346 x
1592 331 1655 363 mp.
1678 332 1709 354 ο.
1738 331 1794 354 an-

96 328 293 386 ὅμόνοιαν
323 330 392 372 καὶ
422 325 599 383 εῗρήνην.
645 330 681 371 εἴ
706 328 750 371 δ’
799 328 1054 379 αὖθεντικῶς
1091 326 1267 372 οὖτωσὶν
1298 329 1382 373 ἐκεῖ
1403 330 1481 385 μὲν
1500 347 1577 387 την
1614 367 1757 402 tacuz.2

95 401 210 455 νίκην
231 406 318 449 τοῖς
337 397 552 455 προτέροις
575 398 723 450 δίδως,
749 397 955 441 ἐνταυθοῖ
965 397 1011 440 δὲ
1030 404 1118 448 τοῖς
1136 396 1325 456 ὑστέροις
1333 432 1348 452 ,
1382 402 1619 458 τυραννὶςΕ

94 468 144 512 τὸ
167 473 340 526 πρᾶγμα
363 468 430 510 καὶ
460 464 637 517 κανόνας
658 464 817 517 πάντας
834 464 1082 523 ὖπερβαΐνον
1101 468 1246 519 θείους
1266 469 1334 511 καὶ
1358 467 1577 526 ἀνθρωπί-
1587 457 1711 496 V·424

38 543 46 586 ξ
66 542 208 588 5νους.
246 539 315 581 καὶ
336 538 372 580 εἴ
402 533 583 593 φοβερόν
607 552 672 579 σοι
701 535 748 579 τὸ
771 536 956 591 ἐμπεσεῖν
975 538 1032 587 εἷς
1049 543 1193 594 χεῖρας
1209 541 1314 581 θεοῦ
1338 539 1488 591 ζῶντος
1504 557 1578 584 νο-

93 609 275 663 μίζεται,
319 604 410 662 ὥρα
440 621 507 648 σοι
535 605 681 648 λοιπὸν
712 606 993 662 ἐκλογίζεσθαι
1028 606 1126 656 τοὺς
1163 607 1356 651 ἐντεῦθεν
1396 606 1572 668 φόβους,

93 675 229 720 ὅποΐοι
259 676 327 718 καὶ
357 673 473 728 ὅσοι,
509 673 662 725 παῖδάς
690 691 734 718 τε
754 673 888 730 ἔχοντι
918 676 985 718 καὶ
1003 677 1197 732 πλείστην
1217 677 1474 734 συγγένειαν,
1503 681 1613 723 ualF

91 743 174 803 πρό
203 762 248 802 γε
275 742 440 788 πάντων
465 743 606 800 ψυχὴν
633 745 702 787 καὶ
728 749 874 800 σῶμα·
912 738 970 788 ὧν
998 749 1051 803 τῇ
1075 746 1151 800 μέν
1173 745 1226 788 τὰ
1250 747 1334 790 ἐκεῖ
1346 748 1573 793 δεδίττεται

90 812 370 872 κολαστήρια,
408 817 468 873 τῷ
502 814 548 856 δὲ
578 814 743 871 μυριόις
773 811 1021 858 ὑποκεῖσθαι
1038 816 1107 857 καὶ
1135 816 1332 867 ποικίλοις
1352 818 1572 872 συμπίπτει

35 883 344 941 1ονοσήμασι.”
380 882 493 943 (ΙΕ.)
532 887 630 927 Τῶν
652 884 698 926 δὲ
730 883 1095 942 παρακαθημένων
1124 882 1312 929 κολάκων
1341 883 1433 937 ἑνός
1459 904 1572 939 τινος

87 954 165 1010 τὴν
188 953 291 1010 ἐμὴν
315 957 374 1013 τῷ
408 953 558 1010 ἀγκῶνι
582 953 764 1012 πλευρὰν
804 951 1142 1009 συμπιλήσαντός
1174 971 1218 997 τε
1253 956 1323 998 καὶ
1356 954 1570 1000 ἀντειπόν-

87 1041 184 1076 τος,
223 1021 279 1074 ὥς
302 1022 356 1066 τὰ
376 1021 526 1079 ἣδιστα
554 1022 681 1079 λέγειν
697 1022 832 1080 χρεών
851 1027 1089 1079 βασιλεῦσι,
1118 1028 1266 1083 μακρῷ
1298 1027 1483 1081 κινηθεὶς
1500 1028 1569 1070 καὶ

86 1091 311 1151 ὗπερζέσας
337 1097 398 1152 τῷ
431 1089 539 1151 ζήλῳ
571 1094 788 1136 κολακείαν
813 1110 857 1136 τε
883 1090 1099 1136 ἐνεκάλουν
1133 1094 1268 1153 ἐκείνῳ
1297 1096 1365 1137 καὶ
1395 1112 1569 1154 σμικρο-

85 1163 229 1219 λογίαν
256 1166 416 1218 ψυχῆς,
446 1163 515 1206 καὶ
536 1160 624 1206 ,ὅσα
649 1160 812 1213 τούτοις
835 1162 969 1206 ἵποιτ’
1002 1161 1066 1206 ἄν.
1105 1168 1222 1220 σιγῆς
1242 1164 1382 1207 τοίνυν
1401 1166 1696 1222 γενομέ-Ρῶἓὸ

28 1237 76 1273 15
87 1249 163 1288 νης
198 1232 242 1275 ἐν
275 1230 462 1286 τούτοις,
487 1233 571 1275 ’καὶ
601 1233 733 1288 μηδὲν
762 1231 866 1288 ἔχων
900 1229 1162 1287 ὅΠαλαμᾶς
1198 1232 1562 1292 ἀντιφθέγγεσθαι,

85 1302 320 1358 μαρτυρίας
339 1301 456 1357 ἠξίου
479 1305 804 1358 συγχωρηθῆναι
823 1299 1020 1359 παράγειν
1036 1302 1242 1360 γραφικὰς
1272 1305 1330 1354 εἷς
1359 1304 1565 1362 ἐκδίκησιν

84 1375 170 1415 τῶν
204 1370 334 1414 αὐτοῦ
362 1375 660 1429 καινοφωνιῶν.
698 1372 800 1426 ἐμοῦ
835 1371 879 1415 δ’
905 1371 1241 1430 ἀποτρεπομένου
1279 1374 1349 1415 καὶ
1381 1373 1458 1430 τὴν
1490 1379 1566 1432 τῆς

82 1437 280 1496 τοιαύτης
307 1437 532 1497 ὅμοιότητα
562 1440 668 1498 πρὸς
680 1439 840 1498 ’Ἀρειον
869 1443 939 1484 καὶ
968 1442 1198 1496 Σαβέλλιον
1229 1443 1299 1485 καὶ
1317 1441 1562 1501 Νεστόριον,

82 1512 151 1553 ’καὶ
179 1508 270 1553 ὅσοι
300 1509 378 1561 τὰς
404 1511 553 1561 οῗκείας
587 1510 760 1567 αἱρέσεις
784 1512 829 1554 ἐκ
851 1515 935 1554 τῶν
956 1512 1084 1554 θείων
1101 1515 1274 1569 γραφῶν
1295 1511 1563 1570 κακοτρόπως

24 1588 71 1623 20
84 1584 280 1640 συνιστᾷν
302 1580 548 1637 ἐπεχείρουν,
585 1577 823 1636 ἀνάγοντος,
850 1577 871 1623 ὃ
893 1578 1090 1636 σύλλογος
1108 1577 1226 1636 ἦμῶν
1245 1578 1437 1625 διελύετο.
1475 1582 1561 1625 ἐπεὶ

83 1651 109 1691 δ
116 1648 128 1664 '
154 1650 310 1692 ἐκεῖθεν
329 1649 491 1705 μακρὸν
513 1647 812 1702 ἐπιπολάζοντα
831 1649 994 1704 βλέπειν
1012 1647 1123 1706 ἐπῄει
1143 1667 1215 1704 μοι
1243 1648 1321 1704 τὸν
1334 1654 1408 1706 τῆς
1433 1656 1599 1695 zano-B

81 1719 222 1769 δοξίας
239 1715 453 1775 θόρυβον,
488 1716 601 1776 ὥραν
619 1719 646 1760 δ
654 1717 666 1734 ³
695 1716 831 1762 ἀνύειν
848 1717 952 1762 'tou
965 1717 984 1739 '⁸
1001 1718 1061 1775 μὴ
1085 1718 1163 1775 τὴν
1183 1717 1419 1776 ἐζαπρακτόν
1440 1737 1559 1778 σφισι

170 1830 228 1865 18.
253 1826 456 1874 τοιαύτης]
495 1827 754 1875 ἐπιχειρήσεως
788 1829 845 1864 vel
864 1826 1050 1873 ἀξιώσεως
1073 1828 1151 1863 add.
1178 1829 1280 1864 Boiv.
1349 1831 1407 1866 22.
1431 1830 1472 1864 In
1486 1842 1556 1876 mg.

172 1887 295 1922 apogr.
305 1876 386 1910 Par.
407 1876 556 1922 legitur:
580 1874 737 1923 ἐξεκόπη
757 1873 797 1912 ἐν
812 1877 865 1924 τῷ
883 1877 1031 1924 παλαιῷ
1054 1873 1241 1922 διάστημα
1261 1877 1394 1923 στίχων
1418 1878 1435 1913 ι’
1449 1873 1472 1923 ἢ
1493 1876 1556 1925 ιβ’.

77 1967 142 2002 luti
161 1967 332 2003 Chalanes
350 1969 472 2012 turris,
498 1973 719 2012 evertuntur3
744 1969 912 2004 ecclesiae
928 1981 1011 2004 vero
1030 1974 1147 2015 partes
1165 1969 1356 2004 disiunctae
1371 1970 1555 2005 concordia

77 2020 115 2049 et
136 2027 222 2060 pace
239 2015 426 2050 sociantur.
461 2016 525 2050 Sin
542 2018 627 2052 adeo
647 2016 849 2062 imperiosus
866 2016 1045 2051 victoriam
1060 2016 1199 2058 tribuis,
1217 2015 1288 2050 illic
1305 2016 1441 2063 quidem
1458 2017 1554 2062 prio-

75 2061 176 2096 ribus
195 2061 369 2104 decretis,
392 2063 452 2097 hic
475 2068 588 2098 autem
607 2063 877 2109 posterioribus,
901 2063 1116 2109 tyrannicum
1139 2063 1296 2109 profecto
1324 2063 1408 2098 illud
1439 2068 1493 2098 est
1517 2069 1555 2099 et

75 2108 213 2153 legibus
234 2108 388 2143 omnibus
413 2114 483 2143 tam
503 2110 629 2145 divinis
648 2121 747 2156 quam
766 2110 921 2144 humanis
942 2110 1160 2144 contrarium.
1209 2109 1250 2143 Si
1267 2108 1378 2155 igitur
1401 2110 1558 2145 terribile

78 2167 156 2189 esse
176 2154 352 2189 existimas
373 2155 408 2189 in
428 2167 546 2190 manus
572 2157 639 2191 Dei
665 2156 815 2191 viventis
839 2156 1016 2198 incidere,
1041 2156 1108 2191 iam
1129 2160 1269 2202 oportet
1285 2161 1444 2203 reputes,
1466 2168 1556 2203 quae

77 2206 114 2235 et
133 2201 249 2246 qualia
264 2201 346 2236 inde
367 2202 521 2248 pericula
547 2202 787 2249 impendeant,
811 2202 939 2238 liberos
956 2203 1098 2238 habenti
1126 2214 1404 2249 numerosamque
1422 2215 1553 2249 cogna-

75 2247 226 2290 tionem,
254 2253 292 2283 et
316 2249 408 2295 quod
431 2249 650 2295 praecipuum
673 2254 746 2292 est,
770 2249 914 2284 animam
936 2254 972 2284 et
990 2262 1140 2296 corpus;
1166 2262 1210 2285 ex
1229 2250 1352 2295 quibus
1373 2251 1458 2286 haec
1478 2261 1549 2284 me-

75 2293 143 2328 tuit
163 2306 227 2340 sup
254 2294 338 2333 licia
357 2296 586 2341 sempiterna,
621 2296 708 2331 illud
735 2296 880 2331 infinitis
898 2296 1073 2343 variisque
1097 2295 1434 2343 morbislobnoxium
1460 2295 1548 2330 est-'²

74 2341 196 2385 (XV.)
221 2307 307 2375 gum
333 2347 446 2376 autem
468 2343 695 2377 assidentium
720 2342 934 2379 adulatorum
961 2353 1049 2378 unus
1070 2343 1187 2378 cubito
1206 2355 1318 2378 meum
1336 2344 1427 2378 latus
1447 2354 1547 2388 pres-

74 2386 201 2429 sisset,
226 2393 263 2422 et
278 2388 450 2433 placentia
474 2389 689 2434 principibus
714 2389 784 2423 dici
811 2397 972 2435 oportere
1000 2391 1207 2432 monuisset,
1231 2401 1355 2435 magno
1380 2395 1452 2424 tum
1469 2389 1546 2423 zelo

74 2434 227 2478 percitus
246 2439 283 2469 et
300 2434 537 2470 effervescens
554 2436 784 2471 adulationem
799 2435 851 2471 illi
868 2441 903 2471 et
909 2436 1070 2483 pusillum
1089 2437 1234 2471 animum
1252 2436 1377 2478 obieci,
1392 2441 1428 2470 et
1441 2446 1546 2480 quae·

75 2491 208 2525 cunque
225 2480 279 2515 his
298 2482 542 2527 consequentia
559 2489 651 2518 sunt.
697 2482 844 2518 Silentio
861 2483 913 2518 ibi
931 2484 1044 2526 facto,
1067 2483 1237 2525 Palamae,
1260 2483 1319 2528 qui
1339 2481 1426 2516 nihil
1441 2484 1543 2527 pote-

73 2531 132 2560 rat
153 2537 341 2572 reponere,
366 2529 544 2573 postulare
565 2529 701 2575 coepit,
726 2534 768 2563 ut
786 2530 1043 2575 permitteretur
1067 2530 1158 2573 sibi,
1183 2530 1228 2564 ad
1254 2539 1388 2563 suarum
1407 2527 1544 2574 opinio-

74 2583 152 2606 num
170 2573 461 2609 confirmationem
489 2586 532 2610 ex
560 2574 752 2621 Scripturis
777 2576 972 2611 testimonia
993 2576 1194 2623 producere.
1240 2574 1456 2621 Repudiante
1478 2586 1543 2615 me,

72 2624 179 2664 atque
204 2620 359 2666 exempla
389 2621 556 2656 afferente
581 2623 677 2664 Arii,
701 2622 866 2665 sabellii,
889 2623 1069 2666 Nestorii,
1093 2634 1278 2668 eorumque
1296 2621 1461 2663 omnium,
1483 2620 1542 2666 qui

72 2676 155 2699 suas
176 2665 353 2710 opiniones
370 2678 415 2701 ex
433 2668 542 2702 sacris
553 2668 744 2715 Scripturis
764 2680 943 2715 perperam
965 2670 1167 2704 confirmare
1188 2668 1437 2709 instituissent,
1462 2678 1542 2701 coe-

72 2715 129 2745 tus
155 2711 314 2747 dimissus
339 2717 403 2747 est.
451 2714 637 2750 Caeterum
655 2727 742 2760 ego,
767 2715 850 2760 quia
868 2727 1017 2751 errorem
1037 2716 1190 2761 grassari
1210 2718 1246 2749 et
1264 2714 1439 2749 tumultum
1458 2713 1540 2748 inde

72 2769 228 2804 magnum
249 2758 402 2796 existere
417 2759 586 2805 videbam,
609 2766 744 2809 tempus
759 2766 872 2798 autem
887 2762 1092 2810 perficiendi
1109 2763 1182 2786 *⁴²*
1199 2772 1298 2809 opem
1314 2760 1401 2808 ipsis
1419 2759 1539 2796 effica-
