1794 3172
281 140 417 192 1044
683 147 1000 196 NICEPHORI
1028 147 1359 197 GREGORAE

61 272 99 304 Δ.
117 268 164 303 Μ.
182 266 275 304 6859
283 265 339 306 λα
359 258 531 322 ἀπᾴδων
549 264 626 317 τῆς
647 256 824 317 γνώμης.
864 257 928 303 διὸ
948 259 1017 306 καὶ
1035 262 1178 317 θυμοῦ
1198 259 1247 304 τὸ
1266 254 1378 317 ἦθος
1397 261 1467 305 καὶ
1493 261 1569 319 τὴν
1593 262 1770 320 καρδίαν»

111 318 182 352 ¹¹¹⁶·
198 314 224 353 4
284 329 570 388 ὖποπλησθεὶς
602 327 773 388 προσῄει
799 331 860 389 τῷ
889 332 1058 385 βασιλεῖ
1058 362 1073 383 ,
1110 326 1248 374 πάντα
1266 334 1428 386 μᾶλλον
1445 329 1768 387 ὑπισχνούμενος

287 399 460 457 πάσχειν
481 399 509 456 ἢ
528 401 679 443 τουτοῖ*
691 404 936 457 συγχωρεῖν,
972 400 1040 442 καὶ
1066 396 1266 443 τεθνάναι
1293 404 1454 456 μᾶλλον
1484 400 1696 460 αἱρεῖσθαι
1737 400 1766 457 ἢ

248 468 331 515 ΒΓ
327 472 484 531 ρηγορᾷ
506 466 666 513 διδόναι
687 468 740 513 τὰ
759 466 1010 527 γράμματα·
1045 469 1153 525 μηδὲ
1178 468 1256 527 γὰρ
1279 468 1497 522 ἀνέξεσθαι
1533 469 1673 532 (φησὶ)
1707 470 1767 527 μὴ

289 540 337 584 οὗ
370 540 446 596 τὴν
475 539 673 595 ταχίστην
705 540 761 589 εἷς
788 534 1018 596 ἐγγράφους
1044 555 1089 581 τε
1116 540 1185 581 καὶ
1215 536 1429 597 ἀγράφους
1453 543 1535 584 τῶν
1566 537 1794 588 τοιούτων5

286 609 390 653 ἴέναι
412 606 651 666 ἀνατροπάς
665 622 676 632 ·
712 609 780 651 καὶ
802 609 970 666 φροῦδα
991 607 1044 651 τὰ
1063 611 1148 651 τῶν
1173 605 1309 652 πόνων
1330 607 1428 665 ἡμῖν
1455 608 1571 653 ἔσται
1599 607 1766 653 λοιπόν·

287 681 357 723 καὶ
384 678 540 722 καπνὸν
571 676 789 736 φεύγοντες
823 679 882 727 εἷς
908 681 993 734 πῦρ
1023 675 1344 733 ε’μπεσούμεθα,
1380 682 1504 723 τοῦτο
1537 679 1589 736 δὴ
1621 678 1668 723 τὸ
1693 682 1770 735 τῆς

287 749 535 805 παροιμίας·
558 748 627 790 καὶ
646 745 784 804 βραχύ
804 764 844 790 τι
865 744 1059 798 δόξαντες
1076 746 1432 803 ἀναπεπνευκέναι,
1457 752 1607 793 τοῦτον
1629 746 1769 792 &neba-

289 836 389 863 ποτε
433 815 840 872 ἄποσκευασάμενοι,
895 818 1058 872 μείζους
1098 816 1204 861 καθ’
1249 814 1410 862 ἑαυτῶν
1445 815 1606 870 ἑκόντες
1643 814 1770 869 αὖθις

288 887 405 944 ἡμεῖς
433 888 648 945 ἓγεροῦμεν
672 884 898 936 θαλάσσας
926 887 995 929 καὶ
1025 883 1239 937 κλύδωνας
1270 886 1415 945 ἴριδος.
1488 887 1581 948 (Β.)
1620 892 1794 935 Ταῦτα1

252 957 346 1014 Οδὴ
364 958 434 1000 καὶ
453 957 506 1000 τὰ
524 960 698 1000 τοιαῦτα
726 960 840 1012 βοῶν
872 956 941 998 καὶ
969 953 1280 1014 ἀποδυρόμενος
1312 956 1473 1001 ἔπειθεν
1498 956 1688 1009 ἅπαντας
1716 955 1771 1000 τά

287 1044 333 1071 τε
369 1026 475 1081 ἄλλα
509 1027 579 1069 καὶ
618 1023 707 1082 ἅμα
741 1031 827 1076 τοῖς
858 1025 934 1080 μὲν
964 1024 1105 1076 ἄλλοις
1139 1023 1355 1083 σποράδην
1394 1028 1462 1070 καὶ
1506 1026 1566 1071 δι’
1605 1024 1770 1084 ἀδήλων

288 1094 430 1154 πόρων
448 1098 554 1152 δῆλα
573 1099 786 1138 ποιεῖσθαι
814 1094 868 1138 τὰ
887 1093 958 1137 νέα
975 1096 1096 1138 ταυτὶ
1115 1093 1385 1150 θεσπίσματά
1409 1114 1452 1140 τε
1480 1098 1548 1140 καὶ
1566 1094 1769 1153 δόγματα,

290 1165 382 1210 ὅσοι
406 1169 490 1208 τῶν
521 1162 637 1222 ἐγγύς
659 1182 702 1208 τε
732 1165 799 1207 καὶ
827 1161 970 1222 πόρῥω
997 1181 1078 1207 που
1098 1168 1173 1221 γῆς
1194 1166 1262 1207 καὶ
1293 1163 1518 1222 θαλάσσης
1548 1164 1771 1210 οἰκούντων

290 1236 415 1280 εἲσίν·
453 1232 622 1285 ὁποίους
649 1235 718 1278 καὶ
750 1233 821 1277 διὰ
856 1232 933 1289 τὴν
964 1231 1153 1278 σύνοικον
1181 1233 1349 1290 ἀλογίαν
1381 1232 1591 1291 ἁλώσιμον
1621 1237 1665 1279 ἐκ
1692 1240 1794 1280 τοῦ]

292 1303 450 1365 ῥᾴστου
484 1301 664 1361 θήραμα
692 1310 785 1354 ταῖς
813 1307 889 1360 τῆς
919 1304 1147 1360 θρησκείας
1180 1304 1344 1359 παγίσιν
1371 1303 1542 1360 ἤλπισεν
1574 1305 1768 1349 ἔσεσθαι·

253 1377 388 1430 Βὲμοὶ
411 1374 452 1418 δ’
482 1371 756 1431 ἀπηγόρευται
781 1371 896 1432 μόνῳ
921 1370 1183 1417 παντάπασιν
1204 1371 1305 1416 εἶναι
1322 1373 1382 1430 μὴ
1405 1372 1467 1417 ὅτι
1484 1391 1527 1431 γε
1548 1374 1771 1430 ἄψαυστον

292 1444 460 1499 ὄψεσιν,
500 1443 595 1486 ἀλλ’
626 1443 720 1487 οὐδ’
748 1442 842 1499 ἄχρι
868 1445 997 1498 ψιλῆς
1025 1442 1162 1486 ἒλθεΐν
1195 1442 1322 1499 ἀκοῆς
1340 1442 1434 1486 οὐδ’
1458 1442 1648 1488 ὁπωσοῦν
1671 1443 1767 1488 οὐδ’

270 1513 404 1570 ,ἴχνος
423 1513 588 1569 οὐδαμῆ
612 1512 710 1557 ποτ’
735 1513 854 1556 οὐδὲν
883 1516 966 1555 τῶν
984 1509 1178 1556 ἁπάντων
1197 1513 1366 1557 ἐκεῖθεν.
1439 1512 1530 1572 (Γ.)
1557 1508 1635 1558 ’Ὧν
1656 1515 1770 1557 ἕνεκα

292 1585 361 1627 καὶ
384 1585 460 1634 τὰς
478 1583 580 1636 ἐμὰς
605 1584 645 1633 ἒς
663 1582 786 1626 πλέον
806 1579 1197 1640 προσεπαττάλευον
1212 1581 1271 1625 ἔτι
1291 1580 1431 1641 θύρας
1442 1616 1455 1636 ,
1491 1582 1551 1639 μὴ
1573 1582 1688 1642 λάθῃ
1709 1595 1794 1634 ‘agi

293 1649 404 1711 αὖρα
431 1652 492 1695 δι’
527 1653 700 1710 αἰθέρος
725 1652 836 1703 τινὸς
861 1649 959 1707 ἡμῖν
986 1653 1257 1708 εἶσκομίσασα
1287 1650 1431 1710 φήμην
1461 1653 1616 1697 ἐκεῖθέν
1646 1671 1740 1697 τινα
1756 1667 1766 1677 ·

292 1725 363 1766 καὶ
381 1720 572 1781 φύλακας
598 1722 751 1766 ἔθεσαν
773 1721 1011 1780 ἔμπροσθέν
1031 1738 1075 1765 τε
1096 1723 1162 1764 καὶ
1185 1720 1359 1765 ’όπισθεν
1369 1755 1384 1776 ,
1421 1721 1499 1765 κάκ
1528 1725 1669 1774 δεξιῶν
1693 1722 1770 1774 κάξ

254 1791 517 1848 Εεύωνύμων
528 1826 542 1847 ,
574 1792 672 1844 τοὺς
691 1791 815 1846 ἐμοὺς
833 1790 1021 1841 ἅπαντας
1037 1792 1220 1848 γείτονας
1233 1805 1243 1815 ·
1282 1791 1320 1835 οἱ
1341 1792 1565 1846 μοναδικὸν
1585 1794 1770 1850 ἐπαγγει-

293 1860 461 1918 λάμενοι
477 1863 571 1918 βίον
592 1862 753 1917 ἀσκεῖν,
780 1863 847 1906 καὶ
867 1861 1029 1923 ἀγαπᾷν
1049 1861 1121 1905 τὸν
1138 1862 1310 1918 πλησίον
1328 1859 1384 1912 ὡς
1409 1859 1560 1905 ἑαυτὸν
1581 1861 1766 1916 ἕκαστος,

295 1985 438 2020 prorsus
450 1985 527 2010 esse
539 1974 648 2010 visum
662 1976 725 2009 est.
755 1974 980 2019 Quapropter
998 1974 1092 2007 totus
1108 1972 1320 2009 iracundiam
1338 1975 1375 2008 et
1392 1972 1462 2008 oris
1479 1973 1598 2009 habitu
1614 1977 1650 2009 et
1665 1971 1770 2008 corde

295 2021 433 2066 spirans
457 2021 500 2055 ad
524 2022 762 2067 imperatorem
782 2020 935 2061 accedit3
969 2031 1029 2062 se,
1055 2020 1269 2065 potiusquam
1289 2020 1326 2054 id
1346 2020 1534 2063 concedat,
1559 2020 1670 2055 omnia
1690 2031 1770 2065 per-

295 2078 473 2113 pessurum
492 2069 692 2113 profitetur;
717 2071 753 2102 et
771 2066 855 2101 mori
877 2066 1012 2112 quidem
1032 2066 1129 2101 malle
1152 2067 1323 2109 affirmat,
1346 2078 1448 2113 quam
1465 2067 1594 2114 scripta
1611 2067 1668 2101 illa
1686 2067 1770 2101 dare

297 2114 492 2159 Gregorae.
539 2115 646 2156 „Nec
672 2113 760 2149 enim
788 2113 938 2158 (inquit)
963 2112 1168 2159 temperabit
1192 2114 1259 2148 sibi
1288 2114 1367 2155 ille,
1391 2113 1569 2159 quominus
1587 2114 1702 2148 statim
1725 2113 1770 2147 ad

296 2171 341 2195 ea
356 2160 644 2203 refutationibus,
666 2165 736 2195 tam
756 2160 897 2204 scriptis
920 2171 1020 2204 quam
1045 2171 1112 2194 non
1134 2159 1293 2206 scriptis,
1318 2160 1508 2195 evertenda
1532 2160 1770 2206 aggrediatur.

298 2206 390 2241 Tum
410 2218 493 2240 vero
513 2206 647 2241 labores
667 2207 776 2242 nostri
795 2207 839 2240 ad
858 2206 1000 2240 nihilum
1018 2207 1173 2241 recasuri
1189 2211 1289 2249 sunt,
1313 2211 1349 2241 et
1365 2207 1475 2250 (utin
1493 2207 1677 2253 proverbio
1698 2206 1770 2250 est)

298 2253 424 2287 fumum
443 2253 616 2297 fugientes
636 2254 671 2288 in
690 2253 803 2298 ignem
820 2253 1053 2295 incurremus;
1077 2264 1119 2287 ac
1138 2253 1311 2298 paulisper
1328 2252 1407 2295 visi,
1433 2265 1473 2287 eo
1492 2257 1669 2298 utcunque
1688 2253 1772 2286 sub-

299 2303 413 2341 moto,
435 2299 650 2344 respirasse,
674 2300 819 2335 maiores
842 2300 951 2333 denuo
970 2299 1223 2335 contentionum
1241 2300 1393 2341 fluctus,
1415 2299 1560 2334 maiores
1587 2299 1771 2345 procellas,

300 2345 370 2391 ipsi
390 2346 426 2380 in
448 2357 510 2380 nos
527 2346 684 2380 volentes
699 2345 957 2381 excitabimus.'’
1004 2346 1088 2391 (ΙΙ.)
1113 2346 1212 2381 Haec
1230 2350 1267 2380 et
1284 2345 1370 2380 talia
1395 2345 1620 2380 vociferando
1643 2345 1772 2379 lamen-

299 2391 493 2438 tandoque,
517 2404 591 2427 cum
608 2392 676 2427 alia
695 2392 849 2427 omnibus
868 2392 1064 2438 persuasit,
1088 2397 1160 2427 tum
1185 2397 1225 2426 ut
1242 2404 1331 2426 nova
1359 2392 1445 2426 haec
1473 2392 1588 2427 edicta
1613 2392 1772 2426 decreta-

296 2450 388 2484 que,
410 2439 555 2485 sparsim
581 2443 616 2473 et
643 2450 706 2484 per
726 2439 875 2473 occultas
900 2439 975 2473 vias
1002 2440 1149 2481 emissa,
1173 2438 1250 2473 aliis
1270 2443 1351 2472 nota
1371 2438 1548 2481 facerent3
1572 2438 1616 2472 iis
1637 2449 1771 2484 nempe,

300 2485 362 2531 qui
379 2485 573 2531 ubicunque
599 2489 715 2519 terrae
732 2488 768 2519 et
787 2485 890 2520 maris
913 2497 1020 2531 prope
1037 2491 1098 2520 aut
1118 2485 1219 2530 longe
1238 2485 1456 2527 habitarent,
1481 2490 1518 2520 et
1543 2489 1667 2531 suopte
1695 2490 1772 2518 stu-

296 2543 388 2578 pore
404 2532 456 2566 ita
475 2531 592 2567 stolidi
619 2534 752 2573 essent,
787 2536 826 2566 ut
852 2531 1108 2578 superstitionis
1133 2530 1268 2576 laqueis
1292 2530 1458 2566 facillime¹
1482 2544 1542 2567 eos
1565 2536 1700 2577 captum
1726 2530 1772 2564 iri

299 2589 382 2624 spes
397 2578 499 2615 foret.
545 2577 616 2612 Uni
634 2581 748 2613 autem
772 2578 852 2612 mihi
881 2590 1020 2624 prorsus
1044 2589 1112 2613 non
1144 2578 1249 2611 solum
1279 2577 1387 2612 oculis
1410 2578 1628 2624 usurpanda,
1653 2577 1713 2611 sed
1734 2579 1773 2611 et

298 2625 447 2670 simplici
473 2624 604 2659 aurium
629 2636 731 2658 sensu
749 2625 950 2670 attingenda
967 2636 1115 2669 unquam
1141 2623 1198 2658 vel
1214 2623 1408 2667 levissime,
1433 2625 1536 2659 etiam
1554 2625 1690 2659 minima
1711 2635 1770 2657 eo-

298 2683 373 2706 rum
402 2671 554 2717 vestigia
580 2670 843 2706 interdicuntur.
898 2671 1001 2716 (ΙΙΙ.)
1026 2671 1111 2705 Eam
1138 2671 1182 2705 ob
1209 2682 1346 2705 causam
1372 2671 1466 2705 fores
1493 2682 1585 2705 meas
1616 2670 1772 2716 pluribus

300 2729 402 2762 quam
422 2722 525 2752 antea
549 2717 686 2764 paxillis
709 2717 881 2759 muniunt3
904 2729 947 2752 ne
968 2729 1036 2763 qua
1053 2717 1169 2752 furtim
1188 2728 1290 2758 aura,
1315 2728 1378 2762 per
1398 2718 1544 2763 aliquem
1570 2717 1662 2752 aeris
1680 2727 1772 2750 mea-

301 2768 374 2798 tum
394 2764 451 2798 illa
478 2776 541 2807 sa,
564 2765 686 2798 famam
707 2763 806 2798 ullam
826 2763 870 2798 ad
896 2776 960 2799 nos
987 2763 1204 2799 intromittat.
1258 2763 1431 2799 Custodes
1450 2775 1534 2798 vero
1555 2775 1577 2798 a
1596 2763 1728 2804 fronte,
1751 2772 1773 2795 a

301 2813 424 2855 tergo,
449 2776 683 2852 ‹i'extrorsum
706 2810 941 2845 sinistrorsum
959 2815 1154 2856 apponunt,
1178 2808 1310 2844 vicinos
1329 2821 1421 2844 meos
1439 2821 1575 2852 omnes;
1598 2809 1657 2855 qui
1677 2808 1772 2843 vitae

302 2856 511 2896 monasticae
533 2860 703 2894 austeram
732 2856 947 2903 disciplinam
977 2855 1153 2905 professi,
1177 2861 1214 2892 et
1235 2855 1427 2903 proximum
1446 2855 1652 2901 dilecturos,
1685 2854 1773 2901 sicut
