1754 3164
221 137 355 187 1220
733 141 1210 188 ANNOTATIONES.

215 248 313 295 ’ὅσον
325 249 417 323 μεν
446 249 587 306 ἐγγίζει
614 252 668 308 τῇ
690 253 874 324 κεφαλῇ’,
908 249 1106 304 στέφανος
1136 247 1240 294 εἶναι
1268 251 1400 304 δοκεῖ,
1429 247 1661 323 κροτάφους
1688 265 1754 293 πε-

217 306 429 382 ριγροίφων
462 309 502 358 ἐξ
532 308 625 349 ἴσου
653 307 723 349 καὶ
753 307 962 362 μέτωπον·
1011 325 1056 351 το
1090 305 1129 351 δ’
1159 309 1352 352 ἐντεῦθεν
1380 308 1450 351 καὶ
1480 306 1586 361 ἅνω,
1626 306 1754 364 ἠρέμα

217 384 322 410 κατα
361 369 490 421 μῆκος
528 364 751 418 ἐκτέταται,
790 366 860 408 καὶ
898 366 940 415 ές
977 364 1081 408 πολυ
1123 363 1317 419 φθανον,
1357 364 1483 438 πτερα
1521 369 1573 423 τῇ
1599 370 1754 438 κεφαλῇ

217 426 424 480 χρυσαυγῆ
450 424 615 493 γίνεται.
657 423 727 465 καὶ
756 421 800 466 τὸ
837 427 972 480 χρῆμα
1001 424 1072 466 καὶ
1101 425 1142 474 ἒς
1171 423 1240 478 ἐμὲ
1267 420 1322 479 ἦν
1353 421 1564 490 ἀκέραιον·
1607 421 1754 492 ανέμου

217 483 264 525 δέ
291 497 388 524 ποτε
416 477 666 530 πνεύσαντος
695 481 899 533 ἐξαισίου,
930 483 1169 553 ριπτοῦνται
1196 479 1273 524 δύο
1299 479 1446 538 πτερά·
1478 481 1547 524 καὶ
1575 478 1662 524 τότε
1693 481 1754 536 μέ-

214 551 332 610 γιστα
359 542 495 595 πολλῷ
521 543 606 588 τοῖς
634 539 785 611 ὁρῶσιν
813 539 1017 593 ἐφαίνετο,
1048 537 1077 594 ἢ
1105 537 1294 583 καθόσον
1324 540 1500 595 ορωνται
1527 542 1754 594 κοσμοῦντα

215 594 295 651 τὴν
322 581 523 650 κεφαλῆν·
568 614 595 638 α
626 595 678 652 δή
708 597 778 639 καὶ
807 597 849 647 ἐς
878 600 998 654 δεῦρο
1016 596 1137 671 παρὰ
1166 601 1224 655 τῷ
1252 602 1326 648 τῆς
1354 598 1566 651 ἐκκλησίας
1593 598 1754 668 ταμιείω

216 651 630 711 οἷποτεθησαύρισται.
679 655 859 697 ε’σταλται
888 655 933 698 δὲ
961 655 1031 697 καὶ
1060 673 1104 698 το
1117 669 1274 727 σωμα,
1307 654 1419 705 ἐντὸς
1444 653 1531 728 μὲν
1553 671 1602 697 ου
1630 670 1754 707 περιτ.

215 717 270 784 τῇ
297 729 377 755 τινι
404 712 475 755 καὶ
502 712 819 786 περισσευομένῃ
851 717 996 783 στολῇ,
1037 710 1128 755 αλλ’
1159 714 1251 756 οἵαν
1281 710 1476 768 ευσταλης
1505 710 1557 754 ἂν
1589 711 1754 766 ἱππότης

216 768 490 841 ἆμπίσχοιτο,
515 769 681 812 α’νωθεν
711 769 808 824 μὲν,
842 756 957 825 μόλις
982 771 1052 813 καὶ
1082 772 1122 821 ἐς
1149 768 1335 841 αγκῶνα,
1365 769 1552 813 κατωθεν
1582 769 1637 820 δὲ,
1667 770 1754 826 περὶ

215 826 368 901 γόνατα
397 824 659 881 φθανούσαν.
688 826 867 882 (ἐνῆπται
896 828 940 872 δὲ
969 846 1037 871 και
1066 826 1254 884 μανδύαν
1283 826 1405 882 ἐκτός,
1435 826 1580 882 στολήν
1603 826 1658 878 ω’ς·
1684 845 1754 881 φα-

217 901 285 929 σιν
312 883 554 940 Ἀχίλλειον·
573 884 623 946 η“
651 887 720 928 καί
748 902 840 929 τινα
868 884 1130 929 καλύπτουσα
1162 903 1243 929 των
1273 903 1430 943 μερων,
1469 883 1664 928 κοῖκεῐθεν
1693 885 1754 927 ε’πῖ

216 944 289 987 τὸν
318 941 527 1013 αριστερον
557 946 670 998 ὦμον
700 945 954 999 ἐπικειμένη,
992 942 1149 998 φθανει
1177 945 1247 987 καὶ
1282 946 1395 1001 μέχρι
1428 947 1501 998 τῆς
1528 947 1603 986 τοῦ
1630 945 1754 985 ιππου

217 999 352 1054 ἰξύος,
383 999 490 1044 πολύ
519 1018 562 1044 τε
591 1002 710 1058 μέρος
739 1000 1029 1074 περιλαμβανει
1059 1007 1141 1045 τῶν
1182 1002 1356 1046 ὄπισθεν
1394 1002 1464 1044 καὶ
1503 1018 1664 1074 περιττη
1694 1017 1754 1043 πε-

216 1060 430 1136 ρικέχυται.
461 1060 507 1100 αἷ
523 1059 672 1129 μέντοι
700 1065 827 1134 χεῖρες
854 1064 910 1117 τῷ
942 1058 1152 1130 ἄνδρεαντι
1181 1058 1257 1103 οὐκ
1286 1058 1554 1115 ασχολοῦνται
1575 1059 1667 1130 περὶ
1690 1076 1754 1101 τον

216 1119 368 1170 ἵππον,
399 1113 491 1159 οὐδ’
522 1115 621 1160 ὅσον
650 1118 720 1159 καὶ
751 1106 916 1161 ἰθύνειν
939 1116 1166 1172 ίππηλατου
1195 1115 1344 1175 τρόπον
1374 1120 1528 1160 δοκεῖν·
1560 1114 1658 1159 αλλα
1685 1115 1754 1170 τὴν

217 1174 293 1231 μὲν
323 1173 459 1226 δεξιαν
489 1174 607 1229 υψοῦ
637 1172 855 1227 ανατείνει,
892 1174 1079 1219 καθόσον
1110 1173 1201 1219 οἷόν
1230 1193 1291 1226 τε,
1326 1192 1423 1231 μετα
1454 1191 1564 1224 τινος
1593 1172 1754 1230 οἷρεϊκοῦ

215 1233 287 1276 καὶ
315 1234 505 1288 γενναίου
535 1231 821 1304 φρονήματος,
861 1234 931 1275 καὶ
968 1235 1178 1290 ἐμβριθως
1216 1231 1494 1305 απειλουμένῳ
1534 1233 1638 1274 εὀικε
1674 1237 1754 1282 τοῖς

217 1292 400 1346 ἐχθροῖς·
442 1289 550 1345 πλήν
580 1287 657 1333 οὐκ
696 1288 895 1341 οἷπονοίας
930 1291 1039 1342 ’τινος
1076 1292 1145 1334 καὶ
1183 1290 1367 1347 θρασους
1403 1288 1576 1362 αλόγου,
1622 1307 1676 1340 ως
1708 1287 1754 1331 ἂν

216 1349 385 1402 οἰηθείη
425 1365 496 1398 τις.
542 1347 699 1400 φθανει
734 1366 808 1404 γαρ
844 1366 871 1402 η
910 1348 1004 1391 λαιὰ
1043 1366 1119 1403 την
1158 1348 1299 1403 δεινην
1337 1346 1488 1403 ταύτην
1531 1345 1754 1419 οῗναιροῦσα

217 1404 367 1457 δόξαν,
407 1406 479 1447 καὶ
506 1405 920 1477 υπεραπολογουμένη
948 1404 1118 1461 τοῖνδρὸς
1147 1408 1187 1456 ἐς
1215 1403 1448 1461 ταμαλιστα.
1498 1405 1652 1459 κατέχει
1681 1403 1754 1459 γὰρ

217 1464 287 1508 ἐπὶ
314 1458 500 1535 ταύτης,
528 1463 671 1524 μικρὸν
701 1461 929 1518 απεχούσης
957 1468 1030 1506 τοῦ
1060 1462 1266 1519 σώματος,
1308 1468 1438 1519 μῆλον
1471 1466 1646 1538 χαλκοῦν
1674 1464 1754 1505 ἐπί-

213 1534 389 1578 χρυσον·
429 1517 500 1574 ἐφ’
531 1525 580 1564 οὑ
611 1521 682 1563 καὶ
711 1520 878 1577 σταυρὸς
906 1521 1054 1576 ὁμοίως
1085 1522 1183 1577 ε’χων
1221 1525 1295 1576 τῆς
1333 1520 1435 1575 ύλης
1473 1522 1649 1563 ισταται·
1689 1520 1754 1562 καὶ

217 1581 325 1623 ἔοικε
354 1575 554 1622 δεικνύειν
581 1578 606 1622 6
634 1579 814 1652 θατέραν
843 1578 1071 1630 ἐκτετακώς,
1102 1580 1172 1622 καὶ
1191 1577 1287 1651 μετ’
1317 1580 1543 1654 ἐμβριθοῦς
1573 1575 1754 1620 ἀπειλού-

216 1654 339 1693 μενος
369 1634 593 1705 σχήματος,
637 1632 671 1695 ᾦ
700 1639 871 1708 θαρρῶν
902 1634 1145 1680 απειλεῖται·
1191 1636 1251 1680 ότι
1279 1638 1349 1680 καὶ
1377 1654 1421 1680 το
1453 1640 1584 1691 μῆλον
1615 1637 1754 1678 εἰκονί-

216 1698 298 1746 ζειν
329 1695 408 1749 ἔχει
435 1693 503 1736 τὸν
509 1681 703 1765 κόσμον,
753 1693 803 1738 ὃν
831 1712 901 1737 και
930 1696 1031 1766 χειρὶ
1062 1701 1285 1751 περισχεῖν,
1327 1709 1462 1749 πασης
1491 1698 1565 1749 γῆς
1595 1690 1754 1743 οἷναψα.

217 1769 339 1808 μενος
366 1770 411 1795 το
442 1769 611 1807 κρατος,
652 1750 825 1807 δυναμει
852 1751 1081 1808 τεθαρρηκε
1110 1757 1184 1795 τοῦ
1215 1757 1404 1803 σταυροῦ.
1463 1753 1574 1791 Haec
1600 1751 1754 1804 Pachy-

215 1825 356 1852 mereS.
414 1811 746 1851 Bondelmontius
774 1825 872 1851 vero
887 1841 898 1861 ,
937 1811 1070 1852 Extra
1097 1813 1219 1866 igitar
1244 1810 1450 1852 ecclesiam
1474 1808 1530 1849 ad
1557 1808 1754 1849 meridiem

215 1871 260 1909 in
288 1867 424 1922 platea
455 1867 642 1909 columna
673 1870 1002 1923 septingentorum
1030 1868 1250 1909 cubitorum
1272 1867 1357 1908 alta
1378 1868 1552 1918 videtur,
1585 1868 1696 1906 cuius
1714 1868 1754 1906 in

217 1927 348 1981 capite
366 1924 610 1966 Iustinianus
632 1941 764 1965 aereus
790 1937 961 1980 equester
984 1925 1168 1976 habetur,
1201 1937 1237 1965 et
1255 1941 1416 1980 pomum
1439 1941 1528 1966 cum
1549 1923 1662 1964 laeva
1685 1938 1754 1963 au-

217 1999 324 2023 reum
352 1993 502 2035 tenens,
549 1983 604 2023 ad
635 1982 874 2023 occidentem
896 1981 938 2033 *)
969 1999 1056 2024 cum
1089 1981 1255 2023 dextera
1282 1985 1467 2024 minatur.
1527 1982 1754 2033 Ducangius

217 2047 402 2080 annotat:
446 2040 694 2081 Describitur
722 2038 966 2080 Iustinianea
996 2042 1074 2079 ista
1106 2039 1293 2081 columna
1327 2050 1363 2080 et
1390 2050 1526 2080 statua
1547 2055 1573 2078 α
1600 2038 1754 2079 Proco-

212 2099 284 2152 pio
307 2096 378 2137 lib.
399 2095 435 2137 I.
472 2098 534 2137 De
554 2096 698 2154 Aedis.
721 2095 932 2137 Iustiniani
941 2114 956 2149 ,·
986 2097 1211 2151 Nicephoro
1238 2096 1414 2151 Gregora
1440 2095 1511 2137 lib.
1537 2093 1639 2136 VII.
1658 2111 1754 2149 pag·

218 2158 314 2198 193.
337 2154 429 2197 194.
461 2156 627 2195 Zonara
641 2170 733 2208 pag.
753 2157 820 2199 52.
857 2153 1030 2195 Cedreno
1050 2171 1144 2210 pag.
1166 2158 1261 2200 374.
1293 2153 1420 2195 Suida
1440 2156 1483 2193 in
1505 2152 1754 2206 Iustinian03

219 2209 374 2252 Godino
393 2213 436 2250 in
460 2211 688 2265 Originibus
712 2211 1055 2266 Constantinopol.
1081 2211 1271 2253 Manuele
1290 2210 1528 2267 Chrysalora
1545 2226 1640 2264 pag.
1662 2214 1754 2253 1212

220 2267 419 2310 Gulielmo
439 2267 486 2308 de
507 2268 746 2310 Baldenzeel
764 2271 805 2310 in
826 2269 1058 2325 Hodoepor.
1088 2268 1144 2309 ad
1163 2281 1309 2310 terram
1328 2279 1510 2310 sanctam
1537 2272 1754 2322 pag.103

217 2336 501 2366 etc.1301vm.

333 2386 432 2438 Pag.
462 2386 567 2433 276,
601 2386 642 2426 6.
704 2383 786 2425 Καὶ
810 2382 886 2438 τὴν
915 2401 997 2426 των
1020 2385 1214 2427 Λατίνων
1240 2381 1499 2435 πλεονεξίαν]
1539 2383 1681 2422 Exstat
1709 2383 1754 2423 in

218 2440 366 2481 Codice
392 2441 613 2482 Bodleiano
639 2441 738 2494 [Roe
756 2444 881 2484 XXII.
887 2443 900 2495 ]
929 2444 1104 2483 narratio
1116 2443 1279 2482 Nicetae
1302 2441 1520 2481 choniatae
1542 2441 1592 2480 de
1613 2440 1754 2479 statui:

217 2498 680 2552 Constantinopolitani3‚
711 2514 809 2552 quas
819 2501 948 2540 Latini
970 2508 1088 2566 cepta
1105 2502 1213 2540 Urbe
1239 2501 1466 2539 confractas
1487 2499 1530 2538 in
1553 2505 1754 2538 monetam

217 2556 459 2597 conflarunt.
518 2556 612 2595 Eam
630 2559 921 2607 nmrationem,
954 2559 1069 2598 cuius
1096 2559 1260 2612 copiam
1289 2557 1386 2597 mihi
1416 2572 1437 2596 a
1458 2557 1515 2595 Cl.
1536 2557 1583 2597 V.
1605 2557 1752 2595 Ioanne

215 2614 388 2654 Ernesto
411 2614 560 2654 Grabio
582 2614 726 2653 factam
751 2629 835 2655 esse
860 2616 976 2655 dixi
965 2631 1005 2655 m
1026 2617 1288 2670 praefatione,
1319 2614 1478 2655 selectis
1500 2614 1602 2653 tomi
1622 2610 1754 2666 quarti

215 2672 424 2725 opusculis
453 2670 746 2726 praefigendam
768 2687 1033 2713 reservamus.
1090 2688 1242 2713 BOIVIN.

333 2743 428 2795 Pag.
458 2743 564 2794 276,
593 2744 634 2785 9.
695 2741 777 2783 Καὶ
798 2739 843 2784 τὸ
868 2741 936 2785 ἐπὶ
953 2745 1026 2797 τῆς
1042 2745 1223 2797 κεφαλῆς
1242 2739 1477 2797 βασιλικόν]
1507 2739 1648 2791 Qualis
1668 2739 1752 2779 sue*-

307 2842 348 2888 *)
371 2842 474 2880 Immo
497 2843 542 2880 ad
562 2828 740 2881 orientem.
786 2854 921 2882 nomn.
