1794 3172
335 137 651 185 HISTORIAE
678 137 1052 184 BYZANTINAE
1068 138 1195 183 XXI.
1217 145 1260 186 2.
1396 131 1526 179 1001

58 248 332 308 διαφέρεσθαι
341 281 355 302 ,
402 247 491 300 πῶς
517 247 594 305 μὲν
626 247 687 291 δι’
718 246 909 304 ἀμαθίαν
925 280 942 302 ,
986 246 1076 299 πὼς
1105 247 1152 291 δὲ
1189 245 1248 291 δι’
1284 244 1527 304 ἀγνωμοσύ-
1548 258 1748 295 A.c.1351

57 337 133 375 νην
162 320 231 362 καὶ
258 318 497 375 μοχθηρίαν
525 321 679 374 ψυχῆς.
758 314 878 374 λόγος
913 316 989 372 μὲν
1023 316 1103 375 γὰρ
1142 313 1382 374 ἀνθρώποις
1417 307 1749 388 ἅπα-Ῑᾞζέἕέοὲὼ

58 404 103 431 σι
137 388 322 431 δίδοται·
368 385 522 441 τρόπος
562 386 609 430 δ’
645 386 807 443 ἀγαθὸς
839 385 887 429 οὗ
924 389 1074 440 πᾶσιν,
1122 384 1172 430 οὗ
1201 385 1286 443 μὴν
1323 385 1421 437 οὐδὲ
1455 386 1528 430 τὸν
1551 398 1596 432 V.
1612 378 1683 435 5οὲ

58 453 180 513 λόγον
211 451 258 500 εὖ
292 458 504 499 διοικοῦσα
536 453 710 506 σύνεσις.
763 454 865 499 ὅθεν
898 452 1232 513 ἀποκρουόμενος
1268 443 1570 511 πανταχόθενΟ

23 527 129 569 ὁκαὶ
165 522 520 580 ἒπιστομιζόμενος
553 525 622 568 καὶ
659 523 719 580 μὴ
756 523 859 580 ἔχων
893 526 1070 581 μηδαμῆ
1108 524 1284 580 βεβαίαν
1321 523 1531 582 ἂποστρο·

59 594 144 652 φὴν
176 595 240 637 ἐπὶ
274 594 323 637 τὸ
355 592 578 651 Θαβώριον
613 588 740 644 αὖθις
768 595 939 637 ἐποιεῖτο
970 594 1046 650 τὴν
1085 591 1346 651 ἀναχώρησιν
1356 626 1371 648 ,
1411 597 1534 653 Βαρ-

57 663 172 717 λαιὶμ
202 664 269 706 καὶ
300 663 395 718 βίον
422 662 550 706 αὐτοῦ
581 661 960 721 προφασιζόμενος,
983 664 1058 707 καὶ
1087 661 1166 707 ὅσα
1197 665 1303 706 τισὶν
1325 662 1535 721 ἀραχνίοις

57 730 313 790 ὑφαίνεσθαι
351 730 585 791 προσεῴκει.
657 731 758 776 ὅθεν
795 734 864 776 καὶ
902 733 995 775 λίαν
1035 731 1229 789 εὐχεροῦς
1262 733 1332 775 καὶ
1374 731 1535 790 προδήο

59 804 134 844 λου
174 799 430 858 τυγχάνοντα
460 806 536 858 τῆς
572 799 810 852 ἀναλύσεως
841 798 970 857 μόνον
999 799 1076 857 εἶχε
1108 800 1182 844 τὸν
1207 800 1383 857 βασιλέα
1417 804 1568 857 λαμ-Ι)

3 879 49 915 10
60 874 177 927 πρῶς
194 868 484 927 ὖπερείδοντα,
521 870 628 914 κατὰ
647 870 696 914 τὸ
714 872 890 928 μηδαμῆ
916 874 1150 929 προσῆκον,
1180 871 1288 925 μηδὲ
1314 868 1535 916 καλύπτειν

58 940 136 995 τὴν
187 939 349 982 ἀδικίαν
396 942 538 993 ἲσχῦον
554 973 570 994 ,
625 938 829 984 τοσούτου
870 937 1077 998 παρόντος
1124 937 1317 995 πλήθους
1357 939 1532 998 ἀνδρῶν.

62 1007 149 1067 (Ε.)
181 1008 284 1064 Ἐγὼ
315 1010 391 1063 μὲν
420 1005 494 1052 οὖν
522 1007 660 1067 βραχύ
681 1027 720 1053 τι
742 1007 945 1063 ὕπειπών,
983 1008 1120 1053 ἔπειτα
1146 1008 1235 1058 πῶς
1260 1009 1336 1064 μὲν
1359 1008 1428 1052 διὰ
1458 1010 1535 1066 τὴν

61 1077 276 1134 εἰρημένην
314 1076 499 1132 ἀδικίαν,
545 1078 635 1129 πῶς
671 1080 716 1121 δὲ
749 1078 816 1121 διὰ
847 1078 922 1129 τὰς
955 1082 1031 1134 τῆς
1068 1081 1250 1136 κεφαλῆς
1287 1075 1534 1135 ἀλγηδόνας,

60 1153 147 1196 τοῖς
171 1153 319 1203 σοφοῖς
340 1148 503 1198 ἐκείνοις
530 1145 762 1204 συμμάχοις
784 1147 925 1205 ἀφῆκα
944 1149 1270 1204 διαγωνίζεσθαι.
1317 1147 1535 1206 ἓπιῤῥαπί-

5 1226 50 1262 15
63 1216 140 1268 ζειν
171 1215 214 1258 δ’
244 1213 357 1270 ὅμως
381 1218 450 1259 καὶ
481 1214 636 1260 οὑτωσί
666 1233 754 1266 πως
780 1221 855 1259 τοῦ
887 1219 1077 1272 Παλαμᾶ
1103 1216 1178 1272 τὴν
1208 1215 1342 1274 ὄφρύν
1372 1220 1578 1272 anema-E

61 1283 172 1344 μένῳ
206 1284 278 1327 ἕνα
308 1289 391 1328 τῶν
415 1286 524 1340 ε’μῶν
552 1283 723 1342 εἰσάγειν
744 1283 854 1343 ἐπῄει
870 1302 943 1339 μοι
966 1290 1175 1342 φοιτητῶν
1193 1285 1288 1329 ἄντ’
1310 1287 1412 1341 ἐμοῦ
1433 1286 1538 1344 πρὸς

61 1354 137 1409 τὴν
172 1354 323 1397 ἐκείνου
363 1352 522 1411 πάλην,
557 1356 628 1397 ‘lua
655 1358 814 1410 μᾶλλον
849 1352 1094 1410 αἰσχύνοιτο.
1149 1354 1197 1398 τὸ
1233 1353 1313 1411 γὰρ
1342 1354 1537 1413 ἄντικρυς

63 1422 169 1480 πρὸς
188 1424 340 1466 ἐκεῖνον
363 1425 433 1478 ἐμὲ
464 1416 725 1480 διαλέγεσθαι
761 1424 829 1467 καὶ
859 1423 934 1479 τὴν
963 1422 1155 1482 ἀκαιρίαν
1178 1424 1328 1467 ἐκείνου
1358 1428 1539 1481 φιλονει-

64 1499 146 1536 κεῖν
178 1493 313 1552 ἐκείνῳ
340 1494 416 1547 μὲν
445 1492 522 1548 εἶχε
549 1493 671 1549 τιμὴν
679 1526 693 1546 ,
739 1493 830 1548 ἐμοὶ
861 1493 907 1535 δὲ
936 1494 1003 1535 καὶ
1034 1491 1150 1548 μα’λα
1178 1490 1343 1536 πάντων
1371 1491 1536 1549 ἥκιστα.

7 1559 274 1616 Ξοτοσαύτην
292 1563 431 1605 τοίνυν
450 1562 562 1613 ἔδοξε
583 1566 684 1604 πᾶσι
704 1569 792 1612 τοῖς
816 1558 910 1604 τότε
933 1566 1136 1619 παροῦσιν
1167 1559 1364 1618 αῗσχύνην
1385 1559 1406 1605 ὅ
1435 1565 1538 1606 Πα-

65 1634 204 1685 λαμῑὶς
223 1630 453 1687 ὠφληκέναι
472 1632 540 1674 καὶ
559 1628 740 1686 κωμικήν
763 1647 855 1674 τινα
870 1628 1036 1686 χλεύην,
1069 1628 1143 1674 ὕπ’
1168 1631 1317 1674 ἐκείνου
1341 1634 1417 1674 τοῦ
1440 1648 1539 1675 νεα-

4 1731 9 1736 -
65 1700 155 1743 νίου
178 1698 285 1742 κατὰ
307 1698 459 1756 κράτος
483 1697 738 1756 ἡττώμενος,
766 1698 868 1754 ὅσην
884 1695 1081 1756 λεγόντων
1099 1701 1208 1743 ἐστὶν
1227 1697 1387 1744 ἀκούειν
1406 1698 1540 1744 ἇπᾶν-

66 1785 162 1812 των.
214 1768 348 1811 κοινὸν
378 1769 456 1827 γᾷρ
487 1775 574 1820 τοῖς
607 1768 716 1819 ὅλοις
746 1766 946 1827 ἀφήγημα
976 1769 1111 1827 γε’γονε
1136 1773 1350 1824 Παλαμᾶς
1379 1770 1574 1813 ἒκεΐθενΕ

66 1839 135 1881 καὶ
155 1842 311 1894 γελοῖον
339 1845 427 1889 τοῖς
453 1836 563 1890 ὅλοις
584 1836 839 1897 ἑντρύφημα.
913 1836 1003 1898 (ς’.)
1033 1838 1158 1883 Ἀλλὰ
1186 1838 1261 1891 νὺξ
1289 1840 1354 1883 ἐπὶ
1375 1836 1539 1891 τούτοις

68 1992 193 2040 partim
218 1992 437 2038 ignorantia,
461 1992 586 2039 partim
612 1994 742 2030 malitia
769 1998 805 2030 et
828 2006 993 2042 perverso
1018 1994 1178 2041 ingenio,
1202 1994 1386 2042 discrepet.
1431 1995 1540 2031 Ratio

67 2039 199 2086 quippe
227 2040 383 2074 omnibus
412 2040 603 2075 hominibus
628 2041 730 2084 data3
754 2054 880 2078 morum
901 2043 1058 2089 probitas
1083 2054 1151 2077 uon
1171 2042 1255 2078 data
1271 2042 1449 2084 omuibus,
1472 2054 1538 2077 uec

69 2097 158 2132 quae
176 2086 343 2120 rationem
357 2092 454 2121 recte
472 2087 664 2122 moderetur
686 2088 806 2123 sollers
827 2088 1066 2135 intelligentia.
1114 2089 1343 2130 Quamobrem
1360 2089 1539 2123 undecun-

67 2144 134 2178 que
152 2132 329 2178 repulsus,
355 2133 440 2178 quia
458 2145 496 2167 os
511 2132 544 2168 ei
569 2134 834 2178 obstruebatur,
855 2148 920 2171 nec
939 2135 1041 2171 ullum
1068 2146 1207 2181 usquam
1229 2135 1425 2181 perfugium
1448 2139 1538 2177 erat,

67 2178 105 2213 in
130 2190 198 2224 quo
219 2183 337 2224 posset
358 2179 566 2221 consistere,
590 2191 708 2215 rursus
729 2193 767 2216 se
795 2182 839 2216 ad
859 2182 1072 2217 Thaborium
1094 2182 1302 2227 recipiebat,
1325 2182 1540 2216 Barlaamum

70 2228 106 2259 et
121 2224 213 2258 illius
230 2236 342 2259 mores
358 2230 588 2272 praetexens,
611 2231 648 2261 et
674 2226 741 2262 alia
765 2239 965 2264 aranearum
983 2229 1065 2263 telis
1085 2227 1218 2264 similia.
1265 2228 1369 2270 Quae
1391 2227 1483 2262 facili
1504 2231 1541 2261 et

70 2270 223 2305 evidenti
241 2271 376 2307 ratione
391 2284 465 2307 cum
483 2272 759 2315 resolverentur,
785 2274 878 2309 solus
896 2275 1084 2322 imperator
1101 2280 1222 2320 aperte
1238 2274 1412 2317 tuebatur,
1434 2274 1540 2317 idque

67 2316 231 2352 indecore
254 2322 289 2352 et
311 2330 352 2352 eo
377 2319 497 2360 modo,
524 2319 585 2364 qui
611 2323 665 2353 tot
687 2319 878 2355 hominibus
911 2322 1146 2367 praesentibus
1179 2320 1394 2368 iniquitatem
1419 2318 1540 2353 velare

69 2363 160 2401 haud
180 2368 311 2409 posset.
359 2366 442 2410 (V.)
467 2365 544 2410 Ego
564 2364 672 2411 igitur
688 2377 800 2411 pauca
818 2367 961 2403 subieci.
1005 2369 1096 2403 Tum
1117 2367 1238 2402 doctos
1254 2367 1332 2401 illos
1352 2366 1541 2406 adiutores,

68 2409 195 2454 partim
217 2411 262 2447 ob
281 2422 354 2446 eam
379 2423 479 2457 quam
499 2412 572 2446 dixi
599 2411 837 2458 iniquitatem,
859 2414 984 2460 partim
1010 2415 1053 2449 ob
1070 2414 1194 2460 capitis
1213 2413 1368 2454 dolores,
1392 2410 1458 2444 sivi
1475 2409 1540 2444 de·-

70 2459 216 2490 certare.
263 2456 395 2491 Tamen
417 2458 578 2492 Palamae
606 2459 839 2504 arrogantiam
862 2459 912 2494 sic
940 2472 1076 2507 quoque
1094 2460 1258 2506 sugillare
1276 2469 1349 2493 cum
1367 2455 1540 2490 instituis-

70 2513 165 2543 sem,
189 2501 290 2536 libuit
315 2515 418 2539 unum
446 2515 489 2539 ex
508 2504 688 2550 discipulis
706 2506 789 2539 meis
812 2506 1022 2552 producere,
1045 2507 1124 2553 qui,
1148 2512 1187 2541 ut
1207 2504 1315 2540 maior
1334 2506 1427 2537 esset
1445 2501 1539 2536 illius

69 2546 273 2592 ignominia,
302 2561 410 2585 meam
441 2562 516 2585 cum
539 2562 580 2586 eo
598 2551 722 2586 luctam
748 2551 898 2588 vicarius
916 2554 1105 2600 exciperet.
1160 2552 1251 2587 Nam
1276 2548 1368 2595 quod
1395 2558 1458 2594 per
1485 2558 1540 2582 me

70 2593 147 2639 ipse
174 2600 295 2629 contra
322 2596 552 2642 disputarem,
575 2602 613 2631 et
635 2609 709 2632 cum
735 2598 868 2633 homine
888 2598 1079 2645 importuno
1098 2598 1256 2639 rimu-er,
1278 2595 1314 2630 id
1335 2594 1471 2640 quidem
1488 2593 1540 2628 illi

70 2640 295 2675 honorificum
313 2648 410 2685 erat,
434 2642 516 2677 mihi
534 2649 645 2679 autem
663 2643 809 2679 minime.
855 2645 997 2687 Quanto
1015 2645 1135 2692 itaque
1154 2644 1312 2678 Palamas
1334 2640 1468 2686 pudore
1484 2640 1540 2674 af-

70 2686 206 2729 fectus,
230 2694 393 2733 quantum
417 2689 590 2732 omnibus,
614 2694 782 2736 quotquot
805 2696 876 2726 tum
897 2691 1043 2728 aderant
1068 2703 1143 2726 cum
1171 2690 1215 2724 ab
1241 2688 1300 2723 illo
1321 2686 1541 2740 adolescente

71 2733 280 2779 profligatus
300 2738 375 2777 est,
407 2735 535 2771 comico
555 2736 628 2770 risu
650 2736 774 2781 diguus
792 2737 887 2773 visus
917 2738 984 2780 sit,
1008 2749 1051 2773 ex
1074 2736 1222 2772 omnium
1246 2743 1401 2769 sermone
1423 2743 1538 2777 accipi

72 2783 200 2823 potest.
248 2780 390 2827 Quippe
416 2793 459 2816 ex
486 2793 527 2817 eo
552 2782 690 2828 publica
714 2783 858 2819 omnium
885 2784 1003 2819 fabula
1033 2795 1074 2819 ac
1106 2781 1262 2818 omnibus
1292 2777 1482 2814 deridiculo
1502 2780 1540 2812 et

71 2824 220 2864 ludibrio
252 2826 408 2862 Palamas
426 2828 504 2868 fuit.
558 2828 662 2874 (VI.)
684 2828 756 2864 Sed
780 2830 1120 2878 uoxsnperveuieus
1148 2827 1266 2872 coegit
1289 2835 1480 2873 qumque&
1502 2829 1540 2859 ²⁸

165 2883 381 2930 Nulo-ephane
399 2885 548 2933 Gregor.
593 2886 669 2922 Vol.
689 2886 734 2921 11.
1210 2874 1266 2919 64
