1754 3164
201 165 221 210 1
234 165 332 212 308
754 167 1230 238 ANNOTATIONES.

198 278 293 316 dum
313 276 419 329 typis
449 274 569 314 edita.
627 273 674 313 In
703 274 752 314 iis
783 280 843 314 est
873 275 1083 327 Satyricon
1114 270 1215 316 κατά
1233 275 1317 315 ταῖν
1347 276 1534 328 Γρηγορᾶ
1553 269 1730 328 ληρημά-

194 351 287 383 των,
319 348 368 372 ex
388 346 468 385 quo
496 331 691 384 quaedam
710 333 885 372 delibata
909 333 1150 371 inseruimus
1171 334 1371 383 Gregorae
1391 331 1552 383 Elogiis.
1606 334 1727 371 Prae-

193 398 256 430 ter
275 391 382 429 hunc
413 389 633 429 Cabasilam
663 396 934 430 memorantur
958 396 997 429 et
1021 390 1110 437 alii,
1146 387 1267 428 Nilus
1295 389 1463 440 scilicet,
1493 389 1727 440 Demetrius,

194 446 679 488 Miclzazletc.no1vm.

309 509 404 559 Pag
432 505 666 554 1025,19.
725 500 929 556 Ἐκεῖνος]
964 501 1647 556 Aeschyl.inPrometh.1301v1N.

306 561 404 615 Pag.
439 564 568 611 1026,
599 566 667 605 22.
721 559 774 603 T6
801 565 872 614 τῆς
891 563 1131 626 πολυλογίας
1153 577 1208 609 ως
1235 559 1303 601 ε’πὶ
1330 564 1515 602 πλεῖστον
1542 556 1726 615 άμαρτά-

190 619 288 673 νον]
322 620 521 671 Gregoras
550 632 666 658 suum
687 619 812 672 ipsius
833 619 975 658 vitium
1002 619 1115 658 alteri
1139 618 1290 658 obiicit.
1346 631 1502 656 BOIVIN.

305 678 405 729 Pag.
439 679 570 725 1027,
602 679 668 718 19·
732 673 927 727 Οὕδαιιοῦ
957 672 1184 729 σπλάγχνον
1215 692 1250 716 κ.
1272 690 1305 716 τ.
1336 674 1400 728 λ.]
1442 677 1509 713 Sic
1532 689 1654 728 supra
1682 675 1723 714 in

191 736 393 787 excerptis
416 748 467 773 ex
490 735 530 771 Ι).
550 733 702 772 Basilio
725 733 775 773 de
797 733 950 786 Spiritu
969 740 1120 773 sancto.
1176 746 1340 773 noiva.

304 792 403 846 Pog-
438 794 570 842 1027,
599 794 668 833 20.
722 787 951 845 ’.Απέβλεψα
980 807 1055 846 γαρ
1077 807 1115 834 κ.
1135 806 1168 831 τ.
1189 789 1248 843 λ.]
1280 790 1523 829 Ecclesiasta
1544 804 1630 843 cap.
1650 790 1721 829 IX.

186 855 315 894 v.11.
373 862 520 888 BOIV1N.

301 910 405 960 Peg.
438 908 567 955 1028,
601 907 666 947 11.
729 900 859 947 Τοῦτό
881 921 950 960 μοι
978 908 1202 947 τελευταῖον
1226 920 1264 946 κ.
1282 920 1315 945 τ.
1339 903 1397 957 λ.]
1427 904 1532 944 Vide
1554 903 1603 953 Q.
1619 904 1721 944 Cur-

189 966 289 1006 tium
308 966 377 1006 lib.
402 964 447 1005 V.
468 964 509 1002 in
530 962 620 1003 fine.
677 975 829 1001 1301V1N.

308 1023 564 1074 Pan.1028‚
598 1021 662 1062 18
717 1014 1007 1073 Ἇρκούμενος]
1039 1021 1098 1058 Ex
1119 1019 1289 1072 epistola
1319 1019 1363 1058 l).
1387 1018 1525 1059 Basilii
1550 1018 1602 1058 ad
1631 1033 1719 1058 mo-

191 1079 341 1120 nachos
361 1093 474 1128 suos,
505 1084 550 1116 ut
571 1091 691 1130 supra
711 1090 799 1129 cap.
819 1078 884 1118 IV.
906 1084 1004 1117 sect.
1028 1078 1095 1119 IV.
1117 1089 1224 1115 num.
1247 1080 1311 1119 12.
1369 1090 1519 1117 ΒοινιΝ.

305 1141 400 1189 Peg.
434 1108 564 1183 1029,
604 1134 643 1176 4.
699 1135 874 1187 Βίβλους
920 1135 1075 1183 ἐκείνας
1119 1135 1160 1183 ἐς
1204 1129 1401 1186 δημόσιον
1447 1130 1718 1189 ἀνεγνωκότες

189 1192 395 1246 ἄκουσμα]
429 1193 499 1230 Die
530 1191 822 1244 Assumptionis
843 1193 888 1230 B.
910 1192 1083 1243 Virginis
1111 1192 1215 1231 nei-
1233 1190 1390 1240 Matris,
1431 1191 1600 1242 Augusti
1628 1191 1715 1230 XV.

188 1251 419 1291 Philotheus
451 1248 699 1302 patriamha,
734 1248 947 1288 Antirlhet.
977 1250 1008 1291 Ι.
1044 1245 1170 1318 (Cod.
1205 1250 1299 1300 Reg.
1328 1250 1449 1290 1996.
1479 1250 1546 1288 fol.
1575 1251 1616 1290 9.
1646 1245 1716 1316 v.)

189 1324 274 1349 rem
294 1310 351 1347 ita
376 1313 527 1346 narlat.
592 1309 673 1358 Τῆς
704 1302 745 1346 δ’
777 1306 888 1359 ἱερᾶς
915 1303 1129 1357 ἐπιστάσης
1159 1303 1254 1360 μετά
1285 1303 1429 1359 μικρόν
1457 1309 1529 1374 τῆς
1557 1303 1715 1359 θεομή-

188 1382 306 1421 τορος
335 1367 494 1417 τελετῆς
522 1377 562 1404 τε
589 1363 658 1404 καὶ
669 1361 969 1432 ’ζ’πανηγύςιεως,
999 1361 1054 1417 ἣν
1083 1363 1248 1416 ἐτησίως
1277 1361 1343 1403 ἐπὶ
1370 1366 1422 1420 τῇ
1449 1379 1597 1416 ταυτης
1627 1364 1716 1419 ἴερᾷ

188 1439 230 1464 τε
258 1422 327 1464 καὶ
357 1424 480 1478 σεπτῇ
509 1416 741 1474 μεταστάσει
768 1417 986 1473 πάνδημόν
1013 1437 1103 1461 τινα
1131 1420 1200 1462 καὶ
1228 1417 1572 1473 περιφανεστάτην
1591 1420 1635 1462 ἐν
1656 1424 1715 1477 τῷ

188 1481 356 1536 μεγίστῳ
387 1482 474 1533 ναῷ
495 1482 567 1531 τῆς
597 1474 866 1520 ένυποστάτου
895 1478 964 1519 καὶ
993 1474 1246 1549 συνανάρχου
1276 1480 1380 1518 θεοῦ
1409 1479 1557 1529 σοφίας
1579 1463 1713 1519 τελοῦ-

187 1553 280 1591 μεν,
310 1540 445 1579 πᾶσαν
475 1535 558 1577 ἐκεῖ
583 1532 720 1588 σχεδὸν
749 1538 1037 1589 συγκαλοῦντες
1065 1551 1140 1589 την
1168 1532 1309 1584 πόλιν,
1341 1533 1438 1588 μετά
1466 1533 1563 1584 τοῦς
1591 1535 1711 1576 ἕωθι-

186 1593 286 1644 νοῦς
314 1609 490 1648 υμνους,
534 1592 722 1646 δευτέραν
749 1591 830 1646 ἤδη
859 1596 932 1646 τῆς
960 1592 1111 1646 ἡμέρας
1141 1589 1250 1646 ω’ραν
1280 1591 1468 1644 ἔχουσης,
1508 1588 1576 1634 ἐπ’
1606 1589 1709 1645 ὄκρί-

189 1654 334 1722 βαντος
365 1653 476 1706 ἱεροῦ
507 1648 696 1720 λαμπράν
732 1666 773 1690 τε
801 1650 870 1691 καὶ
897 1650 1302 1704 πεπαρῤησιασμένην
1329 1645 1609 1703 ἐποιησάμεθα
1634 1647 1710 1703 τὴν

187 1706 421 1778 άνάγνωσιν
449 1705 608 1758 τούτου,
639 1703 766 1748 αυτοῦ
793 1723 834 1748 τε
861 1711 935 1748 τοῦ
964 1711 1300 1761 πατριαρχοῦντος
1327 1704 1416 1748 τότε
1445 1707 1710 1761 προκαθημέ-

184 1783 259 1808 νου
298 1767 366 1808 καὶ
396 1762 604 1820 άρχιερέων
633 1764 702 1806 καὶ
723 1764 1014 1837 πρεσβυτέρων
1044 1762 1202 1818 συνάμα
1241 1780 1322 1806 παι
1326 1781 1362 1805 τι
1402 1765 1709 1818 παρισταμένων

183 1840 238 1864 τω
271 1821 431 1892 κλήρω,
477 1822 545 1863 καὶ
584 1820 635 1890 δη
668 1821 738 1863 καὶ
767 1819 990 1875 άρχὸντων,
1027 1822 1097 1864 καὶ
1131 1826 1205 1863 τοῦ
1241 1822 1426 1863 πλείστου
1464 1821 1607 1876 μέρους
1634 1826 1708 1876 τῆς

184 1866 356 1948 μεγάλης
383 1879 548 1933 ταυτησὶ
578 1876 731 1928 πόλεως
765 1879 1097 1933 περιισταμένων·
1115 1879 1255 1949 ’ἡνίκα
1284 1877 1334 1932 δὴ
1367 1878 1434 1920 καὶ
1465 1877 1651 1949 βασιλευς
1681 1879 1706 1922 o‘

183 1934 392 1990 κράτιστος
432 1935 596 1978 ἄνωθεν
634 1937 676 1977 ἐκ
712 1934 792 1977 των
833 1937 952 1990 ίερων
989 1933 1184 1992 υπερῴων
1216 1932 1474 2006 ἀκροώμενος
1508 1940 1580 1989 τῆς
1610 1933 1704 1977 άνα-

184 1993 367 2049 γνώσεως
406 2011 484 2048 ην,
526 1997 600 2046 τῆς
637 2010 679 2035 τε
717 1991 941 2047 συγκλήτου
980 1993 1286 2064 περιισταμένης
1326 1991 1470 2043 αὐτόν,
1512 1991 1591 2035 κάκ
1630 1997 1705 2035 τοῦ

184 2055 488 2122 στρατιωτικοῦ,
509 2051 577 2092 καὶ
606 2049 655 2102 δὴ
686 2050 755 2091 καὶ
784 2067 866 2091 των
895 2055 1068 2092 πολιτῶν
1099 2047 1232 2092 αὐτῶν
1263 2050 1384 2092 άλλου
1413 2048 1601 2104 πλήθους
1630 2068 1702 2103 μυ-

183 2109 284 2175 ρίου.
316 2113 419 2164 τρεῖς
449 2105 488 2149 δ’
515 2125 618 2162 ημεν
648 2108 690 2148 οἵ
715 2106 814 2148 κατά
843 2107 1034 2162 διαδοχην
1065 2104 1336 2182 ἀνεγνωκότες
1364 2108 1536 2150 ἐκεῖνον·
1578 2112 1702 2162 Γαλη-

184 2162 333 2218 σιώτης
366 2166 494 2219 φημὶ,
525 2165 592 2206 καὶ
622 2163 813 2218 Μάξιμος
843 2164 867 2207 6
896 2164 1042 2216 σοφὸς,
1085 2167 1152 2207 καὶ
1181 2167 1310 2220 τρίτος
1338 2162 1407 2207 ’ἐπ’
1436 2165 1604 2214 ἐκείνοις
1631 2166 1700 2207 καὶ

181 2227 403 2271 τελευταῖος
431 2222 452 2265 ὁ
477 2222 727 2276 Ἡρακλείας·
765 2220 806 2271 ὃς
835 2220 887 2276 δη
916 2223 983 2264 καὶ
1013 2223 1276 2293 προτραπεὶς,
1319 2222 1387 2264 καὶ
1416 2219 1700 2264 διδασκαλικόν

181 2295 271 2321 τινα
302 2278 465 2350 βραχύν
502 2280 594 2348 περὶ
630 2296 712 2320 των
748 2280 1022 2350 προκειμένων
1058 2277 1138 2322 α’πᾶ
1179 2278 1371 2334 στόματος
1406 2279 1570 2329 ἐξέδωκε
1601 2296 1696 2349 μετα

179 2353 255 2389 την
287 2334 523 2404 άνάγνωσιν
543 2333 677 2391 λόγον.
709 2336 863 2378 ἐκεῖθεν
894 2334 937 2378 δ’
968 2337 992 2379 6
1022 2335 1129 2406 ἱερός
1158 2337 1353 2391 ὁρμηθεις
1379 2333 1514 2408 ‹667ch
1536 2337 1577 2387 ἐξ
1600 2333 1698 2389 οἶφε-

179 2395 317 2446 τηρίας
349 2392 452 2443 τινός
483 2390 621 2447 τόμος,
671 2397 824 2461 μᾶλλον
862 2391 902 2435 δ’
941 2395 984 2435 οἵ
1019 2392 1130 2447 τόμοι
1170 2392 1300 2449 (τρεῖς
1337 2391 1412 2448 γάρ
1450 2388 1558 2447 ’ἦσαν
1594 2410 1695 2436 κατα

178 2448 300 2493 ται’τὸ
331 2449 464 2504 κύριοι
501 2454 552 2522 τῇ
591 2448 745 2507 συνόδῳ
785 2451 1083 2524 συντεθειμένοι
1119 2452 1189 2492 καὶ
1223 2450 1568 2522 ὖπογεγραμμένοι
1595 2468 1696 2493 κατα

177 2505 326 2559 ταῦτα,
366 2508 473 2562 ὅμοιῖ
502 2506 582 2576 μὲν
602 2508 670 2549 καὶ
708 2509 966 2562 ξυνημμένως
996 2510 1038 2550 οἷ
1064 2506 1157 2559 ὅυό,
1199 2524 1295 2579 μετα
1324 2507 1468 2562 μικρόν
1498 2505 1538 2550 δ’
1567 2506 1694 2550 ωσαύ-

177 2581 253 2615 τως
282 2566 306 2608 6
334 2569 486 2620 τρίτος·
531 2561 636 2611 οὕτω
675 2565 743 2606 καὶ
780 2583 855 2621 γαρ
895 2563 1105 2638 ἐκρύπτετο
1142 2562 1239 2621 παρ’
1274 2564 1393 2619 ημῶν
1429 2564 1455 2608 6
1493 2562 1616 2620 τόμος
1648 2566 1693 2608 ἐν

177 2622 307 2664 σκότει
336 2640 376 2664 τε
405 2623 473 2665 καὶ
501 2618 644 2679 γωνία)
681 2622 838 2664 ἐκεῖθεν
867 2639 942 2665 ουν
971 2622 1218 2691 ὁρμηθέντες
1247 2629 1321 2662 etc.
1377 2636 1528 2663 1301v1N.

290 2684 385 2734 Peg.
421 2683 550 2730 1030,
579 2683 618 2723 2.
682 2677 734 2720 T6
755 2680 953 2734 βδέλυγμα
973 2683 1043 2734 τῆς
1062 2676 1226 2734 ἐσχάτης
1245 2677 1478 2734 ἐρημώσεως
1495 2675 1691 2734 υπάρχειν

174 2733 422 2804 αὐτόχρημα]
454 2739 550 2776 Cum
572 2736 781 2776 Palamitae
804 2739 929 2777 multa
953 2744 993 2777 et
1010 2739 1214 2791 praeclala
1237 2739 1510 2777 Cantacuzeno
1538 2738 1689 2790 promi-

173 2795 335 2845 sissent,
365 2796 399 2835 si
419 2796 586 2834 Tomum
615 2808 728 2833 suum
755 2794 901 2834 altari·
889 2808 974 2848 Jpse
993 2795 1228 2848 impone1et‚
1261 2809 1308 2834 ac
1327 2809 1431 2834 novo
1450 2794 1532 2834 ritu
1551 2808 1687 2834 conse-

172 2859 315 2904 oraret,
346 2853 555 2906 Gregoras‚
586 2851 654 2891 ubi
674 2851 717 2891 id
735 2852 907 2906 rescivit,
936 2854 1078 2905 immo,
1107 2852 1262 2907 inquit,
1290 2867 1378 2894 cum
1398 2849 1572 2892 videritis
1591 2850 1686 2891 abo-
