1754 3164
208 121 342 170 1202
733 126 1217 174 ANNOTATIONES.

321 236 420 288 Pag.
451 237 556 283 221,
588 236 631 278 7.
696 236 780 275 Τοῦ
801 231 846 275 δὲ
869 228 1052 285 ἐπιόντος
1079 234 1219 290 ἔαρος]
1249 235 1333 276 Sub
1361 249 1467 277 anno
1489 237 1610 282 1305.
1641 235 1749 277 Hist.

204 291 395 333 Franco-
375 292 575 343 -Byzant.
597 291 675 333 lib.
695 290 764 334 VI.
787 305 827 331 ιι.
847 293 919 335 30
946 296 1015 336 31-
1073 307 1248 333 nummo.

322 351 662 402 Pag.221,13.
723 346 814 390 Aac?
835 346 882 391 vo*
913 353 988 403 τῆς
1017 346 1162 419 οἷρετῆς
1188 350 1363 406 μέγεθος
1390 355 1467 394 τοῦ
1494 354 1567 406 τῆς
1595 348 1753 400 πόλεως

207 408 324 461 ἷερως
341 377 657 461 n410569266vv09
676 408 796 448 θείου
816 402 963 477 ανδρὸς
987 405 1245 462 Θεολήπτου]
1278 409 1532 463 Nicephorus
1546 408 1752 448 Chumnus

205 466 249 505 in
268 465 463 514 oratione,
493 477 596 516 quae
617 465 856 505 inscribitur
874 460 1111 517 Ἐπιτάφιος
1132 468 1190 517 εἰς
1213 465 1286 509 τόν
1307 484 1510 522 μακαριον
1542 466 1612 508 καὶ
1634 463 1754 521 οἳγιω-

205 538 339 564 τατον
346 523 642 575 μητροπολίτην
667 524 984 575 Φιλαδελφείας,
1017 520 1275 578 Θεόληπτον,
1300 532 1376 565 etc.
1411 540 1497 565 lem
1519 526 1577 565 ita
1601 530 1751 574 nmrat,

206 587 252 619 ut
272 578 552 633 Philadelphia
581 581 810 621 libeuatem
846 595 894 619 ac
922 582 1091 621 salutem
1114 584 1186 622 uni
1204 582 1430 638 Theolepto
1458 589 1664 635 acceptam
1691 596 1753 621 re-

206 639 332 689 serat,
372 637 571 677 catalanis
606 646 740 678 autem
765 652 817 678 ne
845 639 1052 679 minimam
1081 641 1245 693 quidem
1276 641 1408 682 eiusce
1435 642 1570 680 laudis
1596 646 1753 692 partem

205 696 373 736 tribuat.
434 696 584 735 Contra
610 697 880 750 Pachymeres
906 698 973 740 lib
992 697 1040 740 V.
1065 712 1155 751 cap.
1173 699 1286 738 XXI.
1312 707 1351 739 et
1369 700 1520 739 XXIII.
1550 699 1599 737 de
1619 697 1753 736 Theo-

205 755 318 808 lepto
345 754 436 794 silet
465 754 651 807 omnin03
682 755 899 806 Rogerium
927 762 966 794 et
996 756 1206 796 Catalanos
1229 756 1532 811 Philadelphiae
1561 755 1753 795 liberato-

205 826 272 852 res
302 812 412 851 solos
448 820 658 853 memorat.
715 813 777 853 En
814 813 903 866 ipsa
935 813 1159 867 Nicephori
1192 814 1365 854 Chumni
1401 815 1528 855 verba
1566 828 1618 854 ex
1652 814 1749 855 Cod-

206 872 304 923 Reg.
332 868 458 914 2964.
485 870 557 909 sol.
589 870 686 916 240.
762 872 831 919 Τίς
861 867 938 912 οὐκ
974 868 1060 913 οἶδε
1097 869 1174 925 τήν
1209 876 1287 914 τοῦ
1318 872 1576 924 Φιλαδέλφου
1605 868 1749 913 πόλιν·

209 945 265 977 ως
295 926 367 982 μὲν
390 927 628 996 περιφανής
659 925 761 982 αύτη
790 928 860 969 καὶ
890 925 1041 984 μεγοῖλη
1070 929 1140 971 καὶ
1169 927 1355 999 λαμπρα·
1395 946 1451 978 ως
1481 928 1525 971 δὲ
1554 928 1622 971 καὶ
1653 925 1751 982 μετὰ

205 1002 282 1040 την
310 981 476 1040 πρώτην
504 985 573 1028 καὶ
596 990 682 1028 τῶν
710 982 880 1028 ἁπασων
908 1001 1141 1057 κρατουσαν
1170 985 1321 1042 πρώτη.
1363 984 1514 1041 ταύτης
1540 985 1586 1029 τὸ
1617 983 1752 1028 κάλλι-

207 1057 303 1085 στον
335 1043 408 1085 καὶ
435 1043 559 1085 πλέον
590 1045 648 1094 εἰς
675 1048 842 1098 θαῦμα,
882 1043 932 1086 τὰ
962 1061 1045 1086 των
1076 1043 1344 1088 ἐνοικούντων
1373 1043 1609 1099 ἀνθρώπων
1639 1041 1751 1085 οἷπεί-

207 1117 294 1157 ρων
325 1098 435 1143 οσων
463 1097 634 1169 πλήθη,
673 1105 826 1156 πολλῆς
865 1101 940 1157 μὲν
968 1099 1119 1157 ταύτης
1147 1109 1232 1154 τοῖς
1261 1105 1403 1176 τείχεσι
1431 1103 1500 1144 καὶ
1528 1106 1583 1160 τῷ
1613 1099 1750 1143 κύκλω

206 1159 275 1201 καὶ
307 1156 360 1212 δή
388 1174 433 1214 γε
468 1157 663 1232 μεγάλης
682 1158 832 1213 οὔσης,
882 1164 1044 1203 πολλῶν
1075 1160 1119 1203 δὲ
1147 1178 1217 1203 και
1253 1160 1411 1204 τούτων
1439 1161 1509 1203 καὶ
1541 1162 1751 1213 πλησμίως

206 1214 420 1289 γεμούσης.
467 1234 570 1271 αυτη
600 1217 669 1259 καὶ
698 1216 826 1260 πολλοὶ
857 1217 930 1272 μέν
968 1219 1049 1260 ἐστι
1086 1219 1155 1261 καὶ
1186 1217 1358 1270 ἄφθονα
1385 1222 1641 1291 γεωργοῧσα,
1681 1217 1751 1258 καὶ

207 1273 448 1330 οἷποχρωντα
477 1280 563 1326 τοῖς
591 1272 773 1329 πλήθεσι
811 1275 882 1317 καὶ
920 1272 1122 1331 αὕταρκη’
1167 1274 1218 1319 οὕ
1249 1293 1332 1331 μην
1373 1272 1417 1318 δ’
1447 1275 1549 1318 ὥστε
1577 1276 1645 1318 καὶ
1674 1277 1750 1316 τοῦ

206 1336 568 1404 καρποφοροῦντος
601 1334 793 1375 ἐνιαυτοῦ
827 1333 897 1375 καὶ
926 1335 1188 1388 παρέχοντος,
1229 1335 1271 1384 ἐς
1299 1334 1427 1377 νέωτα
1457 1335 1559 1388 ε’χειν
1587 1329 1750 1389 περιττοὶ

207 1388 506 1442 ἀποτίθεσθαι,
538 1389 658 1432 ἷκανα
678 1389 742 1460 δη
767 1392 837 1433 καὶ
865 1395 990 1432 ταῦτα
1019 1394 1208 1461 ἐπαρκεῖν
1237 1393 1308 1434 καὶ
1337 1394 1525 1463 βοηθεῖν,
1556 1393 1596 1434 εἴ
1620 1408 1679 1440 τις
1709 1391 1749 1441 ἐξ

193 1446 587 1518 Ιοἰφορίας’ἧὲτέρου
616 1445 770 1504 τρόπου
803 1449 934 1491 ἔνδεια
964 1448 1234 1519 ἐπιχωριᾶσει.
1266 1450 1336 1492 καὶ
1366 1447 1454 1492 ov’6’
1483 1451 1527 1492 ἐκ
1555 1447 1748 1505 γειτόνων

209 1507 289 1550 ε’στι
317 1509 369 1564 τῇ
396 1503 602 1564 θαλαττη,
649 1524 704 1556 ως
736 1507 776 1557 ἐξ
814 1504 940 1560 αὐτῆς
955 1505 1236 1583 χορηγούσης
1265 1508 1335 1550 καὶ
1371 1505 1619 1562 ποριζούσης
1652 1510 1750 1562 βοη-

206 1570 392 1607 θεῖσθαι
431 1562 505 1606 ἄλλ
550 1566 608 1614 εἰς
634 1562 850 1634 μεσόγαιον
880 1563 1099 1608 οἷνώκισται
1127 1564 1291 1621 πόρῤω·
1331 1567 1401 1608 καί
1428 1563 1469 1620 γ’
1498 1567 1542 1609 ἐκ
1570 1569 1651 1607 τῶν
1679 1581 1749 1606 πε-

207 1624 374 1678 ριοίκων
402 1624 534 1695 χρείας
574 1620 813 1678 ἐπειγούσης
842 1610 947 1678 ι’σχεί
959 1641 1046 1697 ,mv
1074 1626 1314 1696 θεραπείαν
1361 1621 1487 1682 ταύτῃ
1517 1640 1580 1666 τοι
1607 1621 1747 1681 ταύτη,

206 1685 289 1723 τῶν
317 1679 523 1752 ημετέρων
553 1680 861 1736 στρατευμάτων
880 1683 924 1724 ἐν
954 1681 1087 1733 ἄλλοις
1103 1680 1424 1737 ασχολουμένων,
1455 1683 1498 1724 οἵ
1521 1685 1748 1738 γειτονοῦν-

206 1756 271 1789 τες
301 1736 458 1793 ἀσεβεῖς
486 1737 732 1808 τηρήσαντες
760 1737 833 1781 τόν
860 1739 1006 1795 καιρόν
1029 1741 1221 1783 ἐπέθεντο
1244 1739 1341 1795 μετοὶ
1361 1737 1535 1811 μεγαλης
1555 1739 1623 1781 καὶ
1641 1740 1749 1781 πλεί-

208 1810 304 1851 στης
331 1794 428 1850 όσης
465 1801 538 1851 τῆς
579 1794 738 1852 ἰσχύος,
779 1796 969 1851 βαλόντες
1005 1815 1160 1872 χαρακα
1194 1798 1286 1853 περι
1327 1815 1480 1866 αυτην,
1516 1797 1586 1839 καὶ
1621 1793 1747 1869 ταύτῃ

206 1856 582 1926 προσκαθίσαντες,
626 1856 670 1897 ἐκ
703 1858 939 1909 πολιορκίας
976 1856 1051 1911 μὲν
1080 1857 1148 1899 καὶ
1183 1856 1381 1910 πολέμου,
1428 1853 1551 1898 ου’δέν
1580 1871 1617 1896 τι
1648 1854 1748 1910 μέγα

207 1913 278 1955 καὶ
306 1910 492 1967 λαμπρόν
521 1915 748 1982 νομίζοντες
788 1910 974 1965 α’νύσειν,
1013 1913 1346 1985 παραστησεσθαι
1384 1912 1428 1955 δὲ
1457 1917 1513 1954 τῶ
1544 1916 1646 1968 λιμῷ
1663 1912 1747 1954 το“ν

208 1968 355 2040 τρόπον
384 1987 531 2013 τουτον
570 1972 640 2013 καὶ
668 1967 818 2025 ταύτης
851 1976 1068 2033 κρατῆσαι·
1102 1972 1172 2014 καὶ
1203 1969 1254 2026 δη
1284 1969 1329 2014 τὸ
1360 1970 1434 2025 μὲν
1462 1972 1649 2024 ἰ’σχυσαν,
1680 1967 1747 2013 τὸν

208 2026 349 2081 λιμόν·
396 2032 471 2069 τοῦ
500 2028 544 2070 δέ
571 2045 617 2099 γε
652 2028 957 2101 περιγενέσθαι,
997 2047 1052 2084 ην
1082 2027 1219 2079 αύτοῑς
1247 2028 1517 2083 διηνυσμένον
1545 2045 1646 2069 κατα
1674 2025 1747 2077 τοὶς

208 2086 373 2134 ἐλπίδας
402 2083 535 2127 οὐδέν.
566 2085 650 2129 τότε
680 2084 731 2140 δὴ
762 2084 850 2129 τότε
878 2087 948 2130 καὶ
979 2087 1004 2130 6
1032 2088 1154 2144 μέγας
1183 2088 1336 2136 ἐκεῖνος
1347 2085 1440 2158 τη“ν
1471 2083 1743 2141 συμπαθειαν,

208 2160 277 2185 και
311 2141 439 2193 πολύς
479 2142 552 2197 μὲν
589 2143 661 2187 τὸν
691 2145 826 2196 ε’λεον,
867 2143 996 2195 πολυς
1036 2145 1079 2187 δὲ
1109 2146 1178 2188 καὶ
1205 2161 1280 2199 την
1313 2141 1628 2216 εύσπλαγχνίαν,
1671 2145 1746 2184 τοῦ

209 2204 313 2243 λαοῦ
339 2205 677 2252 κακοπαθοῦντος
704 2202 775 2244 καὶ
803 2206 855 2260 τῇ
882 2205 1002 2260 πείνη
1032 2220 1276 2258 καμνοντος,
1308 2199 1431 2252 αὐτὸς
1459 2200 1558 2257 κατρὲ
1588 2204 1663 2248 τοῦ
1691 2205 1745 2242 λι-

210 2262 294 2313 μοῦ
331 2258 619 2332 ἐξανίσταται,
652 2264 783 2314 χεῖρας
825 2244 980 2311 ἐκείνας
1022 2260 1096 2312 τὰς
1137 2259 1249 2316 ἱεράς
1286 2259 1356 2302 καὶ
1392 2276 1477 2301 των
1499 2259 1745 2329 μυστηρίων

207 2316 452 2386 ὑπηρέτιδας
480 2317 550 2358 καὶ
578 2316 842 2371 οἰκονόμους,
887 2320 946 2370 εἷς
974 2315 1173 2389 αλεύρων
1184 2319 1362 2367 ἐκτείνας
1397 2314 1635 2385 φυράματα,
1676 2315 1746 2357 καὶ

207 2379 334 2417 ταῦτα
361 2370 526 2424 ταύταις
554 2375 756 2444 ἐνζυμῶν,
787 2376 856 2417 καὶ
884 2374 1028 2427 καινός
1057 2394 1117 2426 τις
1147 2373 1363 2446 αρτοποιὸς
1390 2371 1647 2443 γιγνόμενος,
1675 2372 1746 2414 καὶ

207 2435 364 2488 χυτρῶν
393 2429 707 2487 ἐπιμελούμενος
735 2434 803 2475 καὶ
833 2431 1035 2490 λεβήτων,
1077 2434 1146 2476 καὶ
1183 2431 1311 2487 πυρός
1341 2429 1648 2491 ἐμφορούμενος
1675 2430 1745 2472 καὶ

208 2507 380 2532 καπνου.
425 2488 510 2532 εἶτα
537 2491 596 2542 τί,
631 2496 717 2540 ταῖς
747 2488 889 2542 αὐταῖς
916 2492 1051 2548 χερσὶν
1086 2491 1154 2542 ἐπι
1178 2491 1380 2561 τρυβλίων
1408 2506 1540 2532 κενων
1569 2505 1646 2543 ην,
1675 2487 1744 2529 καὶ

208 2565 259 2589 τα
288 2547 520 2590 κενωθέντα
555 2546 776 2618 λαμβανων
807 2551 864 2599 εἷς
901 2555 1055 2621 χεῖρας,
1095 2550 1140 2593 ἐν
1178 2545 1322 2597 αὐταῖς
1357 2547 1427 2590 καὶ
1461 2564 1557 2596 τους
1584 2562 1743 2601 αρτους,

208 2603 496 2659 ἐπεισρεόντων
525 2602 636 2662 αύτῷ
663 2610 746 2647 τῶν
775 2606 818 2649 ἐκ
846 2611 921 2650 τοῦ
949 2611 1070 2662 λιμοῦ
1099 2605 1430 2660 συνωθισμένων,
1461 2605 1503 2648 ἐκ
1523 2608 1668 2659 χειρῶν
1687 2604 1744 2652 εἰς

207 2668 343 2718 χεῖρας
372 2663 577 2717 ἐνέβαλλε,
605 2680 687 2705 των
718 2665 855 2718 ἰδίων,
884 2682 956 2716 τας
984 2667 1171 2715 ἐκείνων,
1204 2667 1356 2718 μᾶλλον
1385 2662 1429 2705 δὲ
1457 2679 1527 2712 τας
1555 2665 1629 2704 τοῦ
1649 2664 1744 2714 Χρι-

208 2725 330 2773 στου,
359 2719 604 2775 θεραπεύων
631 2737 712 2762 καν
740 2720 868 2790 τούτῳ
897 2722 942 2766 τὸ
969 2721 1106 2772 πάθος
1136 2722 1206 2764 καὶ
1241 2722 1448 2775 κουφίζων
1482 2736 1558 2791 την
1588 2732 1742 2778 συμφο-

208 2775 301 2832 ριέν-
332 2794 480 2821 τουτον
509 2777 561 2833 δή
591 2777 664 2822 τόν
691 2776 868 2851 τρόπον,
906 2785 980 2850 τῆς
1009 2777 1161 2829 πόλεως
1190 2775 1400 2850 αμφότερα
1430 2776 1647 2833 γενόμενος
1674 2778 1741 2829 ἠν,

207 2836 276 2878 καὶ
314 2852 492 2892 τροφευς
529 2837 599 2880 καὶ
625 2852 784 2895 πατηρ,
826 2854 896 2881 και
924 2835 970 2883 τό
1000 2854 1044 2896 γε
1073 2842 1235 2895 πρῶτον
1274 2833 1502 2894 ἀρχιερεὺς,
1542 2835 1614 2878 καὶ
1641 2835 1744 2888 δῆτα
