1754 3164
532 147 1013 195 ANNOTATIONES.
1420 144 1554 195 1223

126 260 224 312 Pag.
252 257 359 309 278,
390 254 458 301 15.
493 249 722 310 Ἀνωτέρω]
751 254 858 297 Vide
877 254 950 300 lib.
961 254 1012 297 V.
1037 269 1126 310 cap.
1146 255 1246 299 VII..
1269 262 1368 299 sect.
1386 256 1426 301 4.
1450 264 1492 299 et
1512 259 1551 303 5.

7 328 164 356 nomm.

125 375 224 427 Pag-
253 373 362 421 278,
398 373 464 415 18.
482 367 698 424 ’Έφαμεν]
728 370 859 410 Huius
882 371 978 410 libri
1003 385 1092 424 cap.
1113 370 1197 411 VII.
1215 377 1301 411 sect
1325 374 1362 414 1.
1391 386 1549 414 notvm.

123 433 220 484 Peg.
253 431 360 480 278,
392 432 459 472 19.
499 423 564 477 Ἐς
595 425 787 482 Ἰωάννην
814 429 1003 482 ἔσχατον]
1045 427 1148 470 Vide
1176 435 1346 469 stemma
1374 429 1551 483 Angelo-

4 501 98 528 rum
122 501 213 540 pag.
234 488 334 529 210.
391 499 568 526 numne.

124 548 221 598 Pag.
245 545 355 593 279,
389 547 455 586 11.
518 546 608 584 Τῶν
641 539 917 596 φθασάντων]
947 543 1009 583 An
1047 542 1356 595 intelligendum
1388 543 1468 584 hoc
1499 545 1551 587 de

3 602 174 652 litteris,
209 614 312 655 quae
337 600 507 641 fortasse
528 601 578 640 ab
599 601 840 654 imperatore
862 607 955 641 ante
978 601 1083 640 illud
1100 607 1261 654 tempus
1292 601 1436 642 missae
1465 603 1552 644 fue-

3 661 118 701 rint?
176 671 336 699 nonas.

120 720 218 771 Pag.
249 719 354 763 279,
386 718 455 758 12.
512 710 627 756 Ἀλλοὲ
651 719 777 757 ταῦτα
797 713 896 769 μὲν]
927 715 1028 754 Inde
1055 715 1198 768 incipit
1233 716 1305 757 lib.
1334 716 1435 758 VIII.
1466 732 1548 758 non

3 775 133 815 solum
153 775 194 814 in
215 773 367 812 Codice*
392 773 538 824 Regio,
573 773 645 812 sed
667 780 708 813 et
735 774 778 812 in
796 774 1014 825 Vaticano,
1043 780 1091 813 ut
1115 774 1254 827 accepi
1274 788 1325 814 ex
1347 774 1407 816 Cl.
1428 776 1548 816 Rost-

2 833 179 886 gaardio.
236 843 392 871 1³01vm.

119 893 217 943 Pag.
246 891 353 938 283,
383 890 424 931 8.
483 882 694 944 Συνεζύγη
728 887 879 945 Θωμᾷ]
910 887 1090 928 Thomae
1122 888 1276 941 Angelo
1303 889 1436 928 Ducae
1469 890 1546 929 Co·-

1 961 145 987 mneno
156 977 168 997 ‚
197 944 419 998 Nicephori
432 945 630 998 Despotae
651 958 703 984 ex
722 946 845 985 altera
865 960 992 986 uxore
1014 947 1131 985 Anna
1152 946 1429 998 Palaeologina
1445 946 1543 987 filio.

0 1005 240 1057 Pachymer.
262 1003 333 1042 lib.
353 1003 425 1042 IX.
448 1016 538 1057 cap.
558 1003 597 1046 4.
627 1003 730 1043 Vide
751 1009 917 1043 stemma
939 1003 1127 1055 Angelor.
1150 1003 1193 1043 in
1212 1004 1352 1043 Famil.
1375 1005 1543 1058 Byzant.

0 1076 41 1116 p.
62 1067 161 1105 210.
219 1074 397 1104 nucum.

117 1121 347 1172 pag-⁴283,
377 1120 418 1160 9·
479 1119 627 1170 Θωμᾶς
647 1116 673 1160 ὅ
693 1117 851 1160 ἐκείνου
881 1112 1129 1169 οἷδελφιδοῦς
1156 1113 1340 1171 Κόντος]
1375 1118 1544 1160 Conium

1 1183 42 1216 et
60 1176 127 1216 hic
147 1177 271 1215 vertit
297 1178 517 1227 interpres:
553 1173 741 1215 Comitem
765 1175 1033 1227 reposuimus.
1093 1175 1269 1215 Thomas
1290 1176 1442 1230 quippe
1470 1191 1544 1216 no-

0 1234 92 1274 bilis
119 1235 259 1273 Gallus
279 1234 420 1272 Comes
443 1232 707 1286 cephaleniae
728 1239 768 1272 et
791 1232 990 1287 Zacynthi
1017 1239 1122 1284 erat,
1152 1233 1259 1274 filius
1279 1234 1441 1273 Ioannis
1463 1235 1544 1274 Do-

0 1293 97 1331 mini
114 1290 312 1345 Zacynthi
340 1291 517 1336 insulae.
555 1291 621 1329 cui
649 1291 811 1343 quidem
839 1291 979 1330 Ioanni
1007 1290 1126 1330 ducta
1156 1291 1199 1330 in
1223 1306 1391 1331 uxorem
1413 1292 1542 1332 Maria

0 1351 222 1400 Comnena‚
271 1347 496 1402 Nicephori
529 1347 670 1399 Angeli
700 1349 879 1388 Aetoliae
916 1348 1114 1401 principis
1150 1347 1258 1400 filia,
1299 1349 1542 1402 Cephalenia

0 1407 129 1446 insula
152 1408 195 1446 in
216 1406 354 1446 dotem
383 1419 573 1445 concessa
596 1407 730 1445 fuerat
756 1420 778 1444 a
808 1419 973 1456 socer0‚
1014 1411 1107 1458 post
1136 1406 1252 1446 cuius
1276 1407 1430 1447 obitum
1452 1414 1540 1448 orta

0 1465 49 1504 de
77 1465 162 1504 eius
190 1463 444 1504 successione
473 1463 747 1502 controversia
774 1463 879 1503 inter
908 1463 1093 1502 [oannem
1120 1470 1160 1502 et
1186 1462 1380 1504 Thomam
1409 1464 1541 1517 Ange-

0 1521 81 1561 lum
102 1523 326 1575 'Despotam
363 1520 507 1560 uxoris
541 1521 727 1570 fratrem,
767 1520 940 1559 Thomas
966 1535 987 1558 a
1019 1521 1164 1559 Ioanne
1196 1522 1436 1562 interfectus
1464 1529 1539 1574 est,

0 1594 102 1619 anno
125 1582 247 1623 1318.
304 1579 366 1617 Ita
389 1584 547 1618 exserte
565 1579 734 1617 Ioannes
758 1578 888 1617 XXII.
919 1578 1028 1630 Papa
1046 1577 1088 1617 in
1112 1578 1305 1631 epistolis,
1335 1594 1416 1619 non
1438 1593 1537 1620 vero

0 1652 21 1686 a
40 1637 193 1676 Thoma
223 1636 384 1675 Ioannis
414 1635 520 1686 filio,
551 1636 611 1674 uti
644 1634 711 1674 hic
740 1641 878 1675 narrat
909 1635 1121 1687 Gregoras‚
1151 1641 1191 1673 et
1219 1649 1308 1689 cap.
1336 1640 1374 1680 6.
1431 1636 1538 1678 Vide

0 1695 100 1734 Hist.
125 1695 280 1734 Franco
298 1717 319 1724 -
341 1693 509 1746 Byzant.
534 1693 604 1734 lib.
630 1693 696 1735 VI.
718 1707 757 1735 n.
780 1697 851 1736 27.
880 1706 1050 1733 numne.
1112 1689 1326 1743 Φονεύσας
1357 1694 1535 1749 Θωμᾶν]

0 1754 173 1806 Θωμᾶν,
204 1766 286 1790 non
313 1753 481 1804 Θωμᾶς,
512 1756 556 1790 ut
577 1756 693 1789 antea
712 1751 930 1802 legebatur.
972 1753 1103 1802 Atque
1127 1750 1183 1789 ita
1203 1751 1345 1791 Codex
1363 1752 1534 1803 Regius:

0 1811 52 1849 ita
81 1810 198 1849 etiam
227 1808 517 1859 Ottobonicu33
546 1815 657 1847 reete
684 1815 879 1860 uterque:
910 1807 987 1846 nisi
1019 1814 1152 1847 tamen
1177 1808 1354 1860 legamus
1383 1806 1535 1861 φονεύ-

0 1881 70 1916 σας
99 1869 252 1920 Θωμᾶν
272 1869 433 1919 Θωμᾶς,
466 1866 669 1919 quomodo
690 1865 857 1904 Wolfius
881 1864 1045 1904 videtur
1066 1866 1221 1917 legisse,
1251 1879 1343 1905 cum
1365 1866 1425 1906 sic
1445 1881 1534 1907 ver-

0 1924 112 1976 terit,
143 1940 309 1980 quarum
334 1922 410 1964 illa
427 1924 600 1977 primum
632 1921 804 1962 Thomae
819 1921 934 1977 Epiri
952 1932 988 1961 et
1005 1921 1195 1962 Aetoliae
1217 1924 1414 1977 principi,
1442 1934 1534 1977 post

0 1980 124 2023 Conio
150 1981 351 2034 Thomae,
382 1979 497 2020 huius
519 1980 654 2035 nepoti
673 1989 708 2019 et
722 1981 947 2034 percussori
968 1981 1111 2034 nupsit.
1142 1979 1246 2021 Vide
1267 1987 1308 2021 et
1326 1981 1398 2021 lib.
1417 1983 1532 2023 Xffl.

0 2040 99 2079 infra
119 2053 209 2092 cap.
228 2039 299 2078 VI.
354 2052 505 2080 Botvm.

112 2100 208 2150 Pag.
237 2095 348 2148 284,
381 2099 418 2148 1.
474 2091 585 2136 Ἐπεὶ
610 2091 654 2135 δὲ
675 2093 742 2136 καὶ
769 2093 809 2143 ἐς
838 2091 907 2136 τὸν
932 2093 1113 2148 ἔφηβον]
1142 2095 1386 2135 Solutiorem
1418 2097 1531 2136 eius-

0 2153 86 2194 dem
108 2154 332 2194 Andronici
355 2153 528 2193 iunioris
549 2152 714 2191 vivendi
732 2152 927 2192 rationem
960 2153 1067 2192 inter
1090 2166 1229 2192 causas
1257 2153 1412 2193 dissidii
1437 2168 1529 2194 cum

0 2219 110 2265 patre
130 2213 248 2251 etiam
268 2217 465 2251 memorat
485 2211 783 2249 Cantacuzenus
802 2209 874 2251 lib.
897 2210 926 2248 I.
951 2224 1039 2263 cap.
1065 2210 1106 2254 5.
1167 2224 1347 2253 numne.

110 2272 205 2323 Pag.
235 2269 341 2318 284,
372 2271 413 2312 3.
472 2266 557 2309 Καὶ
596 2269 781 2320 ζητοῦσιν
820 2267 1057 2323 ἐλευθερίαν
1094 2267 1223 2323 μηδὲν
1252 2268 1365 2321 ἐπιφ.
1393 2270 1526 2310 κεκολ.

0 2325 64 2367 καὶ
92 2323 184 2380 μάλ.
215 2326 260 2368 ἐν
289 2323 348 2377 ἐξ.
379 2325 499 2380 βασ.]
538 2324 628 2364 Hoc
656 2325 748 2364 loco
783 2324 948 2364 wolfius
976 2332 1047 2366 aut
1085 2340 1167 2366 non
1204 2332 1411 2367 assecutus
1443 2330 1528 2364 erat

0 2390 166 2437 mentem
197 2384 397 2434 auctoris,
429 2390 500 2423 aut
525 2382 753 2436 exprimere
778 2383 1020 2435 neglexerat.
1076 2397 1231 2425 1³01vm.

20 2457 22 2459 ·
106 2445 200 2495 Pag.
229 2443 335 2492 285,
367 2445 434 2486 18.
489 2437 558 2482 Ἐν
589 2443 664 2497 μιᾷ
701 2439 866 2493 τοίνυν]
926 2440 1140 2484 Cantacuz.
1186 2440 1257 2481 lib.
1291 2439 1323 2479 Ῑ.
1364 2452 1450 2491 cap.
1483 2441 1523 2481 1.

0 2496 193 2539 Phranzes
217 2499 289 2540 lib.
313 2500 344 2539 I.
369 2513 460 2552 cap.
490 2502 559 2542 10.
616 2511 786 2538 numne.

109 2559 204 2611 Pag.
234 2559 340 2604 286,
370 2560 411 2599 2.
445 2551 637 2609 Φορᾶὃην
657 2554 698 2604 ἐς
715 2552 765 2595 τοὶ
785 2554 967 2607 βασίλεια
985 2553 1156 2611 φέρουσι
1177 2555 1307 2603 ζῶντα
1324 2550 1393 2592 καὶ
1414 2547 1524 2604 μάλα

0 2610 126 2662 πόλις]
159 2617 286 2662 ζῶντα
316 2609 423 2666 μάλα
449 2610 582 2666 μόλις,
611 2626 692 2651 non
720 2618 852 2651 autem
882 2611 1053 2667 φέρουσι
1082 2609 1188 2666 μάλα
1210 2606 1348 2664 saihs.-
1377 2606 1522 2648 Wolfio

0 2676 220 2724 utrumque.
248 2670 434 2711 Verterat
454 2670 626 2724 quippe,
656 2669 898 2709 semianimis
914 2671 958 2709 in
982 2668 1182 2725 palatium
1201 2681 1314 2721 aegre
1333 2663 1522 2722 ἄροσιν.

0 2741 140 2769 murm.

106 2788 208 2839 Peg-¹
230 2786 338 2834 286,
369 2788 435 2828 11.
493 2779 606 2826 Μετ’
630 2779 680 2825 οὐ
708 2779 838 2836 πολύ]
869 2783 939 2824 IV.
975 2784 1036 2825 Id.
1070 2780 1235 2823 Octobr.
1264 2792 1369 2818 anno
1406 2778 1518 2820 iuxta

0 2841 168 2883 Graecos
191 2841 258 2884 VI.
280 2842 608 2883 MDCCCXXIX.
635 2841 728 2882 Chr.
751 2843 873 2886 1320.
896 2842 1108 2882 Cantacuz.
1163 2850 1340 2879 nucum.
