1754 3164
591 65 1075 143 'ANNOTATIONES
1457 97 1585 144 1231

58 200 215 253 epilogo
256 201 306 240 ad
343 215 532 255 praesens
571 203 799 243 institutum
841 202 1174 254 accommodatis,
1220 209 1347 245 totam
1386 206 1470 247 fere
1508 207 1590 249 huc

56 259 271 298 transtulit.
331 259 375 298 In
417 261 489 299 illo
527 261 677 300 Codice
709 262 901 300 Vaticano
939 262 1190 329 prooemium
1222 270 1306 309 est,
1349 260 1491 335 gfff&
1521 282 1590 319 μοι

56 318 174 367 φίλος
210 313 250 358 εἴ
281 333 364 358 των
403 315 537 368 πάνυ,
577 317 647 359 καὶ
685 334 840 360 καινων
877 314 1144 377 ακροαμοὶτων
1182 318 1368 386 ἕραστης,
1407 319 1589 365 ἄκουσον
1645 328 1647 330 ’

55 369 123 413 οἷά
155 389 224 426 μοι
253 373 483 428 ξυνηνέχθη
521 390 596 429 την
633 372 848 430 πρότριτα,
889 376 959 416 καὶ
997 370 1123 425 αὖθις
1164 372 1232 418 οἷα
1263 393 1332 430 μοι
1371 377 1446 433 τήν
1475 379 1586 432 χθές.

53 433 134 470 τῶν
171 428 247 486 γὰρ
286 429 390 473 καθ’
418 431 527 485 ἡμᾶς
566 436 708 484 σοφῶν
743 434 946 482 πλείστοις
984 428 1109 482 αύτὸς
1147 433 1191 475 έν
1229 431 1366 488 ταῦτῳ
1401 433 1589 491 πρότριτα

53 487 347 540 ξυντετυχηκώς
375 488 419 530 έν
447 491 500 544 τῇ
527 488 625 538 τέως
653 486 891 559 πανηγύρει,
919 486 1137 563 πρόβλημα
1164 488 1208 533 τὸ
1224 495 1298 532 τοῦ
1315 478 1462 546 Πάσχα
1484 507 1587 550 σφα-

51 542 169 598 λερόν
199 541 268 586 ἐπ’
298 561 434 586 αυτων
464 530 714 601 ἐποιούμην,
757 544 946 601 οἰόμενος
983 546 1110 590 πολλοὶ
1149 547 1220 590 καὶ
1246 547 1349 591 καλα
1378 543 1586 605 ἐπισταμέ-

52 617 152 651 νους
189 599 375 658 ευρήσειν
414 619 462 660 τη
502 605 614 661 χρεία
635 603 924 674 προσήκοντα.
974 598 1076 646 ἆλλοὶ
1113 607 1154 647 τί
1191 622 1243 646 αν
1274 620 1339 648 σοι
1369 608 1586 662 διηγοίμην

51 658 248 712 βέλτιστε;
291 660 334 701 οἵ
368 657 442 713 μὲν
476 677 552 715 γαρ
593 678 729 703 αυτων
757 659 951 704 τοσούτου
984 663 1070 704 δεῖν
1098 660 1289 713 εξετάζειν
1317 663 1485 706 τοιαῦτά
1515 683 1584 720 μοι

51 716 216 768 ε’δοξαν,
246 731 346 758 οσον
374 717 445 758 καὶ
474 719 519 758 αἱ
544 734 722 772 κορωναι
750 717 800 760 w?
823 723 897 774 γῆς
927 718 1117 772 μέταλλα,
1149 716 1181 786 ἢ
1206 718 1273 762 τὸν
1300 720 1517 765 Πακτωλὸν
1548 724 1587 765 εἶ

49 777 199 828 χρυσοῦ
223 775 417 829 καταρρεῑ
440 771 647 845 ψήγματα.
680 773 779 818 ὥστε
808 777 877 818 καὶ
910 773 1040 826 οὕτως
1069 773 1300 830 ἐχλεύαζον,
1342 777 1472 821 πολύν
1502 797 1581 834 μου

47 830 304 884 καταχέοντες
334 835 538 903 μυκτῆρα,
586 830 719 886 ω’σπερ
756 830 808 875 ἂν
839 834 876 875 εἰ
908 837 1084 888 πολυετῆ
1121 832 1333 876 καταλύων
1369 834 1450 889 ήδη
1481 835 1579 878 πλα-

47 904 151 940 νην,
197 885 322 930 ἔπειτ’
359 881 622 931 Ἀτλαντίδων
649 903 790 944 νησων
816 891 886 932 καὶ
913 907 1099 961 νυμφων
1127 888 1374 933 Ὡκεανίδων
1403 894 1580 948 ἷστορίας

46 942 382 1000 προῦβαλλὸμην,
423 943 452 1000 ἢ
483 944 613 1019 μάχας
638 947 885 1018 πετομένων
897 944 1154 1002 ανθρώπων,
1191 949 1259 989 καὶ
1289 949 1579 1004 στρατοπεδεύ-

48 1017 130 1052 σεις
160 1004 389 1058 ε’ναερίους,
433 1004 502 1045 καὶ
535 1018 674 1046 στασιν
705 1002 907 1075 ου’ρανοῦ,
947 1005 1016 1046 καὶ
1044 1009 1122 1060 γῆς
1159 1007 1331 1059 δίνησιν.
1392 1006 1504 1050 ἄλλοι
1538 1006 1579 1050 6'

45 1060 86 1110 εξ
121 1062 238 1115 ἱερῶν
267 1064 437 1115 γραφῶν
467 1078 523 1110 ως
552 1062 595 1103 ἐκ
625 1062 827 1133 φαρέτρας
856 1059 1118 1112 οἷνασπωντες
1146 1063 1255 1117 βέλη,
1289 1060 1468 1114 ἔτοξευον
1504 1064 1578 1119 μὲν

44 1116 111 1159 ἐπ’
140 1117 230 1171 ἐμὲ,
271 1119 436 1187 ἔβαλλον
467 1117 511 1159 δὲ
539 1134 708 1170 αυτους,
751 1118 896 1173 ὅμοιον
925 1123 1157 1171 ποιοῦντες,
1201 1118 1334 1176 ω’σπερ
1371 1118 1423 1163 οἶν
1454 1122 1494 1163 ει’
1517 1139 1578 1172 τις

44 1178 230 1229 ποταμοῦ
248 1172 395 1244 ῥύμην
433 1176 588 1217 ἐθέλων
626 1173 914 1230 αναχαιτίζειν,
955 1177 1088 1219 ε’πειτα
1125 1179 1297 1230 βαθείας
1334 1178 1401 1220 ἐπὶ
1429 1178 1473 1220 τὸ
1504 1196 1576 1220 κα-

42 1249 181 1283 ταντες
210 1249 394 1287 ταφρους
421 1230 656 1303 ἅνωρυττεν.
685 1231 781 1276 οὐδὲ
809 1251 883 1290 γαρ
916 1231 1111 1284 sido'vsg‘
1096 1232 1191 1277 ὁποι
1208 1236 1408 1277 τείνουσιν
1429 1233 1456 1277 α’
1477 1252 1576 1291 προ-

43 1291 270 1340 τείνουσιν,
314 1288 474 1360 ὄίσημα
479 1308 571 1332 τινα
606 1291 675 1333 καὶ
705 1295 919 1346 πλημμελῆ
956 1297 1143 1363 συνεῖρον
1172 1309 1396 1361 πραγματα.
1434 1293 1504 1334 καὶ
1536 1295 1576 1335 τί

42 1349 109 1389 δεῖ
141 1348 385 1402 διατρίβεινς
424 1345 529 1390 οὕτω
566 1347 663 1398 τούς
700 1352 863 1398 πλείους
905 1347 1031 1402 ουμὸς
1071 1365 1190 1398 ουτος
1235 1346 1400 1403 έταραξε
1441 1347 1571 1405 λόγος,

43 1402 176 1458 ω’σπερ
206 1422 278 1454 τας
306 1405 490 1457 νεφέλας,
522 1403 643 1447 ὁπότε
672 1423 718 1459 μ
706 1422 768 1447 τα
799 1404 939 1460 βαθυν
964 1404 1079 1447 ύετόν
1108 1403 1235 1455 πολυς
1262 1410 1344 1448 τῶν
1373 1404 1572 1460 οἷρκτικῶν

39 1460 321 1518 καταρῤεύσειε
351 1461 376 1504 ὁ
404 1462 560 1517 βορέας,
588 1461 688 1516 πρὸς
717 1465 976 1532 μεσημβρίαν
995 1463 1064 1503 καὶ
1090 1460 1209 1505 νότον
1238 1460 1363 1513 αὐτας
1393 1461 1570 1505 διωθού-

41 1536 172 1573 μενος.
203 1520 272 1561 καὶ
303 1520 339 1561 εἰ
367 1537 422 1574 μη
454 1518 498 1561 τὰ
527 1517 694 1590 στερῤὀν
719 1524 792 1574 τῆς
822 1521 936 1592 ἐμῆς
949 1516 1167 1573 αληθείας,
1200 1521 1270 1561 καὶ
1294 1518 1338 1562 τὸ
1364 1525 1436 1590 τῆς
1466 1517 1569 1562 οἷπο-

40 1579 200 1627 δείξεως
238 1571 532 1631 αναντίρῤητον
571 1574 743 1630 ἀντεῖχε,
787 1578 858 1618 καὶ
895 1575 966 1618 τὸν
1005 1575 1135 1618 πολυν
1172 1577 1326 1618 ἐκεῖνον
1364 1574 1569 1619 α’νέστελλε

39 1638 245 1685 κυκεῶνα,
296 1634 366 1675 καὶ
394 1632 574 1687 νήνεμον
603 1651 658 1682 ως
688 1636 815 1676 εἰπεῖν
843 1632 886 1676 τὸ
915 1633 1111 1688 ήμέτερον
1139 1633 1316 1687 καθέστη
1347 1634 1423 1687 (an
1452 1634 1567 1675 κατέ-

40 1689 209 1747 στησεῗ)
236 1689 472 1763 γυμνάσιον,
504 1688 593 1744 τάχ’
626 1689 677 1732 ἂν
707 1692 820 1734 ε’νίκα
847 1689 891 1734 τὸ
922 1689 1153 1746 παραλογον
1182 1691 1310 1732 έκεῖνο
1342 1691 1567 1764 συνέδριονζ

38 1766 107 1791 και
143 1749 372 1820 ἐξεδίφρευε
407 1765 489 1811 την
521 1745 723 1818 οἷλήθειαν
760 1747 804 1791 τὸ
845 1750 1022 1801 ψεῦδος,
1071 1748 1140 1789 καὶ
1178 1751 1252 1801 τῆς
1280 1744 1502 1802 ἐπιστήμης
1537 1766 1563 1801 η

38 1805 198 1859 αμαθία
226 1804 270 1848 τὸ
296 1806 418 1848 πλέον
449 1812 540 1860 εἶχε.
589 1803 715 1862 ταύτῃ
743 1823 805 1848 τοι
834 1805 903 1847 καὶ
940 1809 1095 1873 καιροῦ
1113 1802 1355 1876 λαβόμενος,
1396 1805 1463 1848 ἐπὶ
1491 1807 1567 1846 τοῦ

38 1867 173 1916 σοφοῦ
201 1863 392 1917 βασιλέως
421 1864 462 1913 ές
486 1863 764 1918 ἐναργέστερον
795 1867 921 1917 μῆκος
949 1861 1021 1904 τόν
1048 1859 1169 1917 λόγον
1199 1859 1420 1904 ἀπέτεινον.
1464 1878 1566 1904 κατα

36 1938 114 1989 γαρ
142 1918 186 1963 τὸ
219 1920 368 1969 εἰωθός
398 1917 525 1963 ανιιὸν
554 1923 652 1989 χθὲς
678 1921 719 1970 ἐς
746 1938 823 1974 την
850 1924 925 1962 τοῦ
945 1919 1138 1974 βασιλέως
1166 1916 1456 1974 προσκύνησιν,
1485 1935 1565 1961 τοι·

38 1976 140 2035 αύτῃ
170 1978 251 2020 τινὶ
279 1978 415 2036 ὁμιλία
448 1975 728 2049 ἐντετυχηκειν.
758 1978 829 2020 καὶ
857 1995 906 2019 τα
935 1976 1008 2031 μὲν
1038 1975 1137 2018 αλλα
1164 1978 1374 2032 παρείσθω
1385 1993 1439 2044 γε
1454 1975 1563 2027 τέως,

35 2032 164 2077 πολλα
193 2051 235 2077 τε
264 2034 361 2078 όντα
390 2035 460 2077 καὶ
493 2052 542 2078 ov
571 2052 682 2077 πανυ
703 2051 766 2077 τοι
798 2032 998 2106 αναγκαῖα
1027 2051 1137 2076 πανυ
1160 2050 1222 2076 τοι
1251 2031 1447 2104 ἐθελούσῃ
1478 2047 1565 2086 σχο-

35 2090 168 2143 λαζειν
198 2089 324 2164 ακοῇ,
363 2093 505 2162 καίπερ
535 2091 634 2134 ὄντα
666 2089 836 2134 κακεῖνα
870 2090 995 2146 σεμνα
1022 2091 1091 2133 καὶ
1121 2095 1264 2142 σοφῶν
1291 2087 1430 2140 ακοαῖς
1458 2088 1562 2140 ι’ίξια.

35 2149 80 2193 τὸ
106 2147 148 2191 δ’
175 2166 251 2192 ουν
279 2154 351 2203 τῆς
380 2145 691 2221 αναγκαιοτέρας
718 2149 816 2219 ἡμῖν
845 2148 1025 2204 ὁμιλίας,
1070 2148 1139 2190 καὶ
1170 2165 1222 2201 ης
1259 2145 1312 2190 ἂν
1347 2148 1416 2190 καὶ
1445 2144 1564 2196 αυτὸς

37 2204 216 2256 ἄκου’σας
254 2206 429 2261 ἡσθείης
457 2223 506 2249 τα
533 2205 725 2277 μάλιστα,
764 2204 887 2261 λόγον
923 2208 1132 2259 κεκίνηκεν
1162 2205 1187 2248 ὁ
1213 2223 1263 2247 τα
1291 2221 1426 2247 παντα
1453 2201 1564 2246 θειό-

35 2281 149 2314 τατος
176 2262 365 2318 βασιλευς
393 2266 487 2319 περί
522 2280 567 2319 γε
596 2261 865 2337 αστρονομίας
899 2263 969 2305 καὶ
1000 2276 1185 2317 σφαιρων
1227 2259 1456 2333 ου’ρανίων,
1493 2260 1563 2301 καὶ

34 2318 236 2375 κινήσεων
264 2322 538 2391 πλανωμένων
567 2322 637 2363 καὶ
666 2319 882 2372 ἅπλανων,
926 2320 997 2362 καὶ
1025 2324 1190 2362 τοιαῦτα
1219 2318 1338 2370 α’ττα,
1373 2317 1461 2372 ἐμοὶ
1489 2334 1562 2358 κα-

34 2376 311 2433 ’θυποβάλλων
339 2377 546 2442 πρόφασιν
573 2382 649 2420 τοῦ
676 2378 816 2432 λέγειν.
846 2375 971 2420 οἶσθα
977 2394 1074 2448 γαρ
1104 2375 1148 2420 τὸ
1177 2381 1251 2418 τοῦ
1280 2374 1487 2443 βασιλέως
1499 2369 1561 2414 ευῖ

35 2435 151 2490 μενὲς
178 2434 277 2491 πρὸς
306 2435 436 2490 ημᾶς·
488 2433 612 2478 οἶσθα
643 2451 688 2490 γε
716 2433 800 2490 μὴν
836 2435 906 2478 καὶ
940 2431 988 2477 τὸ
1017 2432 1300 2490 πολύστροφον
1335 2436 1405 2485 τῆς
1434 2426 1561 2471 αυτοῦ

35 2493 232 2542 συνέσεως
259 2493 328 2534 καὶ
357 2493 588 2544 πολυειδὲς,
629 2493 700 2534 καὶ
738 2490 829 2535 οἷον
869 2493 997 2534 εἰπεῖν
1036 2493 1164 2563 λαβυρ
1168 2492 1362 2538 ινθωδες”
1407 2486 1475 2528 καὶ
1505 2486 1560 2535 ὥς

34 2548 195 2591 α’παντα
225 2551 391 2592 διοικῶν
427 2567 475 2592 τα
506 2555 579 2604 τῆς
615 2551 820 2604 βασιλείας
852 2565 1089 2621 πραγματα,
1131 2566 1185 2597 ως
1211 2550 1291 2588 τῶν
1327 2546 1368 2594 ἐξ
1399 2540 1559 2584 αἰώνων

35 2604 170 2656 ου’δεὶς
206 2607 386 2675 βέλτιον,
427 2607 536 2662 ὅμως
567 2624 642 2649 ουκ
673 2607 777 2649 εστιν
816 2603 936 2648 ουδὲν
974 2603 1066 2649 ουδ’
1095 2602 1311 2657 ἐπιστήμης
1340 2599 1467 2649 εἶδος,
1511 2616 1559 2640 ου

36 2682 90 2718 μη
122 2680 308 2731 τυγχανει
335 2664 638 2720 πεπειραμένος.
667 2664 736 2706 καὶ
765 2662 815 2717 δὴ
840 2681 909 2706 και
936 2662 1024 2705 τότε
1048 2665 1208 2705 πολλων
1236 2660 1308 2714 μὲν
1332 2657 1400 2699 καὶ
1429 2655 1560 2698 ἄλλων

33 2717 249 2791 παρόντων
279 2726 551 2791 συγκλητικων
579 2738 621 2764 τε
649 2722 719 2763 καὶ
747 2721 965 2792 ἐλλογίμων
996 2717 1179 2790 ἀνδρῶν,
1209 2718 1307 2771 μηδε
1309 2713 1376 2764 νὸς
1397 2712 1439 2754 δὲ
1463 2729 1561 2765 προς

34 2775 305 2833 αστρονομίαν
334 2777 578 2833 πεφυκότος·
627 2776 739 2832 ἀπῆν
781 2776 856 2835 γαρ
894 2781 1114 2832 τηνικαῦτα
1143 2775 1167 2817 ὁ
1196 2773 1373 2828 μέγιστος
1401 2768 1559 2826 ἦγὲμων
