1754 3164
166 148 297 197 1346

206 262 266 297 51.
301 264 402 307 1225,
424 261 482 299 40.
518 266 621 309 1235,
659 269 689 303 1.
724 270 829 312 1238,
862 273 914 307 19.

208 307 312 352 1247,
324 310 382 346 40.
408 313 508 355 1262,
528 315 583 348 17.
612 314 715 358 1277,
737 315 793 352 41.
812 318 915 360 1278,

206 356 265 392 33.
300 358 402 399 1286,
438 359 495 394 33.
531 361 634 402 1288,
666 364 699 399 5.
741 363 917 411 Ducangii

205 403 397 446 Glossaria‚
422 405 576 442 Historia
599 408 762 445 Franco·
774 412 916 458 Byzan-

206 448 298 491 tina,
341 450 656 500 Constantinopolis
699 457 914 504 Christiana,

205 495 342 542 aliaque
366 510 475 545 opera
484 526 495 543 ,
519 502 653 546 passim.

158 554 272 590 Ducas
291 555 473 603 (Ioannes)
485 559 674 596 Theodoro
691 573 812 598 socero
833 577 914 601 suc-

204 602 299 637 cedit
315 601 372 646 24,
383 606 418 640 2.
443 607 564 651 generi
581 620 655 643 cum
675 622 796 645 socero
821 625 913 648 com-

203 650 344 694 paratio
375 650 433 692 24,
470 655 529 690 12.
571 655 711 692 classem
751 658 911 706 instrum

204 695 330 731 insulas
364 699 467 734 maris
510 702 640 747 Aegaei
681 708 716 739 et
751 706 912 747 Rhodum

203 749 371 789 occupatt
393 744 429 780 iu
454 747 632 795 Europam
655 754 797 790 transit:
823 759 913 793 mul-

202 789 248 824 tis
273 791 413 827 urbibus
439 795 571 837 potitur
595 798 662 841 28,
694 800 753 836 20.
789 814 912 850 pacem

202 835 269 870 init
306 850 386 874 cum
427 840 606 887 Bulgarist
646 848 766 883 Asanis
809 852 915 888 filiam

202 883 276 918 filio
307 897 370 921 suo
408 898 549 924 uxorem
588 891 702 938 iungit
741 898 809 939 29,
857 901 914 935 15.

201 930 358 967 omnibus
381 946 402 968 a
427 934 601 980 Byzantio
627 940 672 974 ad
695 943 913 990 Strymonem

202 977 343 1013 urbibus
374 982 548 1028 receptis,
587 986 756 1025 Nicaeam
790 1003 914 1030 rever-

201 1023 292 1060 titur
313 1029 373 1070 30,
406 1030 438 1065 6.
471 1030 611 1075 Scythis
636 1035 797 1073 Comanis
828 1053 912 1087 per-

201 1071 332 1116 fugium
355 1077 503 1120 praebet
524 1080 583 1121 37,
614 1080 649 1117 4.
692 1084 812 1128 (Vide
847 1088 912 1122 Co·-

200 1122 337 1167 mam’.)
391 1134 510 1168 pacem
549 1125 615 1162 init
654 1141 729 1166 cum
768 1133 911 1178 Turcis,

203 1167 322 1203 utilem
335 1169 515 1206 admodum
529 1173 580 1207 rei
592 1175 788 1213 Romanae:
806 1186 910 1227 agro-

200 1224 276 1248 rum
296 1216 389 1251 cultu
414 1225 450 1252 et
472 1219 524 1253 rei
535 1223 722 1265 pecuariae
740 1237 825 1261 cura
844 1227 910 1262 sibi

201 1264 240 1294 et
263 1263 472 1309 pauperibus
495 1268 659 1304 consulit:
693 1274 849 1318 cognatis
875 1280 911 1310 et

202 1308 393 1353 nobilibus,
426 1311 516 1347 idem
541 1321 579 1349 ut
602 1317 752 1362 saciant,
788 1326 910 1356 auctor

201 1359 277 1390 est:
321 1363 472 1402 quantae
503 1359 585 1395 inde
614 1363 774 1400 divitiae.
791 1367 850 1410 41,
874 1367 909 1404 4.

201 1402 310 1438 edicit
325 1416 369 1439 ne
389 1405 462 1450 quis
481 1408 634 1444 vestibus
654 1418 782 1455 utatur,
807 1419 910 1450 extra

198 1447 338 1495 imperii
360 1451 446 1487 fines
470 1454 632 1499 quaesitis
655 1457 712 1502 43,
738 1463 793 1496 17.
822 1468 910 1497 tem—

199 1496 259 1542 pla
283 1498 442 1540 exstruit,
478 1505 689 1540 monasteria
713 1508 907 1551 constituit,

199 1545 285 1578 item
318 1545 467 1592 hospitia
500 1548 546 1582 ad
579 1561 705 1595 aegros
738 1556 908 1591 curandos

200 1597 237 1626 et
260 1591 399 1628 alendos
425 1605 597 1640 pauperes
619 1599 679 1643 44,
708 1601 760 1636 15.
786 1614 908 1637 secun—

198 1637 277 1674 dam
302 1651 443 1675 uxorem
473 1641 570 1677 ducit
593 1648 725 1689 Annam
748 1649 909 1684 Aleman-

199 1698 277 1720 nam
315 1686 374 1730 45,
415 1686 452 1724 4.
492 1687 742 1737 Marcesinam,
788 1697 910 1732 Annae

199 1733 316 1768 uxoris
350 1735 547 1780 magistram
586 1745 623 1773 et
664 1741 909 1786 educatricem,

200 1781 337 1824 perdite
361 1788 476 1824 amat3
509 1784 740 1831 imperatoriis
763 1789 910 1836 insigni-

198 1827 263 1862 bus
287 1830 406 1863 ornari
426 1830 577 1875 patitur3
603 1835 703 1869 uxori
720 1835 786 1882 ipsi
805 1849 909 1882 prae-

197 1875 271 1909 fert
303 1874 371 1918 45,
406 1878 462 1912 12.
503 1880 734 1917 conscientiae
767 1884 908 1920 stimulis

198 1926 346 1968 urgetur
389 1922 448 1966 45,
484 1925 543 1962 24.
575 1927 721 1974 seipsum
756 1930 908 1973 damnat,

199 1973 238 2002 et
267 1969 401 2015 culpam
433 1983 527 2008 suam
569 1974 731 2021 deplorat
771 1977 830 2020 47,
872 1980 908 2015 7.

199 2016 389 2051 exercitum
419 2019 515 2064 cogit
552 2021 715 2058 adversus
749 2023 910 2060 Michae-

198 2062 264 2096 lem
303 2063 477 2100 Nuthum:
522 2069 625 2103 urbes
658 2070 810 2106 adventu
846 2084 907 2107 suo

199 2109 285 2143 alias
326 2111 533 2157 confirmat,
576 2115 660 2151 alias
696 2125 905 2163 recuperat:

198 2156 324 2191 foedus
347 2170 421 2193 cum
446 2160 619 2196 Miclxaele
641 2171 811 2199 renovat:
835 2166 906 2201 De-

198 2208 320 2248 spotae
345 2203 550 2250 (lignitatem
571 2209 603 2243 ei
622 2210 799 2246 concedit:
822 2213 904 2248 item

199 2250 274 2286 eius
305 2249 398 2293 filio,
439 2254 483 2287 ob
518 2255 722 2292 affinitatem
756 2257 814 2301 48,
849 2261 904 2295 12.

199 2297 236 2334 in
266 2296 379 2334 Asiam
413 2311 572 2338 reversus
601 2304 722 2339 morbo
758 2307 908 2353 corripi-

199 2350 274 2381 tur:
335 2357 460 2381 annum
503 2348 678 2396 integrum
725 2359 905 2398 aegrotat:

198 2393 364 2428 moritur:
388 2394 575 2440 sepelitur,
599 2396 684 2432 ibid.

153 2453 274 2487 Ducae
309 2452 391 2497 imp.
431 2465 520 2489 uxor
555 2454 688 2499 altera,
729 2456 907 2494 Manfredi

198 2511 307 2535 soror.
341 2499 432 2535 Vide
456 2501 563 2536 Anna
587 2503 796 2540 Alemanna,

152 2570 267 2605 Ducas
275 2569 457 2618 (Ioannes)
476 2572 798 2609 Sebastocratorum
812 2576 908 2621 prin-

200 2617 314 2663 cipum
346 2618 507 2662 ultimus,
556 2620 679 2656 Irenen
722 2622 907 2657 Andronici

198 2664 343 2700 senioris
375 2665 480 2701 filiam
504 2668 643 2701 notham
666 2679 810 2703 uxorem
842 2669 908 2704 du-

199 2711 272 2746 xit:
296 2712 369 2748 siue
384 2713 505 2749 liberis
519 2714 680 2749 moritur:
707 2716 908 2761 provinciae

199 2765 237 2793 et
270 2760 373 2794 urbes
404 2760 475 2795 eius
506 2761 694 2796 distractae
725 2762 815 2804 278,
848 2765 903 2800 23.

197 2812 331 2850 tempus
364 2807 481 2843 mortis
515 2810 598 2852 318,
633 2810 691 2845 21.
749 2809 839 2846 Vide
871 2816 908 2846 et

197 2853 279 2895 278,
303 2852 357 2888 24.

730 165 899 206 INDEX
933 167 1137 222 RERUM,

962 269 1067 306 Ducis
1091 271 1214 318 Magni
1237 286 1378 319 nomen,
1410 281 1575 313 mutatum
1597 278 1635 313 in
1657 291 1721 314 no-

1008 329 1085 353 men
1112 321 1260 362 Λουκᾶς
1282 319 1453 368 Ἀθηνῶν
1476 327 1559 368 239,
1583 327 1643 362 21.

961 364 1155 401 Duscianus
1179 368 1408 414 (Stephanus)
1435 373 1539 414 1261,
1558 370 1616 409 46.

961 410 1173 457 Dyrrhachii
1219 417 1399 462 episcopus
1445 418 1630 465 Gregorae
1665 432 1720 454 as-

1007 459 1180 496 sentitur:
1206 462 1282 509 quis
1306 463 1361 498 vir
1384 468 1421 500 et
1444 466 1554 513 qualis
1577 468 1660 509 520,
1687 469 1717 502 1.

960 551 1146 597 Ebrietas,
1178 556 1336 601 operatio
1364 557 1501 603 divina,
1535 559 1627 606 apud
1649 559 1719 594 Pa—

1007 599 1130 636 lamam
1155 601 1238 647 945,
1268 607 1323 639 11.

956 642 1174 691 Ἑγκόλπιον
1201 649 1303 694 1243,
1327 652 1387 689 33.

959 691 1121 730 Ecclesia
1145 697 1308 733 Graeca:
1350 698 1438 734 duae
1465 698 1502 734 in
1537 711 1581 734 ea
1603 704 1719 734 sectae

1008 742 1090 784 127,
1126 745 1180 779 12.
1223 749 1293 779 tres
1324 746 1493 781 factiones
1538 748 1617 788 170,
1661 749 1716 781 10.

1006 794 1115 825 status
1139 790 1212 826 eius
1236 791 1272 825 in
1294 792 1391 837 peius
1409 799 1582 828 mutatae:
1607 792 1717 828 ratio-

1003 835 1057 872 nis
1090 841 1127 871 et
1161 838 1342 874 doctrinae
1373 839 1432 874 lux
1456 839 1613 875 extincta
1639 841 1718 882 185,

1008 884 1040 920 8.
1084 883 1199 918 eiusce
1229 885 1428 921 mutationis
1460 899 1608 921 causae:
1657 899 1719 921 cur

1006 929 1097 965 illam
1122 932 1272 967 desolari
1297 934 1491 978 oportuerit
1517 937 1595 975 186,
1622 937 1656 970 1-

959 975 1141 1013 Ecclesiae
1180 979 1289 1022 mala,
1331 980 1477 1015 omnium
1517 980 1718 1026 gravissima

1005 1023 1096 1066 714,
1121 1026 1155 1061 3.
1187 1025 1263 1071 lupi
1288 1028 1377 1068 826,
1403 1026 1438 1063 4.
1472 1039 1528 1062 res
1554 1029 1633 1070 159,
1658 1028 1717 1063 23-

1004 1075 1226 1118 tempestates
1250 1074 1332 1115 881,
1359 1075 1415 1110 18.

958 1118 1140 1154 Ecclesiae
1164 1119 1418 1166 patriarchales
1441 1124 1477 1155 et
1502 1121 1717 1175 episcopales

1003 1177 1116 1211 paene
1150 1178 1265 1201 omnes
1306 1167 1518 1214 principibus
1559 1169 1718 1203 barbaris

1004 1213 1181 1248 subiectae
1206 1214 1309 1256 1034,
1335 1217 1368 1251 6.

957 1258 1138 1296 Ecclesiae
1171 1266 1208 1295 et
1241 1260 1378 1307 imperii
1410 1265 1550 1297 mutuae
1575 1273 1716 1297 conces-

1002 1305 1113 1341 siones
1137 1305 1218 1349 443,
1247 1308 1301 1342 16.

957 1350 1183 1388 Ecclesiastes
1208 1355 1290 1396 889,
1317 1356 1372 1391 19.
1399 1355 1503 1399 1027,
1529 1357 1584 1391 15.

956 1397 1222 1436 Ecclesiasticus
1245 1403 1326 1445 961,
1353 1406 1410 1438 10.

956 1445 1107 1492 Eclipsis
1702 1470 1707 1476 ·

1049 1493 1141 1529 Solis
1172 1493 1255 1537 454,
1288 1494 1344 1533 24.
1378 1494 1460 1540 460,
1493 1498 1526 1533 6.
1561 1497 1643 1538 536,
1679 1494 1715 1531 4.

1001 1539 1123 1576 futura
1141 1553 1163 1576 a
1181 1542 1309 1577 'I'urcis
1328 1543 1418 1577 mala
1434 1543 1612 1590 portendit
1635 1545 1715 1585 103,

1002 1587 1036 1623 8.
1068 1587 1103 1622 in
1135 1595 1245 1623 morte
1271 1590 1402 1625 Christi
1425 1596 1615 1625 monstrosa
1637 1590 1715 1624 visa

1003 1638 1058 1669 est
1078 1636 1291 1672 Astronomis
1315 1638 1397 1678 370,
1425 1637 1481 1672 16.

1049 1681 1170 1717 Lunae
1190 1684 1272 1727 385,
1295 1686 1330 1721 2.
1367 1687 1425 1720 20.
1457 1683 1539 1727 460,
1564 1685 1598 1720 6.
1632 1684 1713 1726 536,

1001 1727 1038 1765 4.
1061 1728 1143 1771 624,
1167 1731 1202 1764 2.

955 1773 1112 1821 Eclipses
1137 1776 1245 1818 duae,
1271 1777 1362 1812 Solis
1387 1789 1454 1812 una
1469 1803 1481 1820 ,
1513 1778 1637 1812 Lunae
1661 1778 1714 1811 al-

1002 1826 1100 1864 tera3
1135 1823 1336 1868 Scythicam
1359 1825 1589 1860 incursionem
1610 1836 1714 1871 prae·

1004 1869 1132 1904 cedunt
1154 1872 1236 1911 536,
1260 1871 1294 1906 4.

955 1914 1059 1950 Eliae
1082 1928 1202 1952 currus
1225 1918 1480 1964 inconsumptus
1502 1920 1585 1959 968,
1614 1919 1670 1954 12.

953 1957 1228 2010 Ἑλλανοδίκης.
1267 1964 1358 1998 Vide
1382 1967 1651 2001 Hellanodicae.

945 2008 1214 2055 Ἔμπροσθεν,
1255 2013 1405 2055 deinde,
1449 2019 1574 2058 postca
1606 2014 1712 2056 1161,

1000 2058 1059 2093 27.
1085 2058 1189 2102 1264,
1212 2058 1269 2095 41.

954 2103 1143 2150 Enallage,
1164 2118 1225 2140 seu
1250 2105 1431 2153 antiptosis
1456 2108 1561 2150 1313,
1585 2106 1643 2144 45-

952 2151 1134 2187 Encaenia
1157 2156 1238 2196 716,
1264 2156 1320 2191 13.

954 2197 1178 2244 Endymionis
1202 2214 1335 2236 somnus
1362 2203 1464 2246 1061,
1492 2198 1545 2236 14.

952 2241 1132 2292 Ἐνεργεῖν
1141 2249 1282 2283 verbum
1292 2247 1374 2295 quid
1382 2248 1555 2293 significet
1565 2249 1667 2302 1130,
1680 2250 1711 2283 1.

953 2292 1131 2339 Euergiae
1165 2307 1286 2330 nomen
1321 2297 1364 2330 ab
1396 2294 1566 2329 Eunomio
1600 2301 1711 2329 intro-

1001 2340 1162 2384 ductum3
1186 2343 1229 2377 ab
1254 2343 1488 2378 Iconomachis
1513 2347 1709 2387 receptum3

1000 2399 1022 2422 a
1047 2387 1189 2424 Palama
1213 2396 1417 2425 revocatum
1439 2388 1476 2423 in
1499 2388 1610 2424 lucem
1629 2390 1710 2431 950,

954 2481 1256 2529 Eugastrimythus
1278 2481 1360 2525 411,
1384 2482 1442 2518 24.
1467 2484 1550 2524 722,
1572 2484 1630 2518 21.

951 2524 1153 2570 Ἑνοειδεὶς
1180 2530 1280 2574 1313,
1305 2532 1364 2564 20.
1391 2529 1495 2571 1314,
1519 2531 1578 2567 27.

953 2576 1124 2621 Entenca.
1158 2576 1248 2610 Vide
1273 2577 1525 2623 Bcrengarius.

953 2623 1211 2670 Epaminondas
1234 2624 1316 2665 360,
1347 2626 1403 2660 21.
1439 2625 1522 2666 752,
1556 2626 1611 2659 11.
1647 2635 1709 2669 pe-

1000 2671 1100 2706 cunia
1123 2671 1167 2704 ab
1200 2673 1394 2705 Artaxerxe
1424 2675 1591 2717 accepta,
1633 2671 1709 2705 bel-

1000 2717 1069 2752 lum
1093 2716 1197 2763 gessit
1222 2729 1297 2751 cum
1330 2717 1493 2763 Agesilao
1527 2717 1616 2762 124,
1652 2718 1708 2754 14.

1000 2764 1113 2798 victor
1134 2764 1178 2799 ad
1202 2764 1400 2800 Haliartum
1429 2770 1467 2800 et
1490 2764 1536 2799 ad
1559 2764 1709 2800 Leuctra

999 2809 1070 2848 486
1104 2812 1139 2852 6,

953 2837 1138 2906 Ephec’tici
1161 2859 1243 2901 722,
1269 2861 1325 2896 18.
1348 2856 1468 2904 ibique
1492 2862 1608 2894 annot.
