1794 3172
357 110 676 185 HISTORIAE
697 137 1074 185 BYZANTINAE
1097 137 1216 182 x1v.
1240 144 1306 185 ιο.
1468 133 1570 221 7335

76 247 302 308 συνεχώρει·
323 250 466 296 στενὸν
501 248 713 306 ἐδώδιμα,
751 251 820 294 καὶ
851 248 940 306 ἅμα
969 249 1208 307 ἐπαγγελίας
1228 250 1297 291 καὶ
1319 247 1566 307 φιλανθρῶ-
1590 260 1628 292 A.
1646 260 1683 292 c.
1700 257 1790 294 1345

75 339 181 371 πους
197 319 368 378 λόγους,
406 320 513 364 καθ’
536 319 735 379 ὁπότερον
761 317 981 376 βούλοιντο
1004 321 1111 380 δρᾷν
1126 333 1137 343 ·
1174 318 1252 363 εἴτε
1267 320 1404 374 μένειν
1424 307 1706 387 αἱρου-Ιωξὲἒζι·
1721 307 1790 389 ‘fa'

72 392 212 447 μένοις
245 392 422 446 κομίζειν
452 392 494 441 ἐς
528 390 606 447 τὴν
636 389 861 447 ὑστεραίαν
893 389 1002 434 ὅπλα
1021 390 1090 433 καὶ
1115 390 1217 445 βέλη
1245 389 1421 444 πολέμια
1437 404 1446 413 ·
1485 391 1566 434 εἴτ’
1704 378 1714 388 ”

73 462 230 504 ἐκεῖθεν
263 459 608 505 ἀπαλλάττεσθαι
638 461 709 505 διὰ
730 460 836 514 δέος,
875 460 1080 512 δέξασθαι
1115 456 1350 516 προθύμως
1380 461 1423 510 ἐς
1453 460 1502 504 τὰ
1524 461 1569 504 έν

40 542 64 578 5
76 538 162 592 τοῖς
182 528 378 574 Γαλάτου
397 535 517 589 σφῶν
537 530 676 574 αὐτῶν
695 528 921 588 φρούριον,
959 531 1029 573 καὶ
1049 533 1190 573 πᾶσαν
1214 527 1609 587 περιποιήσασθαίῐῧ
1654 559 1656 561 -

71 617 215 657 σφισιν
250 599 494 659 ἀσφάλειαν.
527 600 656 644 ταῦτ’
693 598 876 651 εἰπόντες
911 597 1142 658 ἐπανῄεσαν
1176 599 1339 652 οἴκαδε,
1377 601 1568 657 χρηστὰς

69 671 240 720 ἐλπίδας
258 671 336 725 μὲν
356 678 445 721 τοῖς
467 670 583 720 ἐντὸς
601 670 761 726 τείχους
780 668 1074 719 καταλιπόντες
1086 702 1100 722 ,
1140 668 1217 712 οὐκ
1238 671 1295 720 εἷς
1307 670 1495 727 χρηστὸν
1514 671 1560 713 δ’

70 734 145 783 οὖν
168 740 298 796 πέρας
327 740 596 797 ε’ληλυθυίας.
633 741 840 796 πέμψασα
872 739 953 798 γὰρ
983 737 1010 797 ἦ
1038 741 1204 794 βασιλὶς
1228 738 1355 782 Ἄννα
1386 738 1457 799 (οὐ
1481 740 1561 798 γὰρ

67 807 255 865 ἐλελήθει
285 810 335 853 τὸ
358 809 542 868 γεγονὸς)
574 809 791 868 ἀπέφραξέ
817 827 862 854 τε
890 811 960 853 καὶ
994 809 1222 865 ἀνεχαίτισε
1247 809 1324 865 τὴν
1342 807 1496 867 ἕῳοδόν
1516 827 1562 854 τε

10 892 59 928 10
69 879 137 922 καὶ
156 878 230 922 τὸν
249 879 443 924 εἴσπλουν
462 885 540 937 τῆς
564 878 705 939 κρύφα
724 878 959 936 μελλούσης
988 880 1142 923 ἐπιέναι
1164 882 1400 935 Λατινικῆς
1423 880 1465 930 ές
1485 881 1562 936 τὴν

64 946 289 1006 ὑστεραίαν
319 948 546 1006 δυνάμεως.
605 949 683 1010 (I.)
723 954 861 994 Τοῦτο
897 950 1002 1007 πρὸς
1038 947 1271 1006 ἀπόγνωσιν
1304 948 1430 1007 ἤγαγε
1460 950 1560 1001 τοὺς
1571 955 1689 995 P.462

64 1017 263 1076 τειχήρεις
286 1018 476 1071 ἐκείνους.
514 1018 609 1064 οὔτε
626 1020 707 1079 γὰρ
734 1018 864 1064 ὅπλον
883 1014 937 1077 ἦν
954 1036 1098 1078 σφισιν
1118 1018 1239 1063 οὗδὲν
1259 1017 1557 1078 φυλακτήριον,

65 1087 162 1131 οὔτ’
196 1089 319 1140 ἀσπὶς
337 1123 352 1144 ,
389 1089 484 1134 οὔτε
513 1087 664 1144 τόξον,
711 1089 807 1134 οὔτε
833 1089 958 1145 βέλος
999 1089 1120 1134 οὐδὲν
1159 1086 1440 1147 ἀμυντήριον·
1491 1092 1559 1132 καὶ

62 1156 168 1215 πρός
186 1176 231 1215 γε
249 1158 298 1202 τὰ
328 1166 461 1216 τεῖχος
488 1159 700 1216 ἀμεληθὲν
733 1161 780 1203 ἐκ
809 1158 967 1203 πολλοῧ
1004 1159 1225 1218 διερρωγὸς
1243 1153 1294 1215 ἦν
1312 1158 1365 1202 τὰ
1387 1162 1560 1203 πλεῖστα

6 1240 51 1277 15
60 1228 167 1285 μέρη
188 1233 266 1272 τοῦ
285 1245 330 1273 τε
349 1228 576 1288 περιπάτου
595 1231 665 1273 καὶ
683 1234 769 1273 τῶν
787 1227 1006 1282 ἐπάλξεων.
1043 1230 1120 1286 τὴν
1138 1229 1215 1285 μέν
1233 1224 1308 1272 οὖν
1324 1227 1454 1273 νύκτα
1474 1235 1557 1273 πᾶ-

60 1314 142 1341 σαν
154 1299 320 1355 ’ἐκείνην
342 1299 476 1351 οὕτως
493 1299 562 1342 ἐπ’
586 1300 746 1343 ἐλπίσιν
765 1299 1149 1358 ἆμφισβητησᾲιοις
1166 1298 1283 1350 ἐντὸς
1296 1300 1456 1355 τείχους
1477 1300 1557 1356 ηὗ-

59 1369 228 1412 λίσαντο
241 1402 257 1422 ,
294 1367 373 1420 τοῖς
404 1387 454 1413 τε
494 1368 631 1421 πύλας
666 1367 947 1428 φυλάττοντες
978 1371 1048 1413 καὶ
1080 1369 1132 1412 τὰ
1165 1370 1278 1424 τείχη
1314 1368 1551 1427 περιϊόντες.

59 1438 192 1481 ἕωθεν
212 1438 258 1482 δ’
281 1436 339 1490 ὥς
359 1438 469 1483 εἶδον
485 1438 682 1498 σύρφακα
706 1442 773 1483 καὶ
790 1442 967 1496 χυδαῖον
986 1439 1122 1495 ὄχλον,
1162 1439 1276 1496 παρὰ
1298 1439 1372 1482 τὸν
1391 1441 1591 1496 γείτοναΒ

58 1506 278 1560 συνιόντας
301 1508 564 1567 ἱππόδρομον
590 1510 697 1560 θέας
716 1511 847 1553 εἵνεκα
857 1543 872 1563 ,
907 1511 975 1552 καὶ
995 1509 1144 1566 ἣκιστα
1164 1510 1405 1563 συμμαχίας
1432 1506 1552 1565 ἧστι-

0 1582 224 1632 Ξονοσοῦν,
246 1580 290 1630 ἐξ
312 1574 370 1623 ὧν
383 1597 426 1636 γε
446 1579 683 1635 ἦλπίκασιν·
705 1579 858 1638 (ᾤοντο
877 1579 972 1636 γὰρ,
995 1580 1080 1622 ἐπεὶ
1098 1577 1274 1634 μισητός
1291 1576 1449 1634 ὑπῆρχε
1464 1586 1551 1629 τοΐς

58 1646 171 1697 ὅλοις
193 1650 340 1703 σχεδὸν
360 1650 604 1702 Βυζαντίοις
618 1648 891 1701 Ἀπόκαυκος,
930 1647 1120 1699 ἅπαντας
1143 1647 1253 1704 ἥξειν
1272 1647 1423 1701 εὐθὺς,
1444 1665 1549 1691 στα-

56 1714 285 1768 σιάσαντας
313 1719 420 1761 κατὰ
449 1723 534 1761 τῶν
564 1717 776 1775 ἀρχόντων
805 1720 874 1761 καὶ
898 1718 1126 1772 βασιλέων,
1165 1715 1482 1768 ἅπαλλάξαντος
1500 1717 1549 1761 ὃν

56 1784 113 1838 ὥς
140 1785 345 1845 τύραννον
374 1787 624 1845 ἐδεδίεσαν)
672 1786 730 1839 ὥς
762 1783 835 1832 οὖν
864 1788 983 1846 ἕτερα
1013 1787 1117 1831 ἄνθ’
1144 1785 1295 1845 ἑτέρων
1317 1784 1459 1846 ἑώρων
1479 1789 1547 1830 καὶ

54 1943 225 1990 quidquid
242 1941 397 1981 ciborum
415 1946 508 1981 iuius
525 1946 743 1993 tempestatis
765 1946 932 1992 iniquitas
946 1944 1174 1980 concedebat=
1199 1944 1283 1980 item
1301 1944 1546 1991 promissiones

52 1998 90 2026 et
107 1991 258 2037 benigna
272 1994 400 2035 verba,
423 1993 624 2028 utrumlibet
641 1994 692 2028 illi
716 1994 837 2028 facere
861 1993 1012 2028 mallent.
1060 1992 1101 2026 Si
1126 1992 1216 2027 enim
1242 2003 1382 2026 manere
1409 1991 1460 2026 ibi
1486 2003 1545 2025 sa-

52 2038 124 2072 tius
143 2038 332 2081 ducerent,
355 2040 495 2075 allatum
511 2041 562 2077 iri
580 2039 750 2087 postridie
774 2052 868 2075 arma
884 2039 974 2086 ipsis
991 2043 1029 2074 et
1044 2039 1115 2074 tela
1138 2038 1296 2073 hostilia:
1321 2038 1376 2072 siu
1392 2037 1475 2072 inde
1497 2039 1543 2073 ob

51 2090 180 2120 metum
203 2084 352 2131 migrare
368 2087 602 2129 destinarent,
625 2099 685 2122 eos
700 2099 739 2123 se
757 2087 922 2122 alacriter
937 2087 975 2121 in
992 2085 1204 2132 praesidium
1223 2096 1320 2120 suum
1334 2086 1543 2120 Galataeum

51 2138 275 2177 mpetu-os,
297 2139 335 2167 et
352 2145 483 2169 omnem
499 2134 586 2180 ipsis
608 2134 827 2170 securitatem
853 2134 1095 2180 praaetiturosx.
1141 2133 1242 2168 Haec
1262 2144 1339 2166 cum
1358 2131 1542 2173 dixissent,

52 2177 188 2213 domum
211 2179 413 2223 redierunt,
441 2182 530 2215 bona
546 2192 611 2227 spe
628 2181 672 2216 iis
692 2180 816 2216 relicta
839 2181 899 2226 qui
926 2181 1022 2216 intra
1045 2191 1178 2215 murum
1204 2180 1453 2220 versabantur,
1478 2179 1543 2213 sed

51 2236 146 2271 quae
173 2225 219 2259 ad
245 2226 368 2262 bonum
392 2228 520 2263 exitum
546 2240 614 2262 non
634 2228 808 2275 pervenit.
854 2228 1035 2273 Siquidem
1060 2225 1262 2273 imperatrix
1285 2227 1402 2267 Anna,
1425 2225 1540 2259 missis

51 2271 247 2307 hominibus
268 2274 354 2317 (nec
371 2275 461 2309 enim
479 2286 554 2310 eam
569 2275 608 2309 id
626 2274 717 2321 quod
736 2275 914 2310 acciderat
929 2274 1052 2319 latuit)
1076 2273 1325 2320 praeclusoque
1343 2272 1452 2314 aditu,
1477 2272 1540 2306 ad-

51 2324 193 2353 ventum
215 2319 367 2356 inhibuit
392 2322 643 2368 appulsumque
663 2322 757 2356 iuius
778 2322 981 2356 Latinorum
998 2333 1142 2362 manue,
1163 2331 1256 2366 quae
1273 2319 1463 2354 clanculum
1486 2318 1539 2352 as-

49 2365 174 2400 futura
193 2372 270 2401 erat
285 2369 463 2414 postridie.
510 2369 595 2414 (X.)
619 2369 675 2403 Ea
693 2381 751 2404 res
764 2369 924 2404 obsessos
943 2368 1021 2402 illos
1040 2367 1084 2402 ad
1102 2367 1379 2413 desperationem
1398 2376 1540 2410 compu-

49 2411 103 2446 lit·
151 2412 294 2459 Quippe
318 2426 382 2449 nec
405 2427 500 2450 arma
524 2416 569 2450 iis
591 2420 712 2457 erant,
735 2416 862 2462 quibus
886 2419 1174 2461 protegerentur,
1193 2425 1258 2449 nec
1282 2413 1447 2458 clypeus,
1471 2423 1537 2445 nec

49 2470 164 2501 arms,
186 2471 251 2494 nec
269 2461 375 2496 ullum
392 2463 436 2498 ad
454 2464 523 2498 vim
545 2459 808 2509 propulsandam
827 2462 944 2497 telum.
993 2465 1043 2497 Ac
1058 2466 1243 2508 praeterea
1263 2460 1441 2504 neglectus
1462 2457 1536 2503 pri-

50 2505 127 2539 dem
145 2517 260 2540 murus
278 2507 399 2543 hiabat
423 2510 599 2556 plerisque
619 2512 655 2544 in
672 2510 831 2556 partibus
848 2508 1104 2544 circumductae
1121 2507 1359 2542 ambulationis
1381 2509 1419 2538 et
1442 2516 1536 2538 sum-

48 2563 178 2586 morum
202 2557 545 2600 propugnaculorum.
593 2557 721 2592 Totam
741 2557 860 2602 itaque
883 2556 975 2591 illam
997 2560 1130 2590 noctem
1150 2554 1255 2589 dubia
1273 2565 1336 2597 spe
1352 2552 1446 2586 intra
1459 2562 1537 2584 mu-

48 2609 123 2632 rum
144 2610 319 2643 mansere,
350 2609 470 2648 portas
498 2604 733 2639 custodientes
755 2609 792 2638 et
814 2602 951 2638 moenia
970 2603 1232 2638 circumeunte&
1278 2599 1384 2634 Mane
1406 2602 1532 2639 autem,

48 2646 111 2679 ubi
135 2644 305 2690 plebeiam
329 2647 460 2684 faecem
483 2656 590 2696 atque
615 2650 796 2686 colluviem
821 2649 1015 2697 conspicati
1032 2654 1134 2691 sunt,
1158 2647 1204 2682 ad
1222 2646 1370 2681 vicinum
1389 2644 1535 2690 Hippo-

47 2691 201 2726 dromum
218 2694 355 2729 visendi
373 2696 500 2740 studio,
523 2709 567 2733 ac
586 2709 653 2732 non
677 2699 736 2742 (ut
753 2698 1000 2744 speraverant)
1020 2695 1156 2731 ferendi
1171 2694 1275 2728 ullius
1292 2693 1411 2728 auxilii
1427 2702 1533 2726 causa

48 2738 297 2782 confluentem3
320 2743 466 2786 (etenim
485 2744 762 2787 arbitrabantur,
786 2756 829 2779 eo
846 2745 942 2790 quod
960 2744 1117 2779 omuibus
1140 2743 1216 2777 sere
1230 2740 1436 2786 Byzantinis
1453 2738 1533 2774 odio

47 2784 172 2838 fuisset
191 2787 414 2832 Apomucm,
441 2797 608 2826 venturos
627 2792 744 2827 statim
760 2802 875 2826 omnes
888 2817 899 2835 ‚
924 2790 1094 2826 seditione
1112 2789 1278 2824 adversus
1298 2791 1474 2832 magnates
1497 2790 1535 2820 et

48 2837 278 2878 imperatores
291 2841 383 2872 mota
397 2848 453 2880 eo,
469 2850 569 2885 quem
585 2842 627 2873 ut
639 2843 820 2886 tyrannum
835 2836 1219 2882 metuerant,sublato‚)
1228 2834 1288 2872 ubi
1305 2835 1424 2880 itaque
1437 2831 1533 2869 aliud
