1794 3172
226 102 330 160 752
640 114 959 162 NlCEPHORI
988 113 1312 158 GREGORAE

13 239 109 272 AM.
127 238 218 274 6853
232 223 374 285 μακρά
404 243 466 277 τις
500 223 719 277 ἐπεπόλαζε
758 222 910 273 σπάνις
940 223 1009 266 διὰ
1048 223 1124 274 τὰς
1153 229 1238 268 τῶν
1258 222 1406 267 ἄλλοτ’
1436 222 1574 267 ἄλλων
1600 226 1723 266 πολε-

56 285 339 367 Ῑῃᾱ·Ῑ3Βμίαιν
366 295 565 354 ἐφόδους·
602 297 669 338 καὶ
699 293 787 349 ἅμα
812 291 1039 351 χρημάτων
1067 292 1197 350 πόρος
1220 289 1272 350 ἦν
1297 293 1430 343 οῧδεὶς
1465 291 1720 347 οὐδαμόθεν,

234 367 328 411 οὔτε
347 373 434 416 τοῖς
469 364 635 420 πένησιν
667 366 857 420 ἐννοῆσαι
888 362 946 405 δι’
980 363 1175 420 ἓργασίας
1203 361 1474 419 ἡστινοσοῦν,
1519 361 1612 405 ‹Ji-'te
1635 369 1724 412 τοῖς

233 436 452 492 ἄρχουσιν,
502 433 602 477 ὅθεν
637 431 783 491 ἔρανόν
821 450 914 475 τινα
943 434 1297 489 δασμολογοῦντες
1325 429 1719 490 ἅργυρολογῆσουσι.
1753 436 1760 443 ‘

234 508 301 550 καὶ
325 501 376 561 ἦν
405 506 504 547 ἰδεῖν
532 503 776 558 κενουμένας
807 502 882 552 τὰς
913 500 1073 554 πόλεις,
1116 504 1183 544 καὶ
1214 502 1312 553 τοὺς
1327 503 1402 558 μὲν
1422 503 1463 552 ἒς
1482 500 1748 556 ἇλλοδαπὴνό

232 578 550 631 μετοικοῦντας,
589 572 688 623 τοὺς
710 571 754 615 δ’
777 573 820 614 ἐν
840 570 1065 627 ἀπογνώσει
1086 572 1299 627 μένοντας.
1357 570 1445 631 (E.)
1471 572 1557 614 Καὶ
1576 573 1725 614 Λακε-

234 642 436 699 δαιμόνιοι
453 643 530 698 μὲν
549 639 678 684 πάλαι
691 648 969 698 χρυσοφορεῖν
991 640 1067 691 τὰς
1085 649 1282 698 γυναῖκας
1299 641 1486 684 ἔπαυσαν
1497 673 1510 694 ,
1541 641 1610 683 καὶ
1636 638 1725 694 ἅμα

197 715 273 758 Coi
305 714 351 757 τὸ
378 718 455 769 τῆς
491 710 619 755 πάλαι
635 709 796 767 Ῥώμης
824 713 1072 760 διοικοῦντες
1098 711 1286 766 ἀξίωμα,
1317 711 1567 768 ψηφίσμασί
1589 727 1632 752 τε
1657 710 1725 752 καὶ

235 783 414 841 δόγμασι
444 783 660 838 δημοσίοις
698 782 765 824 καὶ
806 778 1050 830 ἄσαλεύτοις
1077 779 1285 838 ἑκάτεροι·
1328 781 1366 824 οἱ
1394 781 1469 836 μὲν
1502 779 1571 822 διὰ
1604 778 1651 823 τὸ
1683 780 1726 821 ἓν

109 851 472 909 ν.381Λει’κτροις
501 849 582 895 ὖπὸ
617 852 817 906 Θηβαίων
848 850 964 908 σφίσι
995 848 1211 906 γενόμενον
1233 848 1397 904 πάθος,
1436 847 1559 893 ὅπότε
1582 849 1634 905 δὴ
1653 867 1724 904 μι-
1739 856 1782 891 10

237 927 339 981 κροῦ
364 922 441 979 τὴν
471 926 610 964 πᾶσαν
639 920 786 978 ἔκειρεν
816 917 1027 975 ὁπλιτικὴν
1050 920 1185 976 ἀκμὴν
1216 925 1290 976 τῆς
1317 917 1518 977 Σπάρτης
1533 919 1728 972 Ἐπαμει-

237 991 400 1042 νώνδας
426 992 599 1043 ἐκεῖνος,
639 993 920 1046 Βοιωταρχῶν
949 994 1176 1045 τηνικαῦτα
1194 1003 1205 1014 ·
1242 990 1282 1033 οἳ
1305 990 1350 1033 δὲ
1368 989 1427 1032 δι’
1445 989 1636 1043 {Amn'ssav
1654 987 1727 1031 τὸν

235 1059 551 1118 Καρχηδόνιον,
588 1057 710 1103 ὁπότε
733 1061 828 1113 περί
845 1076 887 1102 τε
911 1057 1126 1102 Κανύσιον
1156 1060 1295 1103 πεδίον
1329 1060 1397 1102 καὶ
1421 1059 1627 1118 Ἀφείδιον
1649 1075 1728 1101 πο-

236 1131 372 1185 ταμὸν
402 1138 490 1181 τοῖς
517 1129 624 1173 κατὰ
641 1128 856 1184 Ῥωμαίων
881 1135 1057 1185 μακροῖς
1076 1129 1242 1179 ἐκείνοις
1260 1130 1476 1187 τροπαίοις
1495 1132 1729 1171 τελευταῖον

198 1200 361 1247 Βτοῦτ’
386 1200 543 1250 ἐπιθεὶς
569 1201 637 1243 καὶ
666 1200 908 1255 συγκλείσας
937 1198 1013 1254 τὴν
1040 1196 1328 1256 μυριάριθμον
1346 1199 1500 1254 ἐκείνην
1513 1195 1727 1252 Ῥωμαίων
1744 1202 1786 1238 15

237 1271 545 1327 κατηγωνίσατο
567 1266 769 1326 στρατιάν
784 1282 793 1292 ·
816 1265 872 1318 ὡς
890 1275 976 1318 τοῖς
996 1269 1210 1318 πλουσίοις
1229 1269 1394 1318 ἐκείνοις
1416 1269 1562 1323 α’ίμασι
1581 1271 1727 1323 βαφῆ-

239 1342 310 1384 ναί
328 1357 371 1383 τε
389 1343 580 1394 ποταμοῦ
600 1338 647 1381 τὸ
668 1336 818 1396 ῥόθιον
837 1339 919 1390 καὶ,
947 1336 1043 1380 ἄνευ
1066 1336 1234 1390 ῦδατος,
1266 1336 1455 1393 αἱμάτων
1485 1337 1586 1392 ἔχειν
1619 1336 1729 1379 ἄνω-

237 1414 316 1454 θεν
330 1407 429 1453 εἶναι
450 1411 581 1453 δοκεῖν
601 1407 677 1458 τὰς
697 1405 843 1465 πηγάς,
887 1405 976 1466 (ς’.)
999 1410 1092 1450 Νῦν
1114 1409 1139 1450 δ
1146 1407 1158 1423 ’
1184 1406 1322 1465 ὥσπερ
1346 1408 1387 1459 ἐξ
1412 1405 1502 1457 ἑνός
1520 1424 1631 1457 τινος
1652 1406 1727 1448 αὖ-

237 1477 424 1533 τομάτου
458 1476 746 1535 κηρύγματος,
804 1474 1108 1534 διαδραμόντος
1137 1474 1307 1528 ἁπάσας
1336 1475 1474 1527 πόλεις
1497 1474 1727 1531 Ῥωμαίων,

236 1546 342 1605 μήτε
381 1548 540 1604 μηδένα
572 1547 736 1604 ἀνδρῶν
777 1543 881 1602 μήτε
921 1550 1124 1603 γυναικῶν
1161 1548 1369 1603 μηδεμίαν
1403 1550 1788 1603 λαμπροφορεῒιι,ἓο

238 1618 336 1661 ἀλλ’
368 1615 494 1673 ὁμόσε
527 1615 686 1667 πάντας
718 1614 888 1659 ἑλέσθαι
917 1617 1131 1671 μελαίναις
1164 1618 1316 1672 ἐσθῆσι
1349 1613 1641 1667 ξυνεπεπτῶκει
1662 1632 1730 1658 κε-

200 1700 232 1734 Ε
238 1692 427 1744 χρῆσθαι
440 1720 454 1740 ,
490 1686 562 1737 οὓς
578 1687 654 1741 μὲν
677 1684 811 1741 λύπης
831 1685 945 1728 ἕνεκα
968 1684 1294 1743 προϋπαρξάσης
1313 1684 1448 1739 ἅπαξ,
1486 1684 1558 1735 οὓς
1589 1685 1634 1728 δὲ
1661 1684 1730 1727 διὰ

239 1757 316 1807 τὰς
334 1757 472 1808 κοινὰς
492 1758 560 1800 καὶ
595 1757 819 1813 δημοσίους
839 1753 969 1811 κῆράς
986 1773 1029 1798 τε
1047 1757 1114 1798 καὶ
1144 1755 1365 1813 συμφορὰς
1386 1760 1469 1799 τῶν
1491 1752 1730 1812 ὁμοφύλων·

241 1825 298 1878 ὥς
319 1827 380 1883 μὴ
400 1824 513 1870 πόλει
544 1827 612 1869 καὶ
644 1827 826 1886 πολιτείᾳ
848 1824 901 1868 τὰ
917 1823 1131 1881 Ῥωμαίων
1149 1824 1318 1869 ἐοικέναι
1341 1823 1565 1883 πράγματα
1574 1857 1589 1878 ,
1628 1823 1727 1867 ἀλλ’

334 1915 390 1952 13.
414 1912 604 1951 Κανύσιον
626 1913 697 1949 dici
715 1924 779 1960 pro
802 1910 1015 1962 Καννήσιον
1038 1913 1113 1949 vult
1136 1912 1235 1948 Boiv.

241 1987 335 2019 ctum
350 1985 621 2021 necessariarum
636 1995 790 2029 magnam
809 1984 976 2030 quandam
994 1983 1144 2030 inopiam
1158 1983 1369 2019 induxerant
1380 1981 1530 2018 hostium
1546 1980 1632 2017 alias
1645 1981 1732 2017 alio-

240 2043 315 2066 rum
332 2031 562 2074 incursiones;
584 2043 646 2066 nec
663 2031 836 2077 parandae
854 2031 1013 2065 alicunde
1032 2030 1200 2077 pecuniae
1216 2030 1307 2065 ratio
1323 2029 1391 2064 ulla
1407 2041 1429 2064 a
1440 2029 1652 2075 pauperibus
1670 2041 1734 2063 ex·-

240 2078 390 2123 cogitari
411 2082 566 2123 poterat,
591 2089 825 2123 quamcunque
848 2078 898 2112 illi
923 2083 1030 2112 artem
1057 2082 1282 2112 exercerent:
1307 2088 1371 2111 nec
1391 2083 1470 2110 erat
1500 2076 1731 2121 magnatibus,

240 2126 334 2159 unde
351 2129 534 2170 coi-rogata
555 2124 669 2170 aliqua
689 2124 778 2170 stipe
801 2125 980 2169 pecuniam
1003 2130 1189 2168 cogerent3
1215 2129 1250 2158 et
1267 2125 1369 2158 urbes
1390 2123 1511 2158 videre
1532 2128 1608 2158 erat
1628 2122 1732 2157 deso-

240 2171 352 2213 latas,
376 2171 453 2205 aliis
478 2182 625 2216 peregre
651 2171 880 2213 abeuntibus,
904 2172 982 2206 aliis
1005 2170 1094 2205 dorni
1117 2171 1301 2216 desperata
1324 2171 1436 2204 salute
1463 2170 1732 2204 remanentibus,

243 2218 326 2262 (V.)
346 2218 437 2252 Olim
455 2217 592 2263 quidem
611 2218 875 2252 Lacedaemonii
893 2218 1092 2252 mulieribus
1111 2218 1305 2259 edixerunt,
1324 2222 1363 2251 ut
1375 2221 1514 2261 gest-are
1531 2228 1650 2250 aurum
1669 2217 1734 2250 de·-

240 2264 417 2306 sinerent3
441 2276 504 2298 nec
521 2275 586 2297 non
606 2263 644 2305 ii,
665 2263 876 2309 quirveteris
897 2266 1023 2299 Romae
1039 2265 1217 2310 imperium
1237 2263 1540 2304 administrabant;
1565 2262 1732 2296 consultis

241 2311 379 2356 utrique
399 2314 435 2344 et
453 2310 606 2345 decretis
630 2310 800 2356 publiciS‚
825 2310 937 2356 iisque
957 2311 1187 2345 inconcussis:
1212 2310 1262 2344 illi
1282 2316 1425 2356 propter
1447 2309 1606 2343 Leuctris
1632 2320 1734 2343 acce-

242 2363 337 2403 ptam
356 2369 378 2392 a
389 2356 567 2391 Thebanis
584 2356 728 2397 cladem,
754 2369 831 2391 cum
846 2359 951 2391 robur
962 2359 1112 2403 Spartae
1129 2357 1276 2392 militare
1295 2362 1403 2391 totum
1421 2356 1495 2390 fere
1512 2357 1662 2389 excisum
1680 2358 1735 2389 est

241 2403 373 2439 virtute
398 2404 490 2438 illius
509 2402 791 2448 Epaminondae,
819 2404 876 2448 qui
901 2410 971 2438 tum
997 2405 1140 2439 Boeotis
1160 2404 1375 2449 imperabat:
1400 2402 1434 2436 hi
1452 2414 1556 2444 vero,
1581 2414 1622 2436 eo
1641 2402 1735 2447 quod

241 2450 416 2485 Hannibal
435 2449 736 2494 Carthaginiensis
757 2449 793 2483 in
812 2450 984 2484 Cannensi
1011 2462 1116 2495 agro,
1142 2451 1234 2497 apud
1256 2450 1414 2484 Aufidum
1433 2448 1577 2489 flumen,
1601 2448 1735 2493 magnis

241 2497 323 2539 illis,
348 2509 434 2542 quas
454 2497 499 2531 de
518 2496 680 2532 Romanis
698 2502 953 2542 reportaverat,
977 2497 1133 2531 victoriis
1155 2496 1339 2532 novissima
1361 2495 1511 2537 adiecta,
1537 2501 1677 2530 coactas
1698 2494 1734 2528 in

242 2555 342 2578 unum
364 2544 473 2578 locum
492 2542 754 2577 innumerabiles
774 2543 1001 2577 Romanorum
1023 2545 1144 2589 copias
1166 2540 1218 2578 ita
1237 2542 1450 2588 profligavit,
1475 2548 1514 2575 ut
1536 2541 1634 2586 largo
1656 2552 1736 2575 cru-

242 2602 303 2624 ore
321 2591 439 2624 tinctis
454 2590 639 2631 fluctibus,
663 2600 731 2623 non
752 2600 795 2623 ex
814 2600 924 2634 aquae
943 2590 1004 2623 sed
1035 2602 1055 2624 e
1075 2590 1253 2636 sanguinis
1273 2590 1426 2624 fontibus
1455 2588 1607 2623 derivari
1627 2587 1735 2622 amnis

242 2636 436 2671 videretur.
484 2636 587 2682 (VI.)
612 2636 718 2671 Nunc
737 2647 845 2677 vem,
869 2635 968 2681 quasi
988 2636 1102 2671 edicto
1130 2637 1245 2682 aliquo
1268 2640 1361 2671 totas
1386 2636 1610 2670 Romanorum
1634 2635 1738 2668 urbes

243 2687 368 2728 suapte
386 2688 589 2729 pervagato,
614 2682 665 2717 sic
683 2694 747 2716 usu
766 2682 883 2724 venit,
907 2687 946 2716 ut
965 2683 1076 2717 nullus
1095 2683 1164 2725 vir,
1182 2683 1275 2718 nulla
1294 2682 1413 2717 mulier
1437 2688 1537 2716 veste
1554 2681 1737 2722 candente,

244 2729 306 2764 sed
325 2741 440 2765 omnes
460 2730 553 2776 pulla
571 2733 772 2771 uterentur3
796 2728 854 2763 alii
879 2728 996 2763 dolore
1017 2729 1130 2775 aliquo
1152 2730 1256 2764 semel
1273 2733 1482 2775 praecepto,
1507 2728 1566 2763 alii
1586 2739 1738 2762 commu-

243 2788 319 2810 nem
336 2788 377 2811 ac
392 2777 564 2822 publicam
587 2775 694 2810 vicem
715 2780 751 2810 et
770 2787 905 2810 suorum
926 2775 1051 2809 civium
1069 2777 1259 2810 infortunia
1278 2777 1454 2815 dolentem
1477 2776 1527 2809 ita
1545 2779 1583 2809 ut
1602 2785 1667 2809 non
1686 2772 1736 2807 ci-

242 2822 346 2857 vitati
361 2824 461 2859 reive
479 2823 640 2870 publicae
657 2822 768 2857 simile
789 2829 883 2857 essct
902 2822 1085 2857 Romanum
1106 2823 1298 2868 imperium,
1323 2822 1384 2857 sed
1403 2822 1553 2857 obscura
1570 2821 1742 2867 quaedam
