1794 3172
266 143 370 194 980
723 145 1048 211 Memnoni
1077 145 1405 195 GREGORAE

43 276 85 310 A.
101 275 147 308 M.
165 273 258 311 6859
270 257 458 319 αὐτάρκη
478 257 727 317 παρέχονται
743 252 932 315 βλάστην
943 289 959 312 ,
992 257 1037 301 ἐκ
1054 261 1131 314 τῆς
1153 260 1396 315 προφανοῦς
1416 256 1536 301 οἱονεὶ
1554 257 1753 313 μαντικῆς

97 321 205 359 lud.4
266 331 483 390 τάφανοῦς
509 328 586 385 τὴν
617 326 816 385 εὐγένειαν
845 327 1147 385 ἐμφανίζοντες.
1195 327 1386 371 ἐνταῦθα
1415 325 1458 371 δ’
1492 324 1750 385 ἀχορήγητον

267 400 436 457 ἔχουσαι
464 397 579 457 ῥίζαν
603 396 778 455 ἀγαθῶν
800 401 941 454 πηγῶν
959 396 1193 454 ἀφθονίας,
1232 396 1277 440 αἶ
1300 400 1376 440 τοῦ
1402 393 1588 451 ψεύδους
1619 395 1751 440 αὔλα-

269 487 361 522 κες,
397 467 535 525 βραχὺ
554 473 771 525 φανεῖσαι,
803 469 947 510 λοιπὸν
966 463 1276 524 ἀπεκρύψαντο.
1313 465 1361 509 τὸ
1391 465 1470 523 γὰρ
1491 464 1568 509 ἀπ’
1592 465 1753 516 εὐνοίας

231 540 341 582 Emi
357 538 516 581 δικαίου
536 534 815 594 πηγαζόμενον
836 533 982 592 ζήλου,
1016 537 1052 579 εἲ
1068 536 1128 593 μὴ
1151 533 1444 592 προσηκόντων
1465 535 1649 591 ἐπιτυχὲς
1671 547 1780 584 κα-5

269 608 473 664 τασταίη,
511 606 709 650 ἀδικεῖται
737 607 813 661 μὲν
840 606 915 650 οὐκ
946 603 1072 649 αὗτό’
1121 604 1216 648 ἀλλ’
1248 604 1295 656 ὃς
1319 604 1398 656 τὰς
1427 609 1503 661 τῆς
1530 606 1646 661 δίκης
1675 605 1752 660 μὲν

267 676 407 733 λαχὼν
429 674 659 720 διευθύνειν
679 673 943 733 πλάστιγγας,
965 674 1104 719 ἔπειτα
1121 679 1199 731 τῆς
1219 678 1294 719 τοῦ
1313 671 1596 733 προσήκοντος
1618 674 1751 733 (ἔπορ’-

271 746 406 807 ῥαγεὶς
425 747 659 805 φαντασίας
667 779 682 800 ,
720 744 797 789 οὖκ
816 745 1009 800 ἐνέμεινεν
1029 742 1091 796 οἷς
1109 743 1305 802 ἔστερξεν.

113 827 156 863 Ρ.
177 827 247 864 616
373 814 418 861 ε’.
449 814 499 862 ‘O
529 815 671 872 μέντοι
697 818 913 872 Παλαμᾶς
942 815 1170 873 περίφοβον
1203 813 1304 871 ὅλην
1340 813 1495 870 ἐκείνην
1522 812 1599 869 τὴν
1623 809 1752 857 νύκτα

115 873 246 912 v'498
269 885 503 944 διενεγκών,
548 887 617 929 καὶ
645 882 829 942 μάλιστα
866 884 1241 943 πεφροντισμένην,
1279 881 1369 940 ἅμα
1402 883 1455 928 ἕω
1477 881 1597 942 ἀπῄει
1629 883 1670 933 ἐς
1699 882 1752 926 τὰ
1765 890 1794 926 11

269 958 483 1013 βασίλεια,
513 953 792 1014 ὖβριοπαθῶν
831 956 900 999 καὶ
925 955 1078 1010 μανίας
1103 951 1277 1010 μεστός·
1314 954 1463 1013 καὶτῷ
1485 957 1654 1010 βασιλεῖ’
1670 969 1754 995 πα-

272 1025 432 1085 ραστὰς
461 1022 647 1082 γλώττης
673 1024 859 1085 ἀσελγείᾳ
889 1024 937 1068 τὸ
963 1021 1212 1080 μαινόμενον
1242 1024 1479 1080 ε’δημοσίευε
1501 1026 1577 1080 τῆς
1595 1026 1750 1078 ψυχῆς,

271 1093 327 1140 τοί
348 1113 391 1139 τε
408 1095 514 1151 χθὲς
535 1094 649 1156 αὐτῷ
671 1092 934 1150 συμπεσόντα
961 1098 1204 1151 περιπαθῶς
1236 1090 1523 1151 ἀφηγούμενος
1552 1093 1620 1135 καὶ
1650 1092 1754 1149 πρὸς

233 1163 437 1215 Βπάντας
457 1164 625 1220 θυμοὺς
644 1165 854 1222 ἔκριπίζων
879 1163 1008 1207 αὐτοῦ
1034 1163 1137 1207 καθ’
1162 1161 1281 1219 ἡμῶν
1306 1162 1382 1218 τὴν
1406 1160 1548 1218 ψυχήν
1565 1175 1575 1186 ·
1612 1159 1754 1205 καθά-

274 1253 350 1294 περ
369 1231 587 1290 θαλάττης
603 1232 848 1292 πρόσωπον,
881 1231 1003 1277 ὁπότε
1019 1232 1156 1291 βαρὺς
1173 1234 1240 1275 καὶ
1255 1228 1502 1287 μαινόμενος
1523 1230 1752 1289 ἀπαρκτίας
1768 1240 1794 1276 1!

275 1302 512 1361 ἓνσκήψειεν
542 1303 608 1347 ἐπ’
641 1303 795 1359 αὐτὴν,
835 1303 992 1354 αἰτίους
1021 1300 1132 1359 ἡμᾶς
1155 1299 1280 1357 ὁμόσε
1308 1298 1661 1359 προφασιζόμενος
1687 1318 1754 1357 γε-

274 1378 475 1432 γενῆσθαι
493 1377 568 1430 τῆς
584 1377 667 1417 τῶν
680 1374 918 1427 Βυζαντίων
936 1373 1089 1429 ἐκείνης
1109 1375 1245 1430 φορᾶς
1262 1371 1351 1414 κατ’
1376 1370 1520 1415 αὗτοῦ.
1558 1370 1651 1430 (B.)
1666 1372 1754 1414 Καὶ

275 1446 349 1499 „et
366 1443 424 1500 μὴ
446 1445 716 1499 διαναστῆναι
736 1441 905 1498 βούλοιο
925 1442 1029 1501 πρὸς
1058 1442 1262 1498 ἐκδίκησιν
1274 1441 1320 1494 ,”
1353 1441 1479 1499 φησὶ,
1515 1440 1656 1493 „narsi
1679 1444 1754 1495 τῆς

275 1514 488 1570 βασιλείας
503 1512 633 1569 αὐτῆς
645 1512 792 1556 αὐτίκα
811 1510 928 1567 μάλα
945 1512 1018 1557 τὸν
1039 1513 1227 1555 κίνδυνον
1245 1509 1354 1567 ἥξειν
1374 1507 1600 1567 προσδόκα.
1623 1507 1753 1553 οἶσθα

231 1582 376 1640 Ογάρ,
408 1581 538 1626 οἶσθα
566 1586 734 1641 σαφῶς,
773 1580 830 1633 ὥς
858 1581 961 1640 ἅπερ
996 1583 1086 1637 ἐμοὶ
1103 1578 1339 1637 νενόμισται
1364 1581 1455 1638 περὶ
1484 1580 1658 1630 πίστεως
1686 1580 1794 1624 naim

276 1650 518 1710 δογμάτων,
556 1657 693 1696 ταῦτα
714 1649 879 1703 πάντως
897 1653 965 1696 καὶ
987 1653 1065 1696 σοί.
1114 1651 1168 1695 ἒῶ
1192 1650 1272 1708 γὰρ
1294 1649 1420 1707 λε’γειν
1446 1651 1663 1707 λοιδοριῶν
1685 1650 1755 1691 καὶ

272 1726 518 1778 χλευασμῶν
529 1755 543 1775 ,
576 1723 781 1780 εἲρωνείας
801 1726 988 1778 μεστῶν,
1024 1718 1170 1766 ὁπόσοι
1193 1721 1339 1781 πολλοὶ
1362 1720 1430 1763 καὶ
1448 1720 1622 1762 ποικίλοι
1640 1717 1754 1776 παρὰ

275 1791 354 1842 τὰς
386 1791 532 1848 ἀγυιὰς
561 1793 629 1836 καὶ
659 1793 856 1842 πλατείας
887 1791 1078 1850 ἀκρατῶς
1105 1791 1418 1843 καλινδοῦνται,
1458 1788 1624 1845 μακρὰν
1654 1785 1752 1844 ἡμῖν

276 1860 354 1917 τὴν
377 1860 568 1917 ἀσέβειαν
587 1863 872 1920 ἐγκαλοῦντες,
906 1863 974 1905 καὶ
994 1865 1070 1918 τῆς
1088 1859 1188 1918 ὅλης
1215 1860 1390 1909 πίστεως
1419 1858 1584 1916 ἐμφανῆ
1615 1875 1751 1916 παρα-

279 1974 355 2014 tes,
378 1972 498 2007 florem
515 1973 757 2008 exuberantem
769 1998 780 2015 ‚
802 1972 897 2007 velut
915 1974 1192 2018 praecurrentem
1210 1968 1382 2011 nuncium,
1405 1967 1650 2015 praemittunt:
1667 1967 1754 2003 haec

280 2030 388 2061 vero,
412 2020 492 2063 quia
508 2020 634 2054 fundus
652 2020 798 2054 mendax
813 2020 975 2053 bonorum
994 2019 1140 2053 fontium
1157 2019 1294 2052 uberem
1312 2016 1444 2062 copiam
1463 2015 1571 2050 radici
1590 2027 1655 2049 non
1678 2015 1754 2048 suf-

280 2064 376 2107 ficit,
402 2065 651 2112 aliquantisper
683 2066 760 2101 visa
777 2077 970 2110 =emaurgere
993 2065 1126 2100 omnino
1146 2065 1278 2099 demum
1297 2066 1520 2098 evanescunt.
1569 2061 1753 2096 Enimvero

281 2111 374 2157 quod
395 2123 440 2146 ex
459 2111 568 2146 animo
596 2114 683 2147 bene
708 2112 834 2147 affecto
859 2118 896 2146 et
919 2123 962 2146 ex
988 2112 1054 2147 zeli
1072 2111 1207 2146 iustitia
1228 2115 1388 2155 tanquam
1412 2110 1509 2143 fonte
1533 2107 1693 2154 profluit,
1717 2107 1754 2142 id

281 2158 314 2191 si
334 2169 494 2192 successu
514 2158 664 2204 legitimo
682 2163 819 2200 careat,
844 2158 955 2204 ipsum
974 2159 1110 2205 quidem
1125 2157 1251 2192 iniuria
1269 2156 1403 2192 minime
1418 2155 1590 2189 afficitur:
1614 2155 1675 2189 sed
1695 2154 1755 2199 qui

281 2203 401 2239 lances
418 2204 578 2239 Iustitiae
595 2205 822 2240 moderandas
844 2206 985 2240 sortitus
997 2231 1008 2248 ‚
1032 2217 1117 2240 vera
1134 2205 1268 2240 ratione
1290 2213 1454 2238 excussus
1472 2207 1525 2237 est
1537 2226 1548 2244 ,
1572 2213 1636 2236 nec
1654 2201 1691 2235 in
1712 2201 1755 2235 iis

282 2262 375 2297 quae
393 2251 602 2296 probaverat
618 2252 875 2297 perseveravit,
900 2252 930 2286 is
950 2264 1033 2287 vere
1053 2252 1209 2286 iniuriam
1229 2250 1373 2297 patitur.

374 2298 410 2333 5.
436 2297 620 2332 Caeterum
646 2298 825 2340 Palamas,
849 2302 956 2333 totam
981 2299 1070 2334 illam
1091 2303 1223 2333 noctem
1247 2297 1390 2332 maximo
1414 2297 1507 2330 metu
1531 2295 1568 2327 et
1587 2291 1755 2338 gravissi-

282 2342 347 2380 mis
362 2344 454 2378 curis
473 2344 610 2378 anxiam
631 2356 706 2379 cum
724 2344 955 2388 traduxisset,
979 2350 1055 2380 orto
1073 2346 1188 2380 statim
1209 2344 1267 2378 die
1284 2343 1320 2377 in
1348 2341 1511 2388 palatium
1537 2340 1630 2381 abit,
1662 2339 1756 2373 indi-

283 2390 490 2436 gnabundus
515 2393 553 2425 et
580 2390 708 2424 furoris
738 2391 878 2437 plenus,
902 2393 947 2427 ad
968 2392 1209 2438 imperatorem
1233 2389 1391 2431 accedit,
1415 2388 1560 2422 animum
1584 2387 1754 2421 furentem

282 2437 537 2483 impudentibus
556 2437 673 2471 verbis
695 2437 829 2482 prodit,
854 2450 942 2484 quae
968 2438 1043 2474 heri
1068 2438 1134 2473 sibi
1153 2436 1343 2473 acciderint
1362 2433 1594 2469 dolentissime
1614 2438 1755 2474 narrat3

284 2488 391 2529 atque
414 2487 454 2518 ut
476 2482 599 2528 Aquilo
622 2483 792 2518 violentus
818 2488 854 2519 et
873 2486 1011 2520 insanus
1037 2485 1173 2519 irruens
1197 2483 1309 2528 agitat
1336 2482 1459 2516 faciem
1487 2479 1668 2526 aequoris,
1702 2479 1755 2513 ita

283 2530 342 2565 hic
370 2541 485 2565 omnes
511 2529 581 2564 irae
606 2529 756 2565 afflando
782 2531 925 2566 animum
952 2531 1044 2566 illius
1070 2530 1232 2572 ventilat,
1269 2529 1313 2563 ob
1344 2539 1418 2564 eam
1449 2526 1583 2562 scilicet
1606 2536 1754 2567 causam,

281 2576 375 2623 quod
395 2576 559 2622 Byzantii
581 2581 698 2611 nostro
715 2577 879 2612 instinctu
901 2578 991 2612 illam
1008 2578 1044 2612 in
1065 2589 1104 2612 se
1125 2575 1348 2622 irruptionem
1373 2575 1534 2609 fecerint.
1581 2572 1666 2617 (11.)
1692 2574 1754 2614 Ac,

283 2623 378 2665 „nisi
392 2622 462 2666 te‚'’
482 2622 606 2669 inquit,
631 2623 774 2668 „erigas
787 2629 823 2658 et
842 2624 884 2658 ad
908 2625 1068 2659 ultionem
1088 2623 1265 2668 accingam
1287 2621 1324 2656 in
1340 2621 1449 2668 ipsam
1459 2619 1581 2654 *statim
1602 2618 1755 2664 impera-

283 2669 405 2704 toriam
428 2668 638 2705 maiestatem
660 2670 845 2715 periculum
863 2671 1058 2705 invasurum
1079 2681 1158 2705 esse
1176 2673 1351 2715 exspecta.
1404 2667 1482 2702 Scis
1503 2666 1652 2711 quippe,
1685 2664 1755 2698 scie

283 2717 461 2761 profecto,
485 2727 574 2762 quae
590 2717 634 2752 de
651 2716 739 2751 Fide
757 2721 793 2751 et
807 2717 977 2761 dogmatis
998 2717 1115 2763 opinio
1136 2727 1212 2751 mea
1234 2719 1310 2757 est,
1334 2713 1475 2749 eandem
1496 2723 1636 2758 prorsus
1661 2715 1755 2745 tuam

284 2773 423 2808 quoque
443 2775 530 2800 esse.
558 2764 648 2799 Nam
669 2763 819 2798 convitia
837 2767 872 2797 et
892 2764 1010 2808 plenas
1028 2763 1166 2799 ludibrii
1187 2761 1422 2797 cavillationes
1443 2758 1579 2794 silentio
1600 2760 1757 2803 praeter-

284 2820 347 2849 eo,
369 2809 494 2854 quibus
518 2809 631 2846 multis
657 2814 694 2845 et
709 2809 818 2844 variis
842 2821 906 2855 per
932 2810 1026 2856 ipsas
1041 2811 1117 2845 vias
1134 2813 1172 2844 et
1187 2809 1319 2855 plateas
1334 2808 1605 2852 intemperanter
1631 2804 1757 2839 adver-

284 2854 368 2890 sarii
392 2855 595 2903 indulgent,
624 2868 782 2904 magnam
804 2856 902 2892 nobis
929 2857 1137 2905 impietatem
1164 2861 1200 2892 et
1221 2854 1323 2891 Fidei
1346 2853 1454 2890 totius
1469 2857 1623 2900 apertam
1646 2849 1757 2885 viola-
