1794 3172
266 136 366 184 676
678 138 992 186 NICEPHORI
1020 137 1343 183 GREGORAE

43 266 83 295 ,ι
100 262 142 294 Μ.
159 262 252 298 6851
265 257 445 297 λοποιεῖν
476 248 728 310 ἐπεφύκεσαν
760 249 821 293 ἀεὶ
845 250 912 292 καὶ
944 252 1291 305 προτυποῦσθαι,
1330 244 1523 307 καθάπερ
1545 247 1589 291 ἔκ
1618 245 1749 306 γειτό-

90 309 216 345 ΜΠ
265 341 346 367 ’νων
373 326 595 379 παριοῦσαι
623 318 849 378 παρήγοροι
876 315 1122 369 πιπτούσαις
1154 319 1197 369 ἐξ
1227 318 1416 373 ἀθυμίας
1445 325 1625 374 ψυχαῖς,
1674 318 1750 369 τὰς

224 397 341 449 Βτῆς
369 392 537 449 ὀρέξεως
565 391 797 448 φαντασίας
832 385 1119 445 συλλήπτορας
1151 386 1332 443 ἔχουσαι.
1371 387 1476 431 ἀλλὰ
1506 388 1553 431 τὸ
1573 388 1648 443 μὲν
1667 385 1748 430 πά-

265 479 376 518 σχειν
394 464 439 504 ἐκ
459 462 653 515 διαδοχῆς
673 462 850 514 συνεχῶς
873 465 960 508 τοῖς
979 455 1258 515 ταλαιπώροις
1277 458 1478 500 ἐλέλειπτο
1506 458 1572 500 καὶ
1593 461 1746 514 παρῆν·

264 532 313 575 τὸ
350 531 395 573 δὲ
424 534 508 573 τῶν
548 530 722 572 ἐλπίδων
764 528 982 585 προμηθὲς
1027 524 1120 569 σκιά
1152 545 1213 577 τις
1238 523 1289 583 ἦν
1308 525 1463 583 ἡδονῆς
1481 529 1548 569 καὶ
1570 525 1784 577 δικτύοιςό

263 599 518 656 συναγομένη
553 596 681 654 πνοή·
730 595 792 649 οἷς
820 597 867 641 τὸ
897 597 973 652 μὲν
1002 595 1182 654 διαῤῥεΐν
1213 594 1375 661 ᾆθρόον
1406 596 1535 640 ἔνεστι
1564 594 1745 650 πάντως,

263 670 317 713 τὸ
348 670 392 712 δὲ
417 669 549 724 μένειν
576 667 681 718 ὅλως
709 667 782 711 οὐκ
813 666 953 710 ἔνεστι.
1028 665 1125 725 (H.)
1166 671 1238 726 Τῷ
1269 667 1344 722 μὲν
1365 665 1444 725 γὰρ
1468 670 1550 710 τῶν
1570 669 1748 722 Περσῶν

261 735 428 795 ἡγεμόνι
462 734 887 795 περιστρατοπεδεύειν
931 732 1058 778 ἐδόκει
1092 735 1168 792 τὴν
1198 734 1317 779 πόλιν
1348 735 1392 780 ἔκ
1413 753 1457 779 τε
1476 740 1551 793 γῆς
1571 737 1640 778 καὶ
1662 740 1750 778 θα-

268 806 443 864 λάττης,
481 809 549 850 καὶ
579 806 675 850 ὅλον
705 806 750 849 τὸ
786 810 861 862 τῆς
886 803 1122 860 πολιορκίας
1153 804 1313 863 ἐπάγειν
1336 807 1380 849 ἔκ
1397 809 1473 849 τοῦ
1492 809 1750 863 παραχρῆμα

225 879 428 934 Οβίαιον,
465 878 532 920 καὶ
566 876 626 933 μὴ
661 878 812 934 τρίβειν
841 874 973 932 ἡσυχῆ
1009 875 1274 931 καθημένους
1304 876 1376 920 τὸν
1401 873 1578 933 χρόνον,
1618 875 1750 933 ἔργοις
1764 882 1794 918 1(

270 947 361 990 ἐνὸν
393 946 446 990 τὰ
482 950 556 1002 τῆς
585 944 722 1003 μάχης
752 946 795 988 ἓν
833 951 985 1004 βραχεῖ
1005 946 1220 1003 κρίνεσθαι
1255 943 1308 989 τά
1345 956 1388 989 τε
1423 945 1531 989 ἄλλα
1565 946 1633 987 καὶ
1664 943 1750 1000 μά-

268 1016 392 1060 λισθ’
425 1014 487 1059 ὅτι
516 1017 583 1067 καὶ
614 1014 832 1071 σύμμαχον
861 1015 1071 1069 συνέβαινε
1103 1019 1154 1073 τῇ
1187 1015 1342 1067 ἔξωθεν
1359 1015 1441 1072 ’ἤδη
1463 1016 1651 1072 γίνεσθαι
1670 1032 1750 1058 πο-

269 1086 428 1146 λιορκία
457 1080 524 1128 καὶ
550 1085 625 1141 τὴν
655 1085 823 1129 ἔνδοθεν
848 1085 1181 1143 ἀναφλεγομένην
1207 1090 1290 1130 τῶν
1325 1083 1552 1143 οῗκητόρων
1587 1082 1747 1128 στάσιν.

269 1160 331 1214 τῷ
361 1156 406 1198 δὲ
438 1158 605 1210 βασιλεῖ
631 1155 749 1198 τοῦτ’
787 1155 949 1211 οὐδαμῆ
982 1154 1208 1210 συνεδόκει,
1256 1155 1329 1200 τὸν
1359 1153 1555 1213 μάρτυρα
1579 1158 1751 1210 τιμῶντι

268 1222 535 1283 Δημήτριον·
571 1226 637 1267 καὶ
669 1225 802 1276 ἄλλως
835 1225 879 1267 δ’
919 1225 993 1268 οὐκ
1025 1224 1125 1284 ᾤετο
1159 1230 1312 1285 χρῆναι
1341 1229 1418 1282 τῆς
1448 1223 1590 1281 ἰσχύος
1619 1223 1750 1267 αὐτοῦ
1764 1232 1794 1268 1!

229 1294 348 1350 Βτὴν
366 1295 601 1352 περιουσίαν
620 1295 663 1337 ἐκ
682 1299 756 1351 τῆς
777 1299 859 1338 τῶν
886 1296 1240 1352 πολιορκουμένων
1258 1297 1484 1355 φαίνεσθαι
1504 1299 1726 1352 συμφορᾶς
1738 1307 1750 1318 ·

271 1364 365 1407 ἀλλ’
402 1362 671 1422 ἀπειρηκότας
702 1364 781 1420 ὀψὲ
808 1365 904 1415 τούς
935 1366 1190 1417 στασιαστὰς
1221 1370 1279 1426 τῷ
1308 1383 1351 1410 τε
1378 1369 1484 1425 λιμῷ
1512 1366 1579 1408 καὶ
1606 1368 1656 1422 τῇ
1678 1368 1752 1420 τῆς

269 1435 507 1492 πολιορκίας
530 1431 684 1491 ἀνάγκῃ
713 1434 820 1478 καθ’
853 1433 1072 1492 ὁμολογίαν
1103 1434 1366 1495 παραδώσειν
1386 1439 1498 1494 σφᾶς
1530 1451 1575 1478 τε
1600 1434 1755 1484 αὐτοὺς

268 1505 336 1548 καὶ
361 1503 435 1560 τὴν
454 1501 585 1547 πόλιν.
658 1502 757 1564 (Θ.)
788 1504 897 1548 Ἐπεὶ
919 1506 964 1548 δὲ
982 1505 1341 1565 τριακονθημέρου
1369 1502 1667 1565 παρῳχηκότος
1687 1504 1754 1546 ε’ν-

267 1577 412 1615 moa-a
431 1571 584 1630 χρόνου
620 1573 673 1616 τὰ
698 1573 802 1616 κατὰ
831 1572 997 1632 γνώμην
1029 1575 1106 1619 οὐκ
1128 1575 1254 1620 εὔοδα
1275 1574 1449 1634 ἑωρᾶτο,
1489 1574 1566 1630 τὴν
1584 1575 1660 1630 μὲν
1675 1573 1752 1616 ἄλ-
1764 1582 1794 1617 2<

269 1646 345 1698 λην
368 1641 541 1698 δύναμιν
571 1642 715 1701 ἀφίησι
743 1643 979 1689 διαπόντιον
1013 1643 1033 1688 ὃ
1055 1643 1274 1704 βάρβαρος
1302 1646 1440 1690 οἴκαδε
1461 1643 1619 1687 ἀπιέναι
1627 1677 1641 1698 ,
1680 1643 1753 1687 τὸν

270 1709 481 1755 ἀνάπλουν
510 1711 578 1755 διὰ
606 1717 681 1769 τῆς
713 1713 919 1774 Θρᾳκώας
945 1713 1138 1767 κελεύσας
1172 1717 1377 1774 παραλίου
1409 1719 1646 1758 ποιεῖσθαι·
1685 1715 1753 1756 δε-

232 1781 372 1832 Εὸῑὼς
391 1781 491 1832 ἴσως
511 1780 570 1838 μή
591 1781 670 1826 πού
695 1801 757 1834 τις
778 1783 836 1827 ἔτι
851 1786 992 1843 χρείας
1010 1789 1226 1843 προιοῦσιν
1247 1783 1402 1843 ἀνάγκη
1424 1778 1559 1844 τούτῳ
1578 1783 1754 1842 προσγέ-

275 1867 395 1907 νηται
418 1856 557 1910 σφῶν
593 1850 883 1910 ἑξακισχιλίους
904 1854 953 1898 δ”
976 1853 1276 1913 ἀπολεξάμενος
1291 1854 1447 1912 μόνους
1463 1854 1631 1910 κατέσχε
1654 1852 1751 1912 παρ’

277 1973 412 2008 semper
437 1962 570 1997 illarum
590 1962 644 1999 vis
662 1967 735 2007 est,
758 1970 799 2001 ut
816 1966 1011 2003 istiusmodi
1028 1967 1198 2013 imagines
1225 1967 1378 2003 offerant
1405 1968 1441 2002 et
1465 1968 1682 2012 proponant,
1714 1975 1756 1998 ac

278 2013 439 2063 tanquam
465 2010 707 2046 consolatrices
733 2013 862 2048 labanti
886 2026 928 2049 ex
955 2016 1196 2062 desperatione
1220 2015 1331 2049 animo
1351 2013 1465 2049 adsint
1487 2013 1531 2047 de
1549 2012 1756 2059 propinquo,

277 2057 457 2109 speciebus
477 2068 596 2102 nempe
616 2057 660 2091 iis
679 2070 767 2104 quae
784 2061 953 2106 appetitui
966 2061 1083 2096 insunt
1101 2062 1355 2096 adiuvantibus.
1397 2061 1445 2095 At
1465 2060 1602 2094 interim
1620 2058 1756 2093 miseris

277 2101 348 2135 illis
361 2102 403 2156 jd
421 2102 697 2148 relinquebatur,
719 2106 755 2139 id
771 2109 971 2153 supererat,
993 2114 1033 2143 ut
1051 2120 1168 2145 eorum
1189 2109 1279 2143 mala
1301 2107 1399 2155 quasi
1423 2119 1485 2154 per
1506 2106 1757 2141 successionem

279 2152 570 2202 continuarentur.
617 2152 707 2196 Spes
727 2158 838 2188 autem
866 2154 947 2190 illae
963 2155 1184 2201 providentes
1206 2155 1291 2190 nihil
1310 2155 1404 2190 aliud
1423 2158 1534 2196 erant,
1561 2153 1628 2187 nisi
1657 2152 1757 2187 volu-

279 2199 388 2248 ptatis
408 2196 525 2230 umbra
541 2199 706 2242 quaedam
723 2204 760 2233 et
777 2206 898 2236 ventus
920 2208 1062 2238 coactus
1078 2202 1114 2237 in
1131 2202 1239 2244 retia3
1264 2213 1406 2248 quorum
1421 2213 1461 2236 ea
1478 2205 1534 2235 est
1549 2204 1691 2243 natura,
1717 2201 1758 2232 ut

281 2245 397 2295 statlm
415 2242 583 2287 perfluant
601 2246 688 2278 omni
699 2257 741 2279 ex
754 2252 864 2291 parte,
890 2260 1027 2284 manere
1046 2254 1161 2284 autem
1183 2249 1285 2295 plena
1301 2251 1485 2295 nequeant.
1531 2247 1667 2292 (vm.)
1691 2246 1758 2280 Et-

281 2298 370 2342 enm}
392 2288 575 2343 Persarum
601 2291 735 2335 quidem
756 2293 834 2328 duci
853 2294 1031 2341 placebat,
1055 2295 1208 2330 obsideri
1227 2297 1346 2331 urbem
1371 2300 1441 2330 tam
1457 2306 1478 2329 a
1499 2299 1595 2329 terra
1617 2304 1719 2339 quam
1737 2303 1759 2326 a

279 2345 391 2376 marl,
417 2346 458 2368 ac
480 2340 563 2389 totis
588 2338 702 2372 statim
730 2339 861 2375 viribus
887 2342 1133 2388 oppugnationi
1159 2342 1326 2384 incumbi,
1358 2353 1422 2377 nec
1448 2341 1519 2376 teri
1546 2344 1679 2385 tempus
1710 2338 1759 2373 nil

279 2381 453 2436 agend03·
472 2392 574 2436 quia,
598 2382 627 2417 si
647 2390 831 2428 ageretur,
856 2388 952 2423 brevi
974 2394 1109 2434 poterat
1129 2389 1231 2424 armis
1248 2389 1408 2430 decerni;
1439 2387 1546 2434 idque
1571 2399 1611 2421 eo
1636 2385 1759 2431 magis»

277 2427 372 2481 quod
398 2428 548 2482 adi-utrix
561 2429 628 2464 iam
653 2435 745 2465 esset
769 2439 932 2470 externae
957 2435 1143 2471 obsidionis
1165 2448 1207 2471 ea
1227 2447 1317 2482 qnae
1333 2436 1425 2470 intus
1445 2445 1591 2469 accensa
1610 2438 1687 2467 erat
1707 2432 1759 2466 ci-

276 2484 371 2508 vium
390 2474 526 2509 seditio.
572 2475 775 2522 Imperatori
793 2486 903 2515 autem
925 2482 1061 2517 minime
1079 2483 1115 2517 id
1130 2483 1312 2529 placebat,
1334 2482 1523 2527 Martyrem
1548 2479 1671 2515 colenti
1686 2479 1760 2514 De-

276 2520 449 2555 metrium.
495 2521 634 2567 Alioqui
652 2535 734 2577 vero
753 2525 843 2559 haud
864 2530 1009 2572 putabat
1026 2534 1200 2574 oportere,
1223 2532 1386 2575 quantum
1407 2529 1530 2562 robore
1549 2531 1759 2573 praestaret,

277 2565 315 2600 in
336 2567 550 2622 obsessorum
570 2568 765 2605 calamitate
784 2574 974 2617 ostendere,
995 2576 1056 2610 sed
1072 2577 1256 2611 seditiosos
1273 2575 1352 2610 illos
1369 2575 1457 2610 fame
1474 2574 1612 2609 tandem
1627 2578 1664 2608 et
1682 2585 1761 2618 pre-

277 2618 394 2648 mente
419 2614 596 2649 obsidione
628 2616 757 2670 fractos
782 2630 826 2652 ex
856 2626 959 2664 pacto
988 2634 1026 2657 se
1047 2627 1153 2669 atque
1177 2623 1295 2658 urbem
1320 2634 1399 2657 esse
1416 2621 1609 2656 dedituros,
1658 2619 1760 2664 (lx.)

278 2659 466 2715 Postquam
502 2666 614 2696 autem
639 2664 785 2717 triginta
812 2664 933 2701 diebus
962 2668 1033 2703 illic
1065 2669 1190 2715 elapsis
1223 2681 1280 2704 res
1304 2680 1347 2703 ex
1379 2668 1552 2703 sententia
1574 2666 1762 2702 succedere

276 2706 369 2761 haud
385 2707 603 2762 Yidebantur,
627 2709 781 2755 reliquas
798 2712 934 2756 quidem
951 2714 1044 2749 vires
1058 2716 1144 2750 mari
1160 2715 1338 2762 impositas
1355 2715 1426 2749 dux
1440 2715 1608 2749 barbarus
1626 2714 1762 2747 domum

273 2758 422 2788 remitt1t
444 2754 629 2800 mbetque,
647 2761 687 2790 ut
700 2768 764 2802 per
783 2758 985 2795 maritimam
1002 2761 1178 2798 Thraciae
1197 2774 1290 2798 oram
1306 2761 1532 2806 renavigent:
1555 2760 1699 2801 veritus,
1717 2771 1763 2793 ne

277 2801 491 2881 pjrocedente
513 2805 668 2856 tempore
695 2803 812 2849 aliqua
838 2808 1027 2842 necessitas
1051 2809 1282 2851 incumberet,
1307 2808 1464 2854 adeoque
1480 2807 1534 2842 his
1557 2819 1646 2853 opus
1659 2807 1761 2841 foret.

315 2846 427 2884 electu
444 2852 556 2885 autem
574 2848 713 2894 habito,
736 2862 797 2887 sex
816 2851 983 2890 duntaxat
1003 2855 1170 2892 hominum
1187 2855 1293 2892 millia
1310 2866 1417 2904 penes
1445 2866 1484 2890 se
1502 2854 1658 2891 retinuit.
1707 2853 1763 2889 Ea
