1794 3172
241 117 343 165 720
661 118 977 166 NICEPHORI
1005 117 1330 162 GREGORAE

22 244 61 277 A.
82 243 124 276 M.
141 242 234 279 6852
243 231 333 289 ἴσχε
366 231 415 276 τὸ
452 227 615 290 κράτος.
654 228 760 274 ἔνθα
787 229 839 285 δὴ
882 228 1112 286 γενομένοις
1149 227 1291 285 σφίσιν
1333 225 1446 283 οἶμαι
1475 226 1724 283 νενόμισται,

66 291 134 324 1¹¹⁶·
152 290 381 370 ῙΞΟκοινῆς
413 300 550 352 ἑστίας
578 304 662 344 τῶν
687 297 953 354 πανταχόθεν
993 302 1065 353 τῆς
1098 297 1339 353 οἶκουμένης
1365 295 1547 353 μάλιστα
1580 304 1728 342 πασῶν

241 369 508 430 ὑπαρχούσης
529 371 679 426 αὐτῆς,
713 370 781 412 καὶ
802 367 888 424 ἅμα
907 364 1204 423 πολυγλώσσου
1225 368 1292 409 καὶ
1315 370 1568 423 πολυμιγοῢς
1586 373 1728 426 φωνῆς

243 444 311 487 καὶ
342 439 507 497 γνώμης
538 435 883 494 ἐπιπολαζούσης,
922 434 1143 480 συσκιάσαι
1174 436 1250 491 μὲν
1275 436 1351 492 τὴν
1384 434 1543 480 ἑαυτῶν
1562 439 1723 490 κακίαν,

226 494 507 569 ’μιμήσασθαι
529 509 573 552 δὲ
591 512 673 552 τῶν
694 508 876 563 ὀρνίθων
894 506 991 556 τοὺς
1010 503 1339 563 ὃρυοκολάπτας,
1375 506 1421 549 οἳ
1435 513 1522 558 τοῖς
1541 509 1756 565 δένδρεσι5

239 577 543 638 περιπετόμενοι
557 611 570 632 ,
611 579 680 620 καὶ
710 576 807 620 ὅλον
826 584 912 627 τοῖς
934 574 1115 633 ῥάμφεσι
1139 575 1211 619 τὸν
1230 576 1376 633 φλοιὸν
1399 575 1724 634 περικρούοντες,

242 651 310 694 καὶ
330 648 377 692 τὸ
399 646 583 705 ὖγιαΐνον
601 647 927 704 παρατρέχοντες
946 644 1082 698 ἅπαν,
1120 643 1236 704 μόνῳ
1256 650 1315 705 τῷ
1337 649 1490 705 σαθρῷ
1510 648 1578 689 καὶ
1602 663 1727 702 σεση-

242 717 336 763 πότι
347 719 583 775 χρονίζουσι
605 715 928 775 περικαθήμενοι
945 715 1082 773 μέρει,
1113 715 1271 758 κάκεῖνο
1291 719 1501 759 σιτοῦνται
1522 715 1627 775 πρὸς
1643 714 1728 771 βά-

238 793 323 840 θος
345 788 627 837 κοιλαίνοντες.
693 790 697 799 “

195 868 230 906 D
342 855 396 914 η’.
431 856 538 900 Ἐπεὶ
561 873 603 914 γε
631 854 716 912 μὴν
735 853 839 910 μετὰ
863 854 935 898 τὸν
956 853 1163 910 βασιλέως
1189 852 1380 898 θάνατον
1401 854 1506 912 πρὸς
1527 852 1726 912 ε’μφύλιον
1739 866 1784 901 10

238 925 385 972 στάσιν
407 926 459 970 τὰ
475 923 688 981 Ῥωμαίων
709 924 868 981 ἠγέρθη
889 922 1130 983 πράγματα,
1169 927 1235 968 καὶ
1259 924 1396 982 ὥσπερ
1415 925 1456 968 ἓν
1470 929 1641 981 χειμῶνι
1658 926 1727 967 καὶ

237 998 353 1041 νυκτὶ
379 996 432 1040 τὰ
460 993 597 1039 πάντα
628 993 753 1053 ζόφος
773 989 846 1050 ἦν,
883 992 939 1045 ὥς
959 994 1067 1051 μηδ’
1094 993 1290 1052 ἄστροις,
1330 994 1376 1038 τὸ
1395 992 1723 1051 θρυλλούμενον,

239 1066 333 1110 ὅποι
357 1064 522 1125 φέροιτό
541 1082 605 1115 τις
624 1062 834 1108 δύνασθαι
866 1065 1186 1122 τεκμαίρεσθαι,
1225 1066 1292 1108 ’καὶ
1311 1063 1437 1107 πάντ’
1471 1064 1558 1107 ἅνω
1580 1082 1622 1107 τε
1657 1066 1727 1107 καὶ

239 1134 353 1181 κάτω
387 1137 723 1190 μεταπίπτοντα,
762 1133 876 1189 παρὰ
905 1138 1106 1177 τοσοῦτον
1134 1135 1177 1176 ἐκ
1210 1139 1285 1178 τοῦ
1320 1132 1514 1192 σύνεγγυς
1533 1135 1661 1178 ἐτίθει
1683 1151 1726 1177 τε

240 1208 307 1249 καὶ
329 1203 443 1261 μάλα
466 1209 548 1248 τῶν
569 1203 836 1258 ἐλπιζομένων
859 1201 1052 1261 ἑκάστοις>
1070 1204 1192 1247 ἐποίει
1216 1204 1263 1248 τὸ
1288 1205 1555 1258 ἐπικίνδυνον,
1591 1202 1726 1261 παρό-
1741 1216 1783 1252 15

239 1292 314 1323 σον
343 1273 484 1333 πόῤῥω
510 1276 578 1317 καὶ
607 1274 878 1317 δυσέλπιστον
906 1274 1140 1332 τάσφαλές’
1179 1274 1240 1333 (ἐν
1260 1274 1339 1331 γὰρ
1362 1275 1604 1332 διχοστασίῃ
1623 1276 1727 1331 φασὶ

237 1344 310 1388 τὸν
327 1345 402 1400 μὲν
421 1343 630 1401 πάγκακον
650 1341 861 1400 τυγχάνειν
879 1348 1014 1400 τιμῆς,
1051 1343 1124 1387 τὸν
1142 1345 1187 1387 δὲ
1205 1346 1272 1387 καὶ
1293 1341 1485 1388 ὁπωσοῦν
1503 1345 1728 1399 μετέχοντα

106 1413 314 1458 Ρ-452τοῦ
352 1416 562 1470 βελτίονος
607 1412 778 1471 θρήνων
815 1411 985 1469 πάσχειν
1017 1412 1112 1465 ἄξια
1152 1415 1219 1457 καὶ
1264 1418 1468 1471 τραγικῶν
1505 1411 1728 1457 ἀπολαύειν

238 1488 321 1528 τῶν
334 1482 594 1542 συμφορῶν)
612 1488 694 1527 τῶν
713 1485 944 1541 κρατίστων
964 1482 1064 1527 εἶναι
1084 1482 1208 1538 κάμοὶ
1227 1483 1300 1528 τὸν
1319 1482 1489 1540 ἡσύχιον
1501 1483 1613 1535 ἔδοξε
1632 1485 1727 1539 βίον

238 1552 432 1607 ἑλέσθαι,
470 1558 552 1596 τῶν
568 1557 795 1608 βασιλικῶν
817 1553 1007 1613 ἀφεμένω
1025 1551 1231 1610 θεάτρων.
1269 1558 1343 1597 τοῦ
1364 1554 1443 1611 γὰρ
1468 1554 1726 1610 ἐρεθίζοντος
1738 1567 1784 1602 20

239 1625 306 1667 καὶ
329 1621 467 1679 μα’χην
491 1622 714 1667 ἀντίπαλον
738 1622 988 1674 ἀνιστῶντος
1020 1623 1095 1666 οὖκ
1127 1622 1244 1674 ὄντος
1254 1657 1267 1676 ,
1306 1621 1556 1666 παύσασθαι
1589 1623 1637 1666 τὸ
1661 1641 1726 1666 νε-

238 1690 417 1748 μόμενον
435 1697 508 1749 τῆς
531 1694 677 1743 κακίας
694 1691 852 1751 ᾠήθην.
893 1691 994 1736 ὅθεν
1015 1693 1152 1749 ἐπειδὴ
1175 1699 1262 1745 τοῖς
1296 1692 1436 1744 ἄλλοις
1456 1693 1731 1749 παραινοῦντί

119 1762 318 1817 v·366„uoz
336 1763 433 1811 τοὺς
451 1762 722 1817 πειθομένους
740 1761 881 1818 ἥκιστ’
903 1762 1006 1818 ἔχειν
1025 1763 1133 1819 ἐνῆν,
1173 1762 1220 1805 τὸ
1241 1762 1338 1806 κατ’
1360 1762 1540 1818 ἐμαυτὸν
1562 1764 1727 1806 ἐποίουν

237 1827 376 1881 αὐτός.
412 1828 602 1890 θόρυβον
633 1832 710 1888 μὲν
739 1832 817 1891 γὰρ
849 1833 892 1885 ἐξ
920 1830 1082 1891 εἰρήνης
1121 1830 1266 1895 ῥᾴδιον
1300 1834 1368 1876 καὶ
1399 1839 1487 1885 τοῖς
1510 1830 1726 1891 φαυλοτά-

239 1985 327 2021 rium
344 1986 494 2022 obtinet:
518 1987 600 2031 rati,
623 1987 765 2035 opinor,
790 1989 951 2036 quamdiu
967 1989 1018 2025 ibi
1035 1988 1143 2025 futuri
1168 1994 1303 2031 essent,
1328 2001 1429 2035 posse
1450 2001 1489 2024 se
1506 1989 1543 2024 in
1563 2001 1605 2024 ea
1626 1990 1726 2032 urbe,

241 2044 332 2077 quae
356 2033 499 2068 omnium
526 2036 668 2070 maxime
691 2036 798 2071 totius
817 2037 1042 2082 undecunque
1069 2037 1162 2071 orbis
1182 2036 1387 2071 domicilium
1407 2041 1521 2079 esset,
1549 2042 1585 2071 et
1603 2036 1638 2070 in
1657 2048 1726 2082 qua

241 2079 372 2113 dissoni
390 2086 610 2116 versarentur
632 2087 668 2117 et
687 2083 777 2117 varii
796 2088 864 2118 tam
886 2095 1043 2118 sermone
1067 2095 1169 2129 quam
1190 2083 1339 2118 moribus
1359 2084 1524 2126 homines,
1549 2095 1642 2117 suam
1663 2095 1727 2118 ne·-

243 2126 384 2170 quitiam
401 2127 622 2170 obumbrare,
645 2133 681 2163 et
697 2141 740 2164 ex
760 2130 881 2164 avibus
901 2130 1029 2165 imitari
1050 2131 1146 2176 picos
1167 2131 1336 2172 Martios,
1360 2130 1418 2176 qui
1437 2131 1564 2165 circum
1581 2131 1725 2164 arbores

245 2171 434 2214 volitando,
457 2185 652 2220 omnemque
672 2188 714 2210 ex
731 2176 819 2213 omni
839 2181 939 2222 parte
958 2177 1119 2212 corticem
1139 2177 1260 2211 rostris
1278 2177 1465 2219 tundendo,
1484 2176 1651 2223 quidquid
1668 2189 1727 2211 sa-

243 2229 323 2253 num
343 2224 397 2253 est
413 2225 653 2264 praetereunt,
678 2227 714 2256 et
729 2222 762 2256 ei
781 2223 888 2257 solum
914 2224 1006 2269 parti
1025 2223 1222 2258 incumbunt
1242 2223 1392 2266 diutius,
1417 2235 1505 2270 quae
1523 2223 1652 2258 vitiosa
1671 2226 1740 2271 est⁴

242 2275 285 2300 ac
303 2265 463 2311 putrida,
486 2278 595 2312 eaque
613 2269 714 2302 altius
737 2275 903 2304 excavata
922 2276 1120 2305 vescuntur.
1226 2276 1231 2281 '

336 2313 369 2347 8.
393 2311 531 2346 Mortuo
547 2313 768 2359 imperatore,
790 2328 864 2350 cum
883 2328 939 2350 res
957 2317 1182 2352 Romanorum
1200 2317 1236 2351 in
1252 2317 1376 2351 bellum
1393 2316 1495 2351 civile
1512 2316 1725 2357 incidissent,

218 2362 219 2365 ’
242 2360 279 2393 et
300 2358 411 2393 omnia
432 2364 591 2404 tanquam
617 2361 728 2395 nimbo
750 2373 791 2395 ac
807 2368 907 2396 nocte
926 2363 976 2397 ita
994 2363 1206 2408 caligarent,
1231 2368 1269 2398 ut
1284 2375 1353 2409 quo
1374 2364 1520 2409 quisque
1541 2364 1726 2398 veheretur

243 2416 288 2439 ne
304 2416 346 2438 ex
362 2405 465 2439 astris
481 2406 629 2451 quidem,
646 2414 683 2441 ut
699 2407 804 2449 aiunt,
821 2409 944 2444 coniici
961 2416 1097 2455 posset3
1120 2411 1289 2456 rebusque
1306 2411 1458 2444 omnibus
1475 2421 1605 2444 sursum
1623 2410 1726 2443 deor-

243 2462 316 2486 sum
336 2452 513 2494 euntibus,
537 2458 605 2487 tam
630 2453 778 2488 vicinum
798 2459 891 2488 esset
914 2461 1050 2501 tamque
1075 2462 1339 2502 exspectaretur
1358 2456 1522 2498 exitium,
1546 2467 1646 2501 quam
1665 2457 1728 2490 ab·

243 2502 320 2531 erat
337 2509 377 2532 ac
395 2498 645 2544 desperabatur
665 2499 777 2542 salus3
801 2500 945 2545 (etenim
963 2502 1078 2536 ferunt
1095 2502 1129 2536 in
1146 2502 1332 2537 discordiis
1354 2503 1501 2548 pessimo
1517 2503 1643 2547 cuique
1663 2503 1728 2536 lio-

243 2554 358 2578 norem
375 2545 559 2588 obvenire;
584 2558 659 2581 eum
681 2551 814 2589 autem,
840 2547 897 2591 qui
916 2549 1154 2593 quoquomodo
1175 2551 1218 2584 ad
1242 2549 1382 2584 meliora
1402 2549 1568 2591 inclinat,
1592 2548 1729 2583 luctuo-

245 2589 378 2625 sissima
393 2592 468 2636 pati
486 2604 527 2627 ac
544 2592 697 2638 tragicas
714 2593 895 2638 percipere
915 2594 1126 2629 calamitates
1134 2597 1165 2640 3)
1195 2608 1237 2631 ea
1254 2601 1398 2642 propter
1413 2601 1448 2630 et
1465 2595 1546 2630 mihi
1564 2596 1726 2640 optimum

244 2647 321 2670 esse
343 2637 454 2672 visum
480 2643 535 2672 est
559 2638 775 2685 tranquillam
802 2639 907 2673 vitam
933 2640 1081 2685 eligere,
1114 2643 1157 2676 ab
1185 2643 1305 2678 aulicis
1338 2642 1486 2676 theatris
1513 2641 1725 2677 absistendo.

242 2682 388 2718 Sublato
415 2684 502 2719 enim
522 2685 601 2719 mali
619 2685 858 2727 irritamento,
881 2688 1090 2732 remotisque
1107 2688 1164 2731 iis,
1191 2701 1280 2734 quae
1307 2688 1551 2723 contentiosam
1578 2699 1726 2734 pugnam

243 2729 453 2773 accendunt,
478 2731 581 2766 etiam
602 2731 711 2778 ipsius
729 2732 809 2767 mali
835 2733 1110 2777 progressionem
1135 2747 1273 2770 cessare
1293 2734 1500 2769 existimavi.
1550 2735 1636 2770 Cum
1656 2735 1726 2769 ita-

241 2787 309 2820 que
327 2776 496 2812 hortando
516 2778 602 2812 alios
625 2778 790 2813 neminem
815 2777 875 2823 qui
897 2778 1057 2814 crederet
1073 2780 1229 2816 invenire
1248 2781 1454 2826 potuissem,
1473 2781 1511 2815 id
1529 2781 1610 2823 feci,
1630 2782 1725 2825 quod

241 2822 275 2855 in
293 2833 346 2857 me
368 2828 455 2858 erat.
503 2825 703 2860 Tumultum
727 2836 849 2871 nempe
875 2836 918 2859 ex
941 2836 1026 2871 pace
1046 2826 1188 2863 efficere
1209 2829 1313 2863 etiam
1331 2827 1505 2863 vilissimis
1533 2833 1571 2863 et
1589 2827 1726 2863 infimae
