1754 3164
520 129 769 172 NOMINUM
797 131 866 171 ΕΤ
896 128 1198 172 VERBORUM.

115 229 207 276 416,
243 233 278 268 7.
313 232 542 268 insolescunt:
582 243 700 267 eorum
735 243 826 278 opu-

114 278 223 314 lentia
246 279 336 315 unde
360 279 530 314 creverit:
564 279 671 314 variis
693 279 824 315 artibus

113 325 290 360 castellum
321 338 417 361 suum
442 325 653 372 amplificant
675 337 716 360 ac
747 337 826 360 mu-

113 371 212 406 niunt
237 374 329 415 526,
354 374 413 409 23.
449 372 575 407 Turcis
598 373 719 407 favent
741 373 825 414 539,

113 421 172 454 18.
214 418 338 454 bellum
370 424 494 465 aperte
525 419 709 454 moliuntur
741 420 822 461 539,

111 466 171 500 20.
196 465 234 499 in
253 476 394 500 summas
419 465 594 510 angustias
613 465 748 500 redacti
777 466 822 500 ab

113 511 312 547 Andronico
322 511 467 555 iuniore,
491 511 655 547 ferociam
670 517 821 547 exuunt:

112 568 232 603 pacem
256 558 443 604 impetrant
473 557 557 600 540,
588 560 646 594 23.
675 564 820 593 vexatos

111 604 157 638 ab
181 606 279 639 Anna
302 605 482 650 excipiunt
502 605 585 646 748,
610 606 663 641 15.
688 606 732 640 ab
757 605 821 640 ad·-

110 651 269 686 vehendo
294 651 498 697 Byzantium
529 653 704 687 frumento
740 653 820 686 abs-

109 697 244 732 tinent:
290 698 441 744 receptis
475 700 576 734 rebus
599 698 690 742 suis,
737 698 820 732 red-

110 749 194 778 eunt
218 744 254 778 in
272 746 421 790 gratiam
441 757 516 780 cum
529 746 707 791 Byzantiis
737 747 819 787 766,

108 792 167 827 20.
209 791 388 837 suppetias
419 791 562 827 veniunt
597 794 716 826 Annae
747 795 820 827 Au-

107 842 233 882 gustae
257 849 332 872 cum
356 836 488 873 duabus
511 838 727 873 triremibus:
760 850 818 872 re-

107 883 283 930 pelluntur
317 884 408 927 775,
439 886 499 920 22.
539 885 711 920 rebellant
735 887 816 926 835,

107 933 165 967 18.
190 930 271 972 841,
297 933 329 967 1.
360 931 486 976 quibus
510 931 639 966 artibus
664 931 816 978 opulenti

107 982 146 1012 et
170 982 329 1023 potentes
352 979 526 1013 evaserint
548 978 635 1020 841,
660 980 695 1014 6.
730 979 817 1013 clas-

104 1035 175 1058 sem
199 1036 220 1058 a
245 1025 490 1060 Cantacuzeno
523 1025 674 1059 construi
709 1037 816 1070 aegre

105 1071 247 1105 ferunt:
287 1071 410 1106 caedes
442 1072 486 1106 ab
516 1071 558 1106 iis
588 1077 815 1117 perpetratae

107 1117 188 1158 842,
215 1119 271 1154 12.
304 1118 435 1153 viribus
458 1117 698 1164 praevalentes
732 1117 813 1159 844,

104 1165 139 1200 9.
163 1164 248 1199 inita
273 1176 349 1199 cum
381 1165 647 1211 imperatoribus
671 1165 814 1199 foedera

102 1216 227 1256 aperte
253 1211 406 1246 violant:
446 1211 666 1258 piscatoriam
699 1212 813 1245 navim

101 1269 168 1304 per
209 1257 425 1292 latrocinium
459 1257 619 1303 capiunt:
660 1258 813 1292 homines

100 1303 262 1338 occidunt
286 1303 378 1346 844,
403 1302 460 1341 14.
486 1305 611 1339 bellum
636 1304 722 1338 clam
747 1316 812 1350 ap-

100 1357 249 1398 parant:
274 1351 398 1386 navale
419 1351 573 1386 muniunt
596 1350 674 1393 345,
701 1353 735 1386 2.
759 1351 811 1385 le-

101 1403 201 1443 gatos
221 1397 266 1431 de
288 1409 378 1444 pace
402 1397 446 1432 ad
470 1397 550 1443 imp.
582 1398 706 1433 Irenen
731 1396 810 1431 mit-

99 1448 179 1479 tunt
200 1443 281 1486 845,
307 1446 340 1480 9.
364 1444 485 1490 iniqua
506 1449 543 1478 et
574 1444 722 1490 superba
745 1455 810 1488 po-

99 1490 230 1525 stulant
252 1489 322 1527 846
338 1516 348 1534 ,
383 1493 415 1526 1.
435 1491 702 1537 praemeditati,
732 1490 810 1535 By-

99 1536 234 1571 zantios
257 1536 443 1583 imparatos
469 1537 689 1572 adoriuntur:
714 1548 808 1570 oram

98 1583 299 1619 maritimam
322 1583 492 1618 incendiis
516 1590 655 1618 vastant
673 1583 751 1625 848,
772 1584 809 1620 3.

98 1630 274 1665 castellum
308 1642 402 1665 suum
425 1630 640 1676 amplificant
675 1636 712 1665 et
734 1640 808 1664 mu-

96 1676 196 1711 niunt
226 1677 315 1720 848,
361 1681 415 1713 10.
455 1677 661 1722 Byzantium
692 1688 808 1723 oppu-

96 1727 225 1769 gnant:
250 1723 481 1769 repelluntur:
507 1723 746 1758 frumentarias
770 1729 807 1758 et

96 1770 275 1805 onerarias
297 1770 521 1816 intercipiunt
544 1770 635 1814 848,
660 1771 718 1807 24.
744 1782 805 1804 eo-

95 1828 170 1851 rum
202 1829 279 1864 spes
311 1817 498 1863 deceptae:
540 1829 633 1852 nova
666 1815 806 1852 consilia

95 1866 177 1905 850,
201 1864 234 1901 4.
260 1863 369 1910 copiis
393 1863 588 1899 domesticis
606 1870 642 1898 et
667 1863 805 1898 aliunde

94 1910 217 1946 accitis
240 1910 510 1945 instructissimit
536 1911 725 1956 Byzantios
749 1911 805 1944 fa·-

95 1956 163 1991 cile
185 1957 380 2003 repellunt=
412 1957 600 1992 machinam
631 1957 804 2003 ingentem

98 2003 181 2038 navi
215 2004 395 2050 imponunt
435 2005 524 2047 851,
568 2006 603 2041 6.
645 2004 803 2038 machina

91 2061 191 2086 muro
239 2049 334 2085 urbis
384 2050 545 2092 admota,
603 2050 803 2086 acerrimam

91 2108 246 2143 pugnam
272 2097 488 2132 committunt
520 2098 599 2137 852,
628 2099 662 2133 2.
687 2097 802 2132 multis

91 2154 228 2179 suorum
269 2144 418 2187 amissis,
458 2143 672 2179 consternati
700 2155 800 2179 rece-

89 2190 198 2225 dunt:
242 2194 426 2236 antequam
466 2190 601 2225 domum
640 2191 799 2233 redeant,

90 2241 242 2272 mortuos
252 2237 339 2272 clam
350 2237 521 2284 sepeliunt
536 2239 617 2280 853,
632 2239 663 2273 1.
678 2249 798 2283 pacem

88 2295 157 2365 per
179 2284 313 2329 legatos
336 2285 468 2319 frustra
490 2290 632 2330 petunt:
674 2284 798 2319 bellum

113 2330 282 2365 iutumius
314 2335 441 2377 parant
473 2333 553 2373 853,
593 2332 653 2367 22.
691 2342 797 2365 naves

89 2377 303 2412 subducunt:
328 2377 458 2413 auxilia
481 2383 518 2413 et
540 2378 636 2424 pacis
649 2378 796 2412 arbitros

88 2428 268 2458 arcessunt
290 2425 384 2468 856,
411 2427 466 2460 11.
489 2437 578 2471 pace
601 2436 670 2459 non
691 2424 796 2470 impe-

88 2474 196 2512 trata,
229 2470 414 2516 pretiosam
431 2472 690 2518 supellectilem,
717 2471 796 2516 qui-

88 2516 166 2551 dam
191 2518 294 2552 etiam
317 2529 439 2553 uxores
462 2524 500 2553 et
521 2518 647 2553 liberos
671 2517 794 2563 legatis

87 2562 235 2598 Rhodiis
282 2565 512 2611 exportandos
571 2565 793 2607 committunt,

86 2609 174 2646 ibid.
206 2610 454 2647 Galataeorum
487 2611 590 2647 anxia
620 2611 793 2646 delibera-

86 2656 158 2691 tio:
182 2667 298 2691 omnes
322 2659 513 2693 cedendum
530 2670 605 2693 esse
620 2662 793 2692 statuunt:

85 2701 176 2737 solus
198 2704 389 2744 navarchus
412 2707 609 2750 refragatur
632 2706 713 2746 859,
736 2706 792 2740 10.

85 2748 256 2784 instructa
287 2761 352 2785 sua
390 2752 522 2794 classe,
562 2751 792 2796 Byzantinam

85 2800 267 2841 expectat,
304 2798 476 2834 consilium
501 2810 544 2834 ex
567 2810 606 2834 re
629 2804 791 2844 capturus

1497 123 1628 174 1349

919 233 1001 275 860,
1035 233 1068 268 1.
1099 231 1216 268 vacuis
1247 232 1498 279 Byzantiorum
1523 234 1623 270 navi-

918 279 982 314 bus
1005 278 1141 325 potitur
1170 281 1259 322 863,
1291 283 1347 317 17.
1378 282 1626 317 Galataeorum

918 326 1079 371 aequitas
1109 329 1148 360 et
1169 326 1352 362 clementia
1374 327 1464 371 864,
1497 331 1532 365 9.
1566 329 1625 363 vi-

917 371 1028 407 ctoria
1050 372 1228 408 moderate
1251 373 1339 417 usi,
1361 384 1479 419 pacem
1502 378 1625 421 petunt

917 420 1007 461 865,
1039 420 1097 455 22.
1121 419 1256 465 iniquas
1279 420 1374 465 pacis
1403 420 1500 467 leges
1521 423 1625 457 sube-

915 470 978 500 unt
1001 466 1092 507 866,
1120 467 1156 502 6.
1186 466 1334 501 Pontum
1357 466 1526 502 Euxinum
1543 469 1624 513 By-

915 511 1039 546 zantiis
1063 515 1099 546 et
1122 513 1266 547 Venetis
1288 513 1451 549 claudunt
1473 515 1556 555 377.
1585 517 1621 552 2.

913 558 1112 604 Byzantina
1128 559 1295 594 suburbia
1308 558 1495 597 incendunt
1519 562 1622 604 1031,

868 650 1044 686 Gallesius
1068 663 1162 687 mons
1186 653 1278 695 107,
1304 653 1360 688 17.
1390 652 1476 700 ibiq.
1500 659 1619 690 annot.

868 698 963 733 Galli
995 698 1032 732 S.
1068 698 1274 745 Sepulcrum
1306 699 1535 743 vindicaturi,
1582 701 1619 736 in

912 745 1049 790 Syriam
1061 745 1348 791 proficiscuntur:
1366 747 1516 782 Danubii
1524 759 1619 782 oram

912 791 1054 836 legunt:
1087 792 1124 825 in
1149 791 1304 827 Thracia
1333 798 1618 828 castrametantur

912 840 993 880 103,
1017 840 1049 875 3.
1074 838 1212 883 legatos
1236 838 1378 874 mittunt
1394 839 1439 874 ad
1458 840 1616 875 Alexium

913 885 1142 919 Comnenum=
1183 896 1258 919 cum
1283 886 1402 920 eodem
1434 887 1616 932 paciscun-

907 935 965 965 tur
988 931 1033 966 de
1056 930 1186 965 Turcis
1210 932 1362 967 Romano
1395 934 1468 968 solo
1496 934 1615 979 expel-

908 977 1019 1012 lendis
1062 979 1150 1019 103,
1195 980 1250 1013 18.
1286 978 1452 1014 Romanis
1489 979 1613 1022 iuncti,

908 1035 1066 1068 magnam
1110 1023 1215 1059 Asiae
1254 1030 1390 1070 partem
1427 1027 1611 1072 subigunt:

907 1074 996 1105 omni
1007 1070 1139 1116 praeda
1147 1071 1344 1116 potiuntur:
1359 1071 1488 1107 Cilices
1496 1078 1613 1108 trans-

906 1118 993 1152 itum
1012 1119 1098 1152 dant
1108 1117 1188 1159 104,
1207 1119 1262 1152 17.
1288 1118 1425 1163 Syriam
1440 1123 1476 1154 et
1497 1120 1612 1154 Phoe-

906 1163 1030 1198 niciam
1047 1163 1256 1208 ingressuris
1275 1165 1408 1200 Arabes
1420 1166 1610 1201 obsistunt:
1679 1209 1683 1212 ἱ

906 1210 1001 1244 Galli
1037 1215 1227 1245 commeatu
1250 1210 1449 1253 interclusi,
1488 1212 1611 1247 bellum

905 1262 1055 1302 gerunt:
1090 1256 1249 1292 hostibus
1273 1258 1475 1302 debellatis,
1500 1258 1610 1294 domi-

905 1304 1018 1338 cilimn
1050 1303 1117 1337 sibi
1156 1303 1193 1337 in
1225 1303 1333 1349 Syria
1371 1307 1608 1340 constituunt:

904 1350 980 1384 voti
1004 1349 1257 1385 obliviscuntur
1282 1351 1368 1393 105,
1403 1353 1458 1387 16.
1495 1353 1609 1387 Phoe-

903 1396 993 1431 nicia
1017 1401 1054 1431 et
1076 1395 1181 1442 Syria
1198 1397 1469 1432 exterminantur
1483 1398 1528 1432 ab
1539 1401 1608 1433 Ae-

900 1442 1035 1489 gyptiis
1060 1445 1147 1485 102,
1181 1443 1216 1478 3.
1251 1443 1428 1478 Gallorum
1452 1444 1606 1490 equitum

901 1492 1014 1524 virtus
1035 1489 1126 1531 455,
1159 1491 1215 1524 29.
1251 1489 1374 1525 Gallus
1408 1491 1604 1535 astrologus

899 1535 1072 1583 placentia
1089 1537 1211 1570 Annae
1228 1536 1318 1582 Aug.
1336 1536 1508 1583 praedicit
1521 1539 1603 1580 722,

899 1585 957 1619 21.
993 1581 1083 1617 Vide
1106 1587 1144 1616 et
1165 1584 1246 1624 769,
1269 1585 1303 1619 9.

855 1629 974 1665 Gallia
996 1630 1088 1671 238,
1114 1631 1168 1665 10.
1193 1635 1340 1674 utraque
1364 1629 1450 1671 103,
1473 1629 1511 1665 2.
1539 1640 1603 1664 ex-

898 1681 1010 1711 trema
1026 1677 1107 1717 332,
1117 1677 1173 1711 21.
1195 1675 1429 1722 Transalpina
1444 1678 1528 1719 218,
1543 1680 1600 1713 10.

853 1723 994 1758 Galliae
1014 1722 1140 1757 limites
1164 1724 1243 1765 102,
1264 1724 1324 1758 23.

853 1770 946 1805 Gaui
969 1768 1204 1815 metropolita:
1220 1795 1224 1798 ,
1239 1769 1314 1804 eius
1344 1768 1494 1814 elogium
1516 1770 1599 1812 892,

851 1863 991 1899 Ganos:
1028 1866 1160 1897 montes
1183 1861 1265 1907 περὶ
1296 1861 1342 1899 τὸ
1368 1860 1493 1905 Γάνος
1516 1863 1596 1906 100,

896 1913 954 1947 20.
978 1910 1050 1946 τοῦ
1075 1908 1205 1945 Γάνον
1230 1911 1311 1953 118,
1335 1911 1390 1947 18.

850 1957 1010 1992 Gasmuli
1044 1957 1089 1992 ab
1130 1968 1238 1991 uxore
1276 1956 1454 2003 Apocauci
1489 1955 1597 1991 vidua

895 2007 1087 2040 armantur:
1121 2015 1235 2038 arcem
1269 2007 1489 2049 expugnant:
1531 2003 1594 2038 ob-

894 2051 969 2086 vios
993 2061 1146 2096 quosque
1168 2049 1326 2095 iugulant
1347 2051 1429 2093 736,
1452 2050 1486 2086 5.

847 2109 1051 2145 Gasmulica
1075 2121 1160 2154 gens
1182 2111 1242 2152 98,
1266 2110 1300 2145 7.
1330 2110 1434 2144 turba
1450 2108 1495 2145 ob
1518 2107 1593 2143 ino-

891 2156 982 2202 piam
1005 2156 1164 2202 dispersa
1187 2158 1268 2200 175,
1293 2157 1349 2192 18.

845 2214 1044 2296 Geneaeos9
1054 2214 1143 2250 liber
1174 2216 1265 2259 961,
1311 2216 1370 2253 20.
1406 2214 1510 2251 1056,
1554 2212 1590 2249 5.

892 2262 996 2304 1114,
1045 2288 1053 2295 .

844 2307 1008 2344 Geniales
1032 2307 1107 2343 dies
1129 2309 1211 2352 303,
1234 2309 1270 2346 5.

843 2366 969 2401 Genua.
990 2366 1096 2401 urbs:
1127 2366 1186 2401 ubi
1210 2366 1278 2402 sita
1300 2367 1381 2407 286,
1413 2364 1469 2399 18.
1502 2373 1586 2408 pro-

913 2411 975 2447 riis
1005 2413 1155 2448 motibus
1186 2420 1223 2448 et
1254 2411 1373 2448 vicinis
1402 2409 1503 2444 bellis
1533 2409 1586 2443 la-

911 2463 990 2494 orat
1012 2460 1102 2503 856,
1127 2462 1183 2497 18.
1208 2459 1352 2494 Nobiles
1376 2458 1501 2492 Genua
1524 2467 1584 2490 ex-

885 2505 958 2541 acti
980 2507 1061 2550 765,
1086 2508 1140 2543 11.

840 2565 1044 2601 Genuenses
1053 2564 1136 2599 mari
1153 2564 1294 2598 vincunt
1303 2563 1490 2599 Catalanos
1499 2561 1581 2604 227,

886 2613 942 2648 17.
966 2624 987 2646 o
1013 2612 1189 2646 timatibus
1206 2611 1291 2645 urbe
1316 2609 1459 2651 exactis,
1481 2619 1582 2643 unum

885 2657 953 2694 sibi
999 2669 1093 2693 ucem
1122 2669 1216 2692 more
1238 2657 1446 2691 Venetorum
1477 2666 1581 2701 prae-

882 2704 1006 2740 ficiunt
1027 2702 1118 2746 548,
1150 2706 1184 2739 1.
1215 2702 1417 2738 mercaturis
1449 2700 1580 2742 dediti3

884 2751 1035 2787 colonias
1071 2750 1107 2784 in
1139 2750 1212 2784 oris
1244 2749 1421 2784 maritimis
1453 2747 1580 2782 consti-

883 2803 984 2834 tuunt
1007 2797 1097 2839 683,
1131 2799 1187 2834 16.
1223 2796 1346 2844 Capha
1369 2796 1413 2832 ab
1436 2794 1479 2830 iis
1501 2795 1580 2830 fun-
