1754 3164
179 125 311 185 1282
673 141 1153 186 ANNOTATIONES.

292 251 520 304 Pag.768,
554 249 618 290 11
681 245 764 301 Τὴν
789 237 957 302 γνῶμην
978 265 1215 302 περιφανως
1234 239 1496 304 μετήνεγκε..
1536 245 1646 302 .τη’ν
1669 264 1710 289 τε

173 307 267 363 περὶ
287 306 335 348 τοὶ
346 281 480 360 ἑΒδόγμ.
506 302 673 362 γνώμην
698 306 856 348 ἐκείνου
880 310 1062 373 κυροῦσα
1083 314 1157 345 eie.
1166 306 1180 359 ]
1223 307 1311 346 Huc
1335 308 1510 360 pentinet
1527 307 1710 345 Palamae

176 367 225 405 ad
263 368 479 416 Augustam
509 365 698 418 epistola,
728 378 829 416 quae
861 372 992 404 exstat
1016 366 1060 404 in
1091 365 1237 404 Codice
1265 366 1389 418 Regio
1421 366 1545 408 2409.
1585 378 1709 418 supra

175 425 352 473 laudato,
379 422 448 465 fol.
466 426 534 466 53.
563 423 620 463 Ea
643 429 701 461 est
727 422 934 462 eiusmodi.

261 518 313 564 Γ
309 515 537 581 ρηγορίου
585 511 964 580 α’ρχιεπισκόπου
1009 514 1352 580 Θεσσαλονίκης
1396 512 1626 580 ἐπιστολή

330 594 450 662 πρός
484 593 575 662 τῆν
610 597 860 661 θεοστεφῆ
894 597 1145 659 βασιλίδα,
1181 593 1333 662 κυροῖν
1361 595 1547 645 ”Λνναν

671 674 762 743 τήν
799 678 1208 741 Παλαιολογίναν.

283 766 415 811 Ου’δὲν
455 767 584 818 ου’τως
624 767 944 826 αναγκαιότατον
985 766 1081 811 ου’δὲ
1116 764 1434 811 λυσιτελέστατόν
1460 784 1501 809 τε
1531 765 1615 820 ἅμα
1642 767 1711 808 καὶ

174 828 507 882 πρεπωδέστατον
551 833 636 878 τοῖς
673 832 747 870 τοῦ
787 824 1081 882 Χριστωνύμου
1123 828 1264 882 γένους
1303 823 1395 868 κατ’
1437 823 1626 867 ευδοκίαν
1669 826 1711 866 ἐκ

175 889 283 927 θεοῦ
313 883 620 940 βασιλεύουσιν,
669 903 723 935 ως
751 883 796 928 τὸ
830 889 1008 939 χρῆσθαι
1043 889 1096 942 τῇ
1125 883 1295 939 δυνάμει
1329 887 1402 938 τῆς
1432 884 1475 925 ἐκ
1504 887 1609 924 θεοῦ
1642 885 1711 937 βα-

176 945 348 1003 σιλείας,
388 943 491 999 υπὲρ
523 947 595 997 τῆς
635 941 772 985 ἀιδίου
808 946 884 985 τοῦ
922 947 1029 985 θεοῦ
1058 946 1279 997 βασιλείας,
1317 941 1345 996 ’ἣ
1374 958 1484 995 παρα
1521 944 1602 982 τῶν
1631 945 1711 983 νῦν

177 996 305 1052 αὖθις
335 998 619 1055 ἀντικειμένων
648 1002 749 1056 ἡμῖν
780 1002 837 1050 εἷς
864 1002 1008 1054 κτίσμα
1032 1003 1323 1055 φρενοβλαβως
1350 1003 1609 1040 κατασπᾶται.
1643 999 1711 1040 καὶ

175 1063 294 1101 τοῦτο
326 1059 462 1108 συνεὶς
492 1060 600 1113 εἴπερ
630 1077 689 1108 τις
717 1059 738 1102 6
765 1057 892 1108 πολυς
930 1059 1082 1108 ἐκεῖνος
1120 1060 1189 1100 καὶ
1227 1077 1275 1100 τα
1305 1074 1440 1100 παντα
1478 1053 1711 1110 θαυμασιος

177 1116 297 1170 η’μων
327 1115 538 1170 βασιλευς,
579 1118 725 1166 ε’δειξεν
764 1118 865 1172 ε’ργῳ
906 1133 981 1170 την
1018 1119 1225 1170 βασιλείαν
1255 1117 1299 1158 έκ
1327 1119 1434 1157 θεοῦ
1465 1114 1710 1168 δεδεγμένος,

178 1191 247 1216 ατε
280 1177 399 1228 ζῆλον
430 1175 576 1217 ε’νθεον
605 1173 707 1229 νπὲρ
737 1176 810 1228 τῆς
840 1175 996 1217 ἐκείνου
1028 1177 1231 1228 βασιλείας
1262 1171 1528 1244 ἀνῃρημένος,
1552 1172 1620 1213 καὶ
1642 1189 1710 1213 κα-

175 1246 383 1281 τασπασας
422 1233 479 1281 εἰς
515 1232 625 1282 τέλος
661 1249 756 1281 τους
793 1231 839 1274 τό
876 1230 988 1284 ν’ψος
1026 1233 1181 1286 ἐκείνης
1218 1235 1438 1273 ταπεινοῦν
1467 1229 1710 1300 ἦρημένους.

176 1294 295 1332 τοῦτο
325 1290 392 1332 καὶ
422 1289 452 1344 ἦ
483 1292 671 1345 κρατίστη
704 1288 753 1343 ση“
786 1291 986 1344 βασιλεία,
1026 1290 1218 1332 δέσποινα
1255 1289 1376 1364 ἤμων
1406 1288 1524 1343 ἁγία,
1564 1284 1621 1328 δι’
1653 1303 1712 1328 ων

176 1346 258 1401 ’ἤδη
288 1364 502 1419 πραττεις,
524 1348 700 1403 ἐναργῶς
730 1350 919 1396 διατελεῖς
948 1352 1210 1401 παριστῶσα··
1232 1348 1301 1389 καὶ
1335 1349 1398 1400 εἴη
1432 1360 1496 1387 σοι
1518 1362 1592 1398 την
1611 1362 1713 1400 πρα-

178 1408 242 1456 ξιν
262 1407 319 1455 εἰς
337 1405 447 1455 τέλος
455 1402 660 1477 ”ayayeim
691 1407 760 1448 καὶ
783 1404 878 1454 τούς
907 1409 960 1463 τῇ
989 1402 1171 1463 ευσεβεία
1199 1403 1340 1456 πάλιν,
1371 1421 1425 1453 ως
1454 1404 1609 1445 ἐκείνου
1640 1420 1711 1473 μη-

176 1459 274 1504 κέθ’
311 1463 412 1518 ἡμῖν
452 1462 593 1516 ὄντος,
635 1461 812 1513 ἀναιδῶς
853 1460 1134 1515 ἄντισταντας,
1177 1464 1233 1512 εἰς
1261 1463 1371 1511 τέλος
1398 1465 1610 1512 καθελεῖν,
1651 1456 1711 1502 ’ἵν’

177 1522 343 1578 ἐκείνῳ,
383 1519 571 1576 καθαπερ
600 1526 684 1570 τοῖς
714 1520 849 1571 ἄλλοις
888 1517 1061 1575 αγαθοῖς
1089 1533 1235 1572 πασιν,
1279 1518 1384 1562 ου’τω
1412 1518 1481 1560 καὶ
1510 1516 1581 1560 τὸν
1607 1516 1711 1573 υπὲρ

178 1582 284 1620 θεοῦ
314 1581 435 1632 ζῆλον
466 1576 694 1628 ἰσοστασιος
726 1581 824 1632 είης.
867 1579 952 1620 ἐπεὶ
982 1578 1024 1620 δὲ
1058 1583 1114 1636 τῷ
1142 1576 1371 1648 θεοκινήτῳ
1403 1574 1506 1632 ζήλῳ
1535 1593 1611 1629 την
1641 1578 1709 1629 βα-

179 1633 444 1691 σιλικωτάτην
472 1638 516 1679 ἐν
546 1634 705 1691 αρεταΐς
734 1636 1057 1711 συγκεκραμένην
1087 1637 1230 1690 ἔχουσα
1259 1634 1470 1692 φρόνησιν,
1501 1637 1624 1687 ζητεῖς
1643 1650 1711 1674 κα

178 1697 260 1744 λως
288 1698 463 1736 ποιοῦσα
492 1700 642 1749 μαθεῖν
670 1693 725 1744 ὥς
755 1695 797 1737 έν
827 1692 1002 1752 έπιτόμῳ
1032 1695 1102 1736 καὶ
1131 1712 1231 1736 κατα
1259 1693 1303 1736 τὸ
1332 1694 1534 1761 ἐγχωροῦν
1556 1704 1711 1743 σαφως,

178 1750 229 1794 τοὶ
263 1749 364 1807 παρ’
390 1751 510 1806 ημῶν
538 1753 604 1795 καὶ
641 1750 720 1822 τὴν
755 1748 898 1795 αντιθέ
901 1770 978 1794 των
1007 1752 1128 1807 ημῶν
1156 1753 1225 1794 καὶ
1244 1748 1517 1825 φρονούμενα
1545 1749 1614 1790 καὶ
1643 1752 1711 1790 λε-

179 1806 329 1881 γόμενα
357 1811 448 1864 περὶ
477 1814 551 1852 τοῦ
578 1807 794 1852 θειοτατου
825 1808 981 1863 φωτὸς,
1041 1808 1146 1852 οὕτω
1185 1807 1300 1851 ταῦτ’
1340 1809 1430 1877 ε’χει.
1524 1806 1608 1848 Καὶ
1636 1822 1712 1860 την

181 1864 328 1909 ουσίαν
364 1871 440 1910 τοῦ
476 1872 581 1909 θεοῦ
615 1869 658 1910 οἱ
695 1885 804 1939 αγιοι
841 1869 946 1910 ε’στιν
986 1862 1037 1909 οὗ
1064 1865 1241 1921 θεότητα
1270 1863 1534 1920 ὄνομαζουσι,
1573 1864 1642 1906 καὶ
1671 1862 1715 1905 τὸ

180 1941 272 1977 φως
300 1922 402 1966 καθ’
443 1923 465 1966 6
492 1923 660 1979 λάμψας
697 1922 935 1994 απορρήτως
967 1925 991 1967 6
1018 1923 1160 1980 κύριος
1196 1924 1317 1979 ημῶν
1355 1921 1508 1976 Ἰησοῦς
1539 1919 1713 1977 Χριστός

181 1982 249 2024 ἐπὶ
277 1986 351 2024 τοῦ
375 1985 599 2054 Θαβωρίου
627 1982 762 2052 ὅρους
796 1980 1071 2055 περιήστραψε
1107 1981 1203 2032 τοῦς
1232 1978 1538 2035 συναναβαντας
1569 1985 1711 2033 μαθη-

180 2056 276 2091 τας,
308 2037 486 2094 θεότητα
513 2037 789 2114 ὀνομάζουσιν.
821 2057 875 2090 ως
905 2057 981 2082 ουν
1009 2057 1128 2111 ημων
1157 2039 1342 2082 ακτιστον
1371 2036 1474 2081 εἶναι
1503 2034 1712 2108 φρονούν-

180 2112 263 2138 των
292 2113 387 2151 μετα
417 2102 488 2152 τῆς
516 2097 619 2167 υπὲρ
648 2102 784 2140 πᾶσαν
814 2098 1010 2150 ε’κφανσιν
1040 2095 1203 2151 ου’σίας,
1242 2098 1312 2140 καὶ
1350 2113 1425 2150 την
1463 2101 1564 2147 τοῖς(
1585 2091 1712 2144 οἷξίοις

183 2154 507 2208 ἐπιφαινομένην
535 2153 687 2209 ταύτην
707 2156 917 2210 ε’λλαμψιν,
949 2153 1025 2198 δύο
1046 2154 1243 2210 θεότητας
1272 2153 1483 2203 οἷκτίστους
1511 2150 1712 2206 πρεσβεύ-

183 2227 258 2264 ειν,
290 2212 582 2282 ὑπερκειμένην
605 2214 671 2255 καὶ
682 2213 928 2285 υφειμένην
958 2214 980 2257 6
1006 2211 1236 2264 Ἀκίνδυνος
1262 2216 1493 2284 κατηγορεῖ,
1522 2207 1711 2263 καθάπερ

183 2270 254 2312 καὶ
292 2269 314 2313 6
349 2268 554 2324 Βαρλααμ.
598 2268 720 2321 αὐτὸς
760 2271 803 2312 δὲ
844 2270 975 2326 μόνην
1014 2271 1199 2314 ἅκτιστον
1240 2269 1346 2313 εἶναι
1383 2269 1486 2323 λέγει
1527 2264 1711 2320 θεότητα,

185 2324 373 2383 καθαπερ
412 2328 481 2369 καὶ
518 2325 714 2382 πρότερον
751 2330 925 2381 ἐκεῖνος,
974 2346 1049 2383 την
1088 2327 1233 2372 ου’σίαν
1269 2331 1343 2370 τοῦ
1378 2330 1502 2368 θεοῦ·
1555 2341 1630 2378 την
1668 2323 1712 2365 δὲ

183 2386 307 2427 θείαν
340 2386 498 2440 ἐκείνην
528 2387 737 2444 ε’λλαμψιν,
773 2384 949 2441 κτιστήν.
987 2387 1073 2429 ἐπεὶ
1107 2386 1151 2429 δὲ
1179 2384 1343 2439 κτιστην
1375 2382 1477 2426 εἶναι
1505 2382 1606 2452 λέγει
1635 2397 1712 2435 την

184 2444 307 2485 θείαν
336 2443 534 2498 ἕλλαμψιν
563 2444 738 2497 ἐκείνην,
767 2445 837 2486 καὶ
856 2445 1081 2499 υφειμένην
1098 2442 1202 2486 εἶναι
1224 2443 1326 2498 λέγει
1354 2457 1527 2491 παντως.
1558 2436 1712 2482 οὐκοῦν

185 2497 262 2543 δύο
292 2500 396 2562 λέγει
423 2501 491 2543 καὶ
515 2498 635 2549 αὐτός
663 2499 871 2556 θεότητας,
899 2502 1190 2573 υπερκειμένην
1217 2501 1286 2543 καὶ
1313 2499 1550 2553 υφειμένην.
1581 2512 1712 2550 φανε-

186 2556 261 2613 ρόν
290 2562 366 2601 οὐν
398 2576 452 2609 ως
481 2557 584 2629 πρός
613 2557 773 2613 οἷπατην
802 2565 884 2602 τῶν
914 2557 1168 2612 ακουόντων,
1218 2557 1294 2612 τήν
1322 2556 1615 2610 υπερκειμένην
1644 2554 1712 2594 καὶ

185 2616 412 2671 ’ὑφειμένην
440 2616 559 2671 ημῶν
588 2622 802 2689 x‘oevnyoqei
826 2615 1014 2672 θεότητα.
1053 2621 1171 2659 τόῦτο
1202 2616 1245 2658 δέ
1274 2617 1379 2658 ἐστιν
1403 2611 1571 2667 αληθως
1601 2607 1657 2653 δι’
1688 2609 1713 2653 ὃ

185 2673 308 2727 ’ἡμῶν
335 2679 567 2731 κατηγορεῖ,
604 2671 667 2716 ὅτι
694 2672 739 2716 τό
767 2680 885 2717 θεῖον
916 2675 984 2717 καὶ
1021 2670 1249 2728 ἆπόῤῥητον
1279 2675 1407 2716 έκεῖνο
1438 2687 1548 2724 φως,
1578 2668 1599 2712 6
1626 2684 1713 2710 κτι-

187 2730 278 2773 στόν
309 2729 414 2775 εἶναί
442 2745 573 2799 φησιν
598 2729 736 2783 αὐτὸς,
769 2730 955 2775 α’κτιστον
985 2730 1089 2775 εἶναι
1117 2728 1390 2802 πρεσβεύομεν
1418 2729 1553 2783 ημεῖς,
1583 2723 1713 2768 καθα-

185 2804 261 2844 περ
293 2791 337 2832 σι’
359 2806 402 2832 τε
437 2786 642 2846 θεοφόροι
669 2788 834 2845 πατέρες
861 2791 931 2833 και
952 2787 1123 2846 Χριστός
1154 2786 1272 2839 αὐτὸς
1301 2789 1325 2831 6
1349 2804 1449 2831 κατα
1471 2788 1589 2828 τοῦτο
1611 2780 1713 2837 λαμ-ν
