1794 3172
257 134 360 183 872
670 137 987 184 NICEPHORI
1016 137 1343 184 GREGORAE

37 263 76 296 A.
89 262 135 295 Μ.
153 261 245 298 6858
258 248 466 311 ἀφθόνοις
482 254 567 294 τῶν
587 266 630 306 γε
653 247 788 292 ἄλλων
823 250 891 291 καὶ
925 247 953 292 ἃ
980 252 1064 292 τῶν
1082 250 1124 292 ἐν
1140 250 1221 309 βίῳ
1242 254 1381 294 καλῶν
1399 250 1468 294 καὶ
1485 251 1629 306 τιμίων
1650 267 1737 307 ψυ-

91 311 198 346 ¹¹¹d·3
217 330 349 389 Οχαῒς
383 320 434 365 ἂν
467 320 526 376 εἴη
562 316 797 377 φιλοδόξοις
827 317 925 361 κατ’
967 317 1104 375 ἔφεσιν
1142 321 1380 376 πειρᾶσθαί
1401 338 1454 376 με
1486 321 1644 364 πείθειν
1669 323 1738 364 καὶ

256 392 366 450 ἄγειν
387 392 428 442 ἐς
450 388 499 433 τό
516 405 633 447 σφισι
652 386 906 444 βουλόμενον
920 402 930 413 ”
969 382 1026 432 ὧν
1051 389 1106 432 τὰ
1121 391 1197 446 μὲν
1221 389 1301 446 ἤδη
1322 391 1578 448 ἐχορηγεῖτο,
1612 390 1665 434 τὰ
1690 391 1735 434 δ’

257 463 431 519 ἔμελλεν.
471 458 601 518 ᾤοντο
633 458 713 516 γὰρ
750 457 808 500 δι’
839 456 931 509 ἑνὸς
962 459 1063 514 ἐμοῦ
1092 476 1136 516 γε
1158 459 1313 512 εὐθὺς,
1351 460 1392 503 εἴ
1405 460 1511 511 τινές
1536 460 1637 503 ποτ’
1662 459 1735 517 ἄρ’

258 531 357 584 εἶεν,
381 531 450 574 καὶ
470 528 550 585 ὅπη
581 530 822 586 διαιτῷντο,
864 526 1026 579 πάντας
1051 527 1239 588 ἑτέρους,
1280 527 1428 574 ὁπόσοι
1458 529 1771 575 ἀνθίστανται5

257 601 361 659 πρὸς
393 597 527 643 ὁπόσα
556 602 615 657 τῷ
645 601 837 657 Παλαμᾷ
867 602 1179 657 βλασφημεῖται
1209 598 1329 643 καινὰ
1366 601 1435 643 καὶ
1474 597 1632 657 ἔκφυλα
1662 597 1738 643 δό-

255 687 420 729 γματα,
454 666 753 727 προσάξεσθαι.
796 668 892 711 ἀλλ’
920 664 1029 726 ἦσαν
1059 668 1143 727 ἄρα
1173 667 1340 720 πάντως
1370 669 1578 727 ἄνθρακες
1598 670 1637 713 οἱ
1654 673 1738 712 τῶν

257 742 431 785 ἐλπίδων
452 740 616 788 ἐκείνοις
636 739 861 794 θησαυροί.
901 739 948 782 τὸ
975 739 1053 796 γὰρ
1083 740 1263 790 ἀνενδεές
1283 740 1354 794 ἐμὲ
1385 743 1468 783 τῶν
1505 739 1739 796 ἀναγκαίων

213 813 326 855 Βκαὶ
359 808 385 866 ἦ
417 809 633 865 τάληθοῦς
671 809 816 865 ἐκλογὴ
851 807 1004 867 λήρους
1037 809 1178 854 ἔπειθ’
1211 808 1403 866 ἡγεῖσθαι
1441 809 1495 853 τὰ
1525 807 1735 865 λεγόμενα.

257 880 347 941 (Ε.)
374 879 429 924 ιῸ
455 879 496 923 δ’
524 877 719 922 ἁπάντων
739 877 924 934 μάλιστα
951 880 1026 936 τὴν
1048 882 1289 933 ἐλπίζουσαν
1325 878 1494 937 γνώμην
1524 877 1737 934 ἐστήρικτο
1752 887 1794 922 10

258 953 327 995 καὶ
346 950 661 1007 ἀνακεκρᾶσθαί
675 966 792 1007 σφισι
812 950 872 992 δι’
897 948 1000 994 αῧτό
1021 968 1112 994 τινα
1133 949 1286 1006 ἡδονὴν
1309 956 1400 1000 ταῖς
1420 950 1575 992 ἐλπίσιν
1599 950 1737 1002 ἐποίει,

256 1021 305 1065 τὸ
328 1024 402 1076 τῆς
420 1021 713 1078 πατριαρχειάς
732 1020 894 1075 ἀξίωμα
915 1015 980 1076 ἦν·
1017 1019 1038 1064 ὃ
1059 1019 1206 1064 δώσειν
1223 1020 1370 1063 αὐτίκα
1385 1018 1501 1075 μάλα
1521 1037 1593 1074 μοι
1614 1019 1740 1075 ε’πηγ-

256 1091 473 1148 γέλλοντο,
515 1094 591 1146 τῆς
619 1091 763 1146 χρείας
795 1090 1082 1146 διωθουμὲνης
1120 1088 1402 1148 σφοδρότερον
1444 1090 1511 1132 καὶ
1543 1093 1617 1132 τοῦ
1648 1107 1740 1131 και-

260 1165 335 1220 ροῦ
364 1160 702 1218 προκαλουμένου
730 1159 802 1203 τὸν
837 1159 1174 1218 προστησόμενον
1202 1160 1479 1217 ἀπαραίτητα.
1525 1156 1679 1214 ἤκουόν
1697 1174 1740 1214 γε

214 1231 340 1288 Εμὴν
363 1231 405 1282 ἐξ
425 1231 525 1285 ε’μοῦ
547 1228 863 1273 τάναντιώτατα
890 1228 1039 1275 πάντα.
1078 1235 1246 1289 πρῶτον
1267 1231 1342 1286 μὲν
1360 1230 1439 1287 γὰρ
1460 1226 1741 1284 καθηπτόμην
1751 1238 1794 1273 15

259 1299 426 1357 ὁμαλῶς
454 1317 540 1351 πως
563 1299 701 1343 αὐτῶν
725 1302 816 1358 περὶ
844 1294 901 1344 ὧν
928 1299 1027 1357 ἡμῖν
1047 1299 1336 1357 ὑπισχνοῦντο,
1366 1304 1455 1351 πῶς
1477 1299 1552 1343 οὖκ
1574 1299 1740 1342 ὀκνοῦσι

124 1377 168 1414 V.
181 1375 348 1422 444τοΐς
377 1370 518 1420 αὐτοῖς
544 1371 838 1427 ἐγχειροῦντες,
887 1369 913 1413 ἃ
943 1369 1139 1422 πολλάκις
1169 1373 1326 1414 εἰποῦσι
1355 1371 1423 1413 καὶ
1457 1369 1737 1424 ἀποτυχοῦσιν

258 1442 441 1496 ἀκριβῶς
476 1440 690 1497 ἐγνωκέναι
727 1440 1039 1496 ξυμπέπτωκεν,
1090 1439 1147 1492 ὥς
1176 1445 1309 1497 πηλοῦ
1342 1441 1410 1483 καὶ
1441 1437 1589 1489 κόνεως
1620 1438 1739 1481 οὐδὲν

258 1512 350 1567 ἐμοὶ
381 1510 586 1568 διαφέρειν
621 1512 739 1554 δοκεῖ’
766 1510 821 1554 τὰ
849 1515 1046 1566 τοιαῦτα,
1085 1513 1152 1554 καὶ
1182 1514 1316 1554 ταῦτα
1345 1514 1440 1563 νῦν,
1477 1508 1544 1552 ὅτε
1566 1509 1742 1558 πίστεως

256 1581 429 1639 ἄρνησις
448 1580 692 1625 ἀπαιτεΐται.
733 1578 789 1631 ὥς
819 1580 898 1639 γὰρ
928 1582 970 1624 ἐν
999 1589 1141 1632 κακοῖς
1173 1580 1352 1636 εὖτυχεῖν
1382 1577 1626 1634 δυστύχημα
1662 1578 1738 1632 με’-
1752 1589 1794 1625 20

255 1667 419 1710 γιστον,
465 1648 598 1701 οὕτως
631 1650 674 1694 ἔν
713 1657 855 1702 κακοΐς
891 1651 1051 1703 ἀδοξεῖν
1085 1656 1169 1696 τῶν
1206 1648 1502 1706 εὐτυχημάτων
1528 1649 1574 1692 τὸ
1597 1646 1742 1705 κράτι-

221 1733 374 1768 Furor.
421 1720 557 1764 ἔπειτα
590 1719 753 1777 ἔλεγον,
800 1719 855 1772 ὥς
884 1726 1123 1777 βασιλεῦσιν
1154 1716 1245 1765 οῦσι
1268 1720 1402 1778 χρεὼν
1428 1719 1486 1775 μὴ
1516 1719 1568 1762 τὰ
1602 1716 1742 1774 καθή-

262 1809 389 1836 κοντα
419 1789 574 1846 νόμιμα
607 1789 740 1834 ἑκοντὶ
772 1790 1040 1848 παραδιάγειν
1076 1790 1182 1848 ὃμοῦ
1213 1793 1280 1834 καὶ
1310 1794 1392 1834 τῶν
1427 1790 1546 1846 ἱερῶν
1574 1792 1647 1844 τῆς
1667 1791 1742 1831 τοῦ

246 1882 344 1914 χιῑιιῐιὺ
360 1877 505 1913 flectere
523 1889 597 1920 me,
622 1882 658 1912 et
678 1877 722 1912 ad
747 1889 790 1912 ea
813 1890 903 1924 quae
924 1878 1055 1912 vellent
1079 1877 1430 1920 adducere,‘liberali
1455 1876 1639 1922 largitione
1667 1887 1743 1910 cum

262 1926 406 1960 aliarum
421 1936 553 1968 rerum,
577 1931 648 1959 tum
668 1936 783 1959 earum
800 1925 1019 1970 praesertim,
1045 1936 1145 1970 qnae,
1171 1925 1251 1970 quia
1270 1925 1434 1970 pulchrae
1449 1929 1529 1958 sunt
1547 1935 1588 1957 ac
1614 1923 1745 1968 pretio-

264 1983 337 2013 sae,
363 1971 482 2006 animis
499 1971 630 2016 gloriae
649 1971 786 2016 cupidis
802 1972 979 2017 plurimum
998 1971 1146 2005 blandiri
1165 1975 1321 2016 possunt.
1348 1970 1503 2011 Quarum
1522 1982 1634 2004 rerum
1654 1969 1744 2004 aliae

264 2018 332 2053 iam
352 2018 541 2059 dabantur,
565 2018 654 2052 aliae
678 2023 800 2063 postea
821 2018 926 2052 datae
945 2017 1104 2052 fuissent.
1154 2019 1329 2052 Putabant
1350 2017 1516 2052 videlicet
1540 2028 1616 2051 mea
1641 2016 1745 2050 unius

265 2076 374 2110 opera
393 2064 509 2099 statim
537 2065 733 2099 adiunctum
761 2063 806 2098 iri
833 2063 918 2110 ipsis
943 2064 1092 2109 reliquos
1118 2076 1255 2107 omnes,
1280 2065 1476 2110 quicunque
1497 2063 1521 2097 ii
1546 2064 1682 2104 forent,
1708 2065 1745 2096 et

264 2111 461 2156 ubicunqne
475 2111 652 2156 degerent,
670 2111 728 2156 qui
747 2122 869 2145 novam
885 2116 921 2145 et
939 2110 1139 2146 insolentem
1160 2111 1351 2158 blasphemi
1373 2110 1534 2145 Palamae
1553 2109 1745 2144 doctrinam

263 2157 518 2203 impugnarent.
565 2158 661 2199 Quas
679 2163 792 2191 autem
807 2157 859 2191 illi
876 2169 955 2202 spes
975 2164 1216 2203 conceperant,
1239 2170 1302 2193 eae
1321 2170 1387 2192 non
1406 2169 1523 2192 aurum
1543 2157 1604 2190 sed
1622 2156 1746 2202 paleae

265 2209 375 2239 erant.
424 2204 516 2238 Nam
540 2204 629 2250 quod
655 2205 756 2238 rebus
778 2204 983 2239 necessariis
1005 2216 1072 2239 non
1093 2216 1266 2247 carerem,
1293 2211 1329 2240 et
1348 2205 1530 2239 veritatem
1551 2204 1643 2238 ultro
1663 2214 1746 2248 pro-

264 2250 397 2294 fiterer,
419 2250 550 2285 idcirco
567 2250 650 2285 mihi
665 2250 769 2285 facile
786 2251 1030 2296 persuadebam
1052 2263 1139 2286 vana
1156 2264 1233 2288 esse
1251 2257 1287 2286 et
1302 2252 1428 2287 frivola
1448 2262 1538 2297 quae
1555 2250 1606 2284 illi
1624 2250 1746 2295 loque-

264 2302 399 2333 rentur.
447 2297 532 2342 (V.)
557 2297 630 2332 Sed
640 2309 754 2332 eorum
777 2297 924 2332 animum
948 2299 1207 2344 exspectatione
1222 2310 1422 2344 suspensum
1442 2310 1509 2332 una
1528 2309 1583 2331 res
1602 2297 1747 2331 maxime

266 2344 510 2386 confirmabat,
534 2356 574 2378 ac
593 2343 742 2390 ipsorum
761 2344 838 2391 spei
855 2345 999 2391 quadam
1020 2345 1199 2391 voluptate
1223 2346 1370 2380 admista
1389 2344 1643 2380 blandiebatur.
1690 2342 1747 2377 Ea

267 2395 346 2427 erat
366 2391 608 2438 patriarchalis
626 2391 797 2436 dignitas,
821 2403 924 2437 quam
943 2392 1025 2426 mihi
1043 2392 1159 2427 statim
1178 2393 1364 2427 collaturos
1382 2404 1420 2427 se
1439 2391 1541 2425 iidem
1561 2389 1746 2436 promitte—

265 2438 373 2483 bant,
397 2449 473 2473 cum
493 2443 529 2472 et
545 2438 733 2472 necessitas
761 2438 902 2484 gravior
921 2439 1151 2481 incumberet,
1175 2444 1213 2474 et
1228 2443 1267 2474 ut
1285 2439 1411 2485 aliquis
1430 2438 1505 2472 sine
1520 2437 1590 2472 ulla
1607 2441 1750 2471 cuncta-

265 2484 364 2520 tione
390 2484 423 2520 ei
447 2484 579 2520 muneri
599 2485 865 2530 praeficeretur,
891 2497 948 2521 res
969 2486 1046 2532 ipsa
1070 2486 1259 2531 flagitaret.
1308 2487 1442 2521 Tamen
1471 2484 1495 2519 ii
1525 2496 1568 2518 ex
1589 2495 1642 2518 me
1665 2494 1749 2516 con-

267 2531 379 2567 traria
399 2531 501 2578 plane
526 2532 639 2566 omnia
661 2531 878 2567 audiverunt.
926 2534 976 2566 Ac
998 2532 1141 2579 primum
1162 2532 1300 2579 quidem
1324 2544 1429 2579 super
1446 2531 1488 2566 iis
1508 2531 1634 2572 rebus,
1659 2540 1748 2575 quas

268 2577 351 2613 mihi
378 2578 635 2624 promittebant,
666 2589 727 2613 eos
754 2578 878 2614 leniter
894 2579 1138 2625 obiurgabam,
1171 2579 1263 2625 quod
1278 2580 1373 2625 ipsos
1390 2590 1457 2614 non
1473 2577 1612 2623 pigeret
1629 2576 1749 2611 eadem

270 2636 390 2660 rursus
411 2629 567 2668 tentare,
599 2636 688 2670 quae
712 2637 788 2660 cum
814 2626 944 2661 frustra
972 2638 1076 2672 saepe
1105 2626 1295 2668 dixissent,
1330 2624 1616 2662 evidentissimum
1643 2623 1749 2665 foret,

269 2671 436 2708 eiusmodi
452 2684 509 2708 res
525 2671 619 2718 apud
635 2683 687 2707 me
704 2671 846 2707 nihilum
865 2672 938 2707 luto
954 2685 994 2708 ac
1013 2674 1156 2719 pulvere
1173 2672 1337 2714 differre3
1361 2670 1564 2718 praesertim
1579 2671 1645 2704 hoc
1662 2673 1751 2704 tem-

269 2730 376 2765 pore,
397 2731 471 2754 cum
490 2719 689 2764 exigeretur
705 2718 804 2754 Fidei
824 2718 1009 2755 abiuratio.
1055 2720 1243 2755 Enimvero
1260 2720 1350 2754 sicut
1370 2719 1462 2754 inter
1478 2716 1653 2763 improbos
1670 2715 1751 2750 feli-

271 2777 344 2800 cem
366 2778 444 2801 esse
461 2766 605 2802 maxima
623 2769 716 2801 esset
735 2765 930 2808 infelicitas,
954 2767 1005 2801 ita
1025 2767 1117 2813 apud
1139 2766 1277 2802 eosdem
1297 2765 1482 2800 honoribus
1505 2774 1625 2799 carere
1642 2762 1752 2797 maxi-

271 2822 357 2847 mam
375 2824 452 2848 esse
470 2812 684 2848 felicitatem.
714 2812 855 2848 Aiebam
873 2817 1052 2856 praeterea
1071 2825 1139 2848 non
1154 2813 1281 2848 debere
1299 2812 1486 2859 principes,
1504 2821 1594 2857 quae
1610 2808 1752 2855 sapien-

271 2861 326 2895 ter
349 2859 536 2897 constituta
561 2863 710 2906 esseut,
734 2870 778 2896 ea
803 2859 896 2896 ultro
924 2859 1147 2907 transgredi,
1180 2862 1217 2896 et
1234 2859 1469 2896 sacrosanctis
1495 2856 1663 2894 ecclesiae
1682 2854 1751 2890 Dei
