1794 3172
233 150 366 203 1054
644 152 962 201 NICEPHORI
993 151 1314 200 GREGORAE

7 280 45 314 A.
65 278 107 312 Μ.
127 276 219 315 6859
231 266 417 324 στάσεις,
457 266 613 320 ἔξωθεν
635 264 914 324 ε’πεισρέουσαι
925 297 939 319 ,
972 264 1040 308 καὶ
1061 258 1220 308 πόλεων
1250 262 1531 320 πραγματικαὶ
1548 278 1715 321 συμφο-

59 325 163 361 1nd.4
230 342 322 400 ραὶ,
351 339 399 386 τὸ,
422 339 561 383 πεδίον
579 333 796 393 νεμόμεναι
817 339 893 391 τῆς
911 337 1075 391 ψυχῆς’
1113 331 1208 376 ἀλλ’
1231 332 1323 376 οἵαν
1345 332 1591 385 ἀδοξοῦντες
1607 337 1714 387 βλα-

229 407 427 455 στάνουσι
450 407 664 465 λογισμοὶ,
704 404 758 449 τὰ
791 400 1053 463 πρεσβύτερά
1081 419 1126 446 τε
1156 403 1225 445 καὶ
1251 400 1609 460 πολυχρονιώτερα
1629 406 1715 444 τῶν

225 475 478 534 νοσημάτων
510 472 804 534 ε’μφωλεύοντα
841 472 971 517 πάλαι
1001 470 1344 529 προκατέχοντες,
1386 466 1444 517 ὧν
1473 471 1611 530 πατὴρ
1646 472 1715 514 καὶ

227 546 479 605 δημιουργὸς
499 545 547 589 τὸ
567 549 642 601 τῆς
662 543 900 603 φιλοτιμίας
917 539 1210 599 ἀστάθμητον.
1257 538 1359 585 εἶναι
1386 541 1465 601 γὰρ
1487 541 1564 598 τὴν
1589 544 1744 599 φιλο-5

191 617 369 672 Οτιμιάν
388 614 494 672 μέγα
514 632 554 658 τι
573 618 715 670 ψυχῆς
733 610 977 671 ἒμπύρευμα
996 610 1101 670 πρὸς
1127 610 1181 655 τὰ
1204 609 1312 654 καλὰ
1339 611 1439 667 μὲν,
1475 609 1578 655 ὅταν
1608 610 1716 653 ἀκα-

228 684 432 742 πήλευτον
458 686 607 743 κομιδῇ
639 683 717 740 τῆς
743 683 915 742 κρίσεως
937 679 1061 740 ἐξάγῃ
1085 680 1157 725 τὸν
1178 677 1326 724 τόκον·
1363 679 1464 725 ὅταν
1483 681 1528 725 δὲ
1545 681 1715 724 κενοδο-

229 757 320 808 ξιάν
353 758 623 798 κατασπῶσιν
656 750 952 812 ἕφεδρεύουσαι
985 755 1129 809 κῆρες,
1178 753 1320 806 ψυχῆς
1351 748 1561 808 λεληθότα
1587 746 1716 805 νοσή-

226 842 366 882 ματα,
400 820 495 867 τότε
516 823 568 879 δὴ
592 820 754 881 μακρός
776 839 840 873 τις
860 822 1012 879 γίνεται
1030 824 1106 864 τοῦ
1129 817 1336 878 παρόντος
1355 818 1479 877 λόγου
1501 817 1643 877 λόγος,
1680 818 1723 861 εἶ’

226 911 290 945 τις
309 892 468 945 ἔξωθεν
489 891 671 949 ἀπαθῶς
692 889 883 951 συνορῴη
899 905 909 915 ·
947 891 1016 934 καὶ
1038 888 1060 934 ὅ
1094 891 1190 947 πρὶν
1210 887 1531 945 θαυμαζόμενος
1558 888 1624 932 ἐπὶ
1653 891 1713 947 τῷ
1726 894 1772 929 10

228 963 287 1019 μὴ
308 960 537 1018 θαυμάζειν
567 966 747 1006 πλοῦτον
778 963 848 1005 καὶ
876 960 1039 1018 τρυφὴν
1070 961 1139 1003 καὶ
1169 957 1298 1015 τύχης
1325 959 1524 1017 εὐγένειαν
1560 958 1715 1017 ‹pavli-

185 1034 340 1086 Βζεται
369 1035 529 1087 μᾶλλον
556 1031 622 1074 ἐπὶ
654 1035 714 1090 τῷ
745 1030 806 1087 μὴ
838 1031 1047 1088 φαυλίζειν
1075 1029 1333 1083 κενοδοξίαν,
1366 1029 1474 1086 μηδὲ
1505 1027 1554 1073 τὸ
1587 1027 1715 1072 κακὸν

225 1099 451 1158 ἡγούμενος
472 1100 636 1155 ἄδοξον,
661 1099 768 1143 ἀλλὰ
784 1099 831 1143 τὸ
852 1099 1003 1150 ἄδοξον
1025 1098 1165 1152 κακὸν,
1192 1097 1373 1162 κατάιτὰ
1392 1095 1652 1156 ἀντίστροςοά
1669 1113 1715 1140 τε

72 1174 117 1213 V.
137 1174 206 1213 535
231 1172 300 1214 καὶ
330 1170 406 1227 τὴν
436 1170 556 1214 θέσιν
588 1170 633 1213 ἐκ
665 1169 887 1226 διαμέτρου
917 1164 1113 1223 λαχόντα.
1159 1166 1287 1211 ἔλαθε
1315 1168 1393 1225 γὰρ
1416 1167 1542 1219 αὐτὸς
1566 1165 1716 1210 ἑαυτὸν

228 1240 362 1300 οῗκείῳ
384 1241 453 1282 καὶ
481 1239 682 1299 ἓγκαρδίῳ
711 1240 809 1296 πυρὶ
836 1233 1326 1294 καταστρατηγούμενος,
1366 1234 1617 1282 καθεύδοντι
1639 1236 1714 1291 μὲν
1726 1243 1772 1279 15

229 1310 294 1354 ἐπὶ
323 1308 485 1366 μακρὸν
516 1309 643 1352 ἐνίοτε
670 1307 824 1366 χρόνον
855 1307 916 1351 δι’
951 1306 1108 1351 ἔνδειαν
1143 1303 1481 1361 ὑπεκκαύματος,
1522 1303 1715 1360 ἀναλάμ-

171 1369 176 1372 ’
229 1394 350 1423 ποντι
382 1380 408 1421 δ
416 1378 429 1394 ²
455 1377 559 1433 ὀψὲ,
591 1382 737 1436 καιροῦ
760 1379 828 1420 καὶ
855 1375 982 1433 τύχης
1009 1375 1152 1432 οῧρίου
1171 1375 1282 1426 τινὸς
1302 1375 1561 1434 δραξαμένου
1588 1373 1715 1419 πνεύ-

193 1450 379 1504 Εματος.
434 1447 517 1491 ἐπεὶ
540 1449 608 1490 καὶ
630 1447 777 1491 εἴωθεν
812 1444 869 1498 ὥς
903 1445 957 1490 τὰ
986 1445 1119 1488 πολλοὶ
1147 1442 1344 1496 πολλάκις
1369 1443 1396 1502 ἦ
1424 1450 1508 1489 τῶν
1536 1446 1714 1488 ἐπαίνων

233 1517 434 1567 ἔκπτωσις
461 1516 566 1575 πρὸς
588 1518 793 1572 μανιῶδες
821 1510 932 1572 ἦθος
958 1516 1153 1572 ἐρεθίζειν
1182 1514 1256 1558 τὸν
1287 1514 1466 1571 ἐραστὴν
1493 1516 1561 1558 καὶ
1592 1512 1715 1571 ζηλό-

230 1604 385 1639 τυπον,
418 1587 486 1629 καὶ
522 1586 590 1629 διὰ
616 1589 699 1630 τῶν
723 1589 927 1644 χρονικῶν
960 1583 1133 1640 ἐλέγχων
1167 1583 1456 1642 ἐναργέστερον
1486 1588 1771 1644 παριστᾷν,20

232 1655 402 1699 εἴδωλον
415 1654 564 1713 ἀρετῆς
585 1657 654 1698 καὶ
676 1654 872 1710 οὐδαμῶς
893 1653 1041 1712 ἀρετὴν
1060 1650 1160 1697 εἶναι
1178 1653 1227 1697 τὸ
1247 1653 1366 1711 μέχρι
1384 1658 1459 1697 νῦν
1477 1653 1591 1713 αὐτῷ
1615 1656 1716 1698 διω-

231 1722 404 1780 κόμενον
418 1757 432 1778 ,
467 1722 660 1783 καθάπερ
689 1724 743 1768 τὰ
763 1720 1031 1780 μυθευόμενα
1057 1720 1187 1766 πάλαι
1206 1724 1297 1780 περὶ
1328 1723 1500 1781 νεφέλης
1520 1720 1625 1778 ὃμοῦ
1645 1725 1716 1766 καὶ

225 1793 407 1846 Ἰξίονος.
457 1793 564 1837 ἀλλὰ
584 1798 719 1839 ταῦτα
747 1795 822 1851 μὲν
853 1797 968 1851 σιγῆς
999 1791 1191 1851 ἐρρίφθω
1216 1795 1384 1847 βυθοΐς.
1429 1792 1641 1837 ἐπανιτέον
1665 1794 1692 1836 δ
1700 1792 1711 1808 '

323 1893 359 1930 9.
379 1889 510 1937 μικρός
532 1891 622 1929 coni.
645 1891 759 1939 Capp.
861 1893 917 1930 17.
941 1888 1159 1938 δραξαμένῳ
1184 1890 1273 1926 coni.
1299 1889 1411 1937 Capp.

232 1973 311 2008 dam
331 1972 545 2006 extrinsecus
563 1971 788 2017 ingruentes;
821 1981 883 2006 seu
909 1969 1060 2005 civilium
1081 1969 1295 2015 negotiorum
1322 1970 1435 2005 exitus
1453 1969 1595 2015 tristes,
1619 1969 1712 2006 unde

233 2019 330 2053 dolor
360 2029 424 2063 per
451 2021 558 2052 totam
586 2019 728 2052 animam
751 2017 879 2063 serpit:
903 2017 965 2051 sed
989 2017 1121 2063 qualem
1139 2016 1333 2062 producunt
1354 2016 1485 2052 animae
1509 2017 1713 2062 degeneres,

234 2075 326 2110 quae
348 2065 506 2109 antiquos
524 2067 561 2099 et
577 2064 809 2099 diuturniores
830 2063 965 2097 morbos
982 2063 1049 2098 iam
1069 2063 1200 2108 pridem
1217 2062 1309 2109 apud
1328 2075 1367 2097 se
1387 2063 1630 2099 delitescentes
1654 2076 1714 2098 re-

235 2112 368 2146 tinentz
392 2122 535 2156 quorum
553 2114 653 2156 pater
674 2115 779 2155 atque
794 2109 913 2156 opifex
933 2113 986 2144 est
1002 2110 1088 2144 levis
1108 2115 1144 2144 et
1161 2110 1434 2144 inconsideratus
1451 2110 1584 2155 gloriae
1605 2122 1711 2145 amor.

234 2157 299 2193 Illa
320 2157 408 2191 enim
427 2157 557 2202 gloriae
577 2154 788 2202 cupiditate,
811 2155 908 2201 quasi
930 2155 1075 2201 quodam
1090 2155 1181 2201 ignis
1203 2156 1308 2202 sopiti
1330 2157 1561 2198 suscitabulo,
1585 2157 1629 2191 ad
1654 2168 1713 2191 res

234 2204 396 2239 honestas
423 2203 533 2238 anima
561 2203 780 2238 vehementer
799 2202 1021 2244 accenditur,
1045 2202 1181 2248 quando
1207 2213 1327 2249 purum
1355 2214 1396 2237 ac
1415 2202 1517 2237 valde
1542 2202 1712 2237 sincerum

236 2250 355 2285 iudicii
376 2250 522 2283 fructum
550 2250 703 2294 profertz
736 2248 799 2283 sed
829 2260 905 2283 cum
932 2260 1055 2283 vanam
1075 2249 1217 2294 gloriam
1244 2248 1387 2283 eliciunt
1404 2248 1564 2283 exitiales
1591 2249 1713 2291 morbi,

237 2297 295 2343 qui
314 2296 351 2330 in
367 2295 479 2330 anima
495 2296 642 2329 latenter
661 2294 829 2337 insident,
853 2299 935 2329 tunc
954 2295 1022 2330 alia
1043 2295 1145 2341 plane
1163 2306 1219 2329 res
1237 2298 1312 2337 est,
1338 2294 1368 2329 si
1388 2295 1465 2340 quis
1484 2295 1569 2329 foris
1581 2321 1592 2337 ‚
1615 2295 1714 2330 velut

237 2346 434 2388 spectator,
460 2342 591 2387 absque
620 2340 691 2375 ulla
714 2341 975 2387 perturbatione
1001 2341 1103 2376 animi
1125 2341 1340 2376 consideret:
1366 2344 1402 2374 et
1428 2341 1490 2387 qui
1514 2341 1611 2386 prius
1639 2353 1713 2376 ma-

238 2401 340 2433 gnam
367 2389 421 2422 sui
441 2387 698 2423 admirationem
715 2387 931 2430 concitabat,
957 2399 998 2421 eo
1017 2387 1108 2434 quod
1126 2387 1284 2429 divitias,
1310 2386 1471 2430 delicias,
1496 2392 1533 2422 et
1553 2389 1712 2423 fortunae

237 2435 450 2470 nobilitatem
465 2446 532 2469 non
549 2433 751 2475 miraretur,
775 2434 805 2467 is
831 2434 1060 2469 contemnitur
1076 2433 1207 2479 magis,
1231 2444 1272 2468 eo
1298 2433 1391 2479 quod
1417 2445 1540 2468 vanam
1567 2434 1712 2479 gloriam

238 2492 305 2516 non
327 2485 540 2522 contemnat,
563 2491 674 2526 neque
697 2479 818 2514 vitium
837 2480 873 2514 in
893 2480 1099 2525 ignominiae
1118 2481 1193 2514 loco
1214 2484 1344 2526 ponat,
1368 2480 1431 2515 sed
1454 2484 1575 2515 contra
1596 2481 1711 2526 potius

236 2527 455 2572 ignominiam
479 2526 559 2562 vitii
583 2527 658 2561 ioco
688 2526 835 2560 habeat:
860 2538 972 2572 neque
996 2538 1078 2562 vero
1104 2525 1365 2568 animadvertit,
1389 2538 1428 2561 se
1457 2527 1646 2562 domestico
1675 2530 1712 2562 et

236 2573 401 2608 intestino
417 2573 499 2618 igne
515 2571 684 2618 opprimi3
707 2572 768 2618 qui
789 2583 1028 2619 nonnunquam
1045 2572 1174 2607 fomitis
1197 2576 1234 2607 et
1249 2572 1453 2607 suscitabuli
1474 2573 1614 2608 defectu
1630 2573 1712 2608 diu-

237 2619 307 2654 tius
323 2619 476 2665 sopitur,
499 2619 560 2654 sed
578 2619 638 2654 ubi
656 2629 734 2653 sero
754 2618 891 2654 tandem
910 2631 1010 2654 casus
1029 2619 1108 2654 tulit
1127 2623 1164 2653 et
1185 2630 1262 2654 sese
1280 2618 1378 2654 dedit
1403 2619 1561 2661 occasio,
1585 2631 1710 2655 secun-

240 2666 320 2700 dum
336 2667 530 2712 quempiam
545 2669 685 2700 ventum
702 2668 843 2707 nactus,
868 2665 1012 2700 relucet.
1057 2666 1149 2701 Nam
1172 2663 1310 2699 laudum
1335 2665 1468 2700 iactura
1493 2676 1598 2712 saepe
1622 2666 1711 2700 solet

238 2712 284 2746 ad
312 2712 476 2747 furiosam
497 2711 643 2746 indolem
669 2711 840 2746 suscitare
867 2711 999 2757 gloriae
1024 2716 1207 2746 amatorem
1228 2714 1263 2745 et
1284 2711 1549 2754 aemulatorem3
1574 2712 1633 2757 qui
1658 2712 1709 2746 sic

239 2768 426 2813 progressu
446 2758 611 2805 temporis
628 2757 845 2792 manifestius
864 2757 1098 2800 convincitur,
1121 2769 1188 2792 non
1212 2756 1322 2803 ipsam
1345 2758 1529 2800 virtutem,
1552 2758 1614 2792 sed
1634 2759 1709 2793 eius

237 2815 341 2838 mane
366 2804 603 2846 simulacrum,
626 2804 792 2838 hactenus
814 2802 924 2839 fuisse
948 2807 1196 2852 persequutus:
1220 2804 1336 2849 qualia
1360 2803 1436 2838 fere
1456 2808 1535 2839 sunt
1553 2815 1643 2849 quae
1665 2804 1710 2839 de

238 2851 329 2889 nube
356 2854 392 2887 et
414 2851 535 2889 Ixione
562 2854 701 2888 veteres
723 2850 936 2888 fabulantur.
981 2850 1053 2888 Sed
1070 2851 1157 2888 haec
1182 2850 1319 2898 quidem
1344 2849 1479 2888 silentio
1499 2851 1709 2893 obruantur3
