1794 3172
220 121 325 199 912
633 126 950 173 NICEPHORJ
978 127 1303 174 GREGORAE

5 246 43 281 A.
60 246 104 279 Μ.
120 246 212 284 6859
222 239 415 295 κλίματα,
428 237 675 297 συνδρομὴν
696 234 930 282 ἐπισκόπων
950 238 1086 282 αἰτίαν
1107 239 1277 296 τίθησιν
1291 253 1301 265 ”
1333 238 1594 298 ,,ἇναγκαίου
1616 246 1705 291 τοῖς

64 293 172 331 Ind.4
221 308 376 354 ἅπασιν
395 308 538 362 ὄντος,
571 309 614 359 ἐξ
631 305 732 364 ὅλης
762 307 902 366 (φησὶ)
936 312 1011 365 τῆς
1030 307 1290 366 κοινότητος,
1316 311 1385 353 καὶ
1406 308 1555 366 ἥκιστα
1573 329 1704 365 μονο-

220 379 400 437 μέρεως,
439 378 492 422 τὰ
524 381 698 421 τοιαῦτα
722 381 956 422 τελεῖσθαι·
989 379 1060 422 ἵνα
1079 379 1132 422 τὰ
1157 383 1208 437 τῇ
1231 380 1330 440 θείᾳ
1355 380 1423 423 καὶ
1452 379 1704 437 ἀποστολικῇ

221 450 353 492 πίστει
375 445 640 505 πραττόμενα
660 444 810 498 πάντες
830 445 1119 505 γιγνώσκοντες
1155 447 1427 507 ὃμοφωνῶσιν
1455 447 1648 505 ἀλλήλοις
1660 449 1701 493 ”.

222 520 310 563 Καὶ
332 515 353 561 ὃ
377 515 599 567 θειότατος
623 515 667 560 δ’
701 515 854 572 ὁμοίως
883 516 1081 574 Μάξιμος
1115 519 1158 562 ἐν
1191 522 1244 576 τῇ
1274 518 1379 576 πρὸς
1399 516 1574 577 Πύρρον
1607 521 1732 562 δια-5
1786 510 1791 516 ’

183 588 327 639 Ελέξει
360 586 419 643 μὴ
452 584 665 631 δύνασθαι
696 591 916 631 καλεῖσθαι
950 585 1127 632 σύνοδόν
1158 605 1260 646 φησι
1289 588 1344 632 τὰ
1374 595 1523 645 σημεῖα
1549 588 1609 644 μὴ
1639 606 1707 632 κε-

221 657 449 713 κτημένην·
486 655 581 701 οὔτε
608 656 687 714 γὰρ
717 657 824 700 κατὰ
846 655 1000 713 νόμους
1026 660 1095 702 καὶ
1127 656 1304 709 κανόνας
1322 659 1515 715 γενέσθαι
1538 660 1707 702 συνοδε-

223 726 322 777 κοῦς
341 727 410 770 καὶ
430 725 617 782 θεσμοὺς
637 727 1019 784 ἐκκλησιαστικοὺς,
1061 726 1155 772 οὔτε
1176 727 1395 779 ἐπιστολὰς
1420 726 1447 784 ἢ
1469 745 1707 785 τοποτηρη-

222 796 300 847 τὰς
338 795 443 853 πρὸς
469 801 555 840 τῶν
584 794 721 840 ἄλλων
759 801 1007 855 πεμφθῆναι
1047 801 1337 855 πατριαρχῶν·
1384 797 1554 841 καὶ.διά
1579 802 1704 841 τοῦτο

223 865 469 910 σκανδάλων
498 867 706 922 διχονοίας
732 866 809 922 τὴν
839 867 1080 923 οἰκουμένην
1110 871 1339 925 πληρῶσαι.
1401 865 1544 922 ’Όμως
1568 867 1704 923 ἐπειδὴ
1720 876 1764 911 10

224 937 294 980 καὶ
328 934 498 978 ἄκουσιν
527 934 754 992 ἐληλυθόσι
784 936 994 990 δέδωκας,
1041 935 1186 993 ἥντινα
1219 935 1352 994 δήπου
1387 938 1455 979 καὶ
1484 935 1707 991 ἐδεδώκεις,

220 1003 365 1062 χώραν
395 1009 470 1048 τοῦ
497 1005 646 1062 λέγειν,
680 1006 837 1063 χρεών,
872 1005 1065 1064 καθάπερ
1094 1008 1136 1049 ἐν
1167 1014 1259 1057 ταῖς
1287 1007 1581 1063 ἱπποδρομίαις
1610 1006 1710 1058 τοὺς

185 1078 216 1112 Ὲ
229 1073 410 1131 δρόμους
438 1092 482 1119 τε
511 1076 579 1117 καὶ
611 1074 887 1133 περιδρόμους
916 1077 1168 1133 καθαίρουσι
1198 1080 1282 1119 τῶν
1309 1074 1615 1133 ἆμιλλητηρίων
1634 1078 1709 1119 ‘ln-

225 1161 342 1198 πων,
380 1141 513 1196 ξύλων
537 1145 604 1187 καὶ
630 1146 762 1188 λίθων
780 1147 847 1189 καὶ
867 1149 951 1189 τῶν
978 1144 1177 1189 τοιούτων
1202 1145 1315 1189 ἅπαν
1347 1143 1572 1196 δεικνύντες
1594 1144 1709 1188 ἐλεύ-

224 1213 355 1271 θερον
388 1213 626 1271 τοῦδαφος,
664 1212 773 1257 οὕτω
815 1216 882 1258 καὶ
915 1219 990 1259 νῦν
1028 1215 1102 1272 ἐφ’
1133 1213 1252 1271 ἡμῶν
1291 1214 1532 1273 ἀρξαμένων
1565 1216 1705 1271 λέγειν,
1722 1226 1764 1263 15

225 1283 418 1342 ἐπηρείας
438 1281 604 1340 ἁπάσης
622 1281 840 1342 ἐλεύθερον
861 1283 961 1327 εἶναι
982 1287 1065 1327 δεῖν
1094 1286 1196 1327 αἰτῶ
1224 1290 1307 1328 τῶν
1329 1283 1462 1342 λόγων
1482 1285 1555 1328 τὸν
1587 1287 1710 1328 δίαυ-

226 1357 313 1397 λον.
366 1350 572 1409 ἀγάλματι
599 1352 678 1409 γὰρ
708 1354 879 1398 ἐοικέναι
909 1355 987 1397 τινὶ
1010 1355 1078 1397 καὶ
1108 1354 1181 1397 τὸν
1209 1352 1330 1412 λόγον
1362 1356 1603 1409 συμβαίνει·
1640 1357 1710 1397 καὶ

227 1421 365 1478 ὥσπερ
390 1423 435 1466 ἐκ
454 1426 637 1480 κεφαλῆς
657 1423 741 1466 ἐκεῖ
754 1428 830 1480 τῆς
853 1421 1041 1474 πλάσεως
1061 1421 1274 1467 ἀκωλύτου
1294 1424 1413 1481 μέχρι
1441 1426 1581 1467 ποδῶν
1612 1425 1710 1480 ἐλη-

78 1497 118 1534 P.
136 1497 206 1534 575
229 1493 434 1547 λυθυίας,
471 1489 620 1548 ὁρᾶται
643 1492 747 1550 πρὸς
775 1492 966 1552 τάκριβὲς
1000 1492 1054 1536 τὰ
1084 1498 1160 1549 τῆς
1181 1491 1405 1549 ἁρμονίας·
1442 1495 1510 1536 καὶ
1534 1492 1710 1547 θαυμά-

226 1563 334 1616 ζεται
354 1563 452 1618 μὲν,
491 1563 525 1604 εἰ
544 1565 679 1612 καλῶς
694 1567 754 1622 τῷ
778 1564 938 1621 τεχνίτῃ
961 1562 1212 1619 πέπρακται·
1248 1565 1283 1606 εἰ
1305 1563 1348 1606 δ’
1373 1557 1446 1606 οὖν
1458 1595 1471 1615 ,
1511 1562 1708 1619 αἰσχύνης
1721 1578 1766 1614 20

226 1631 418 1688 ἀθλητὴς
436 1635 673 1688 περιφανῶς
694 1630 715 1675 ὁ
738 1630 925 1689 πλάστης
947 1634 1225 1677 καθίσταται·
1259 1631 1369 1677 οὕτω
1388 1631 1610 1675 κάνταῦθα
1633 1638 1709 1676 τοῦ

226 1699 351 1759 λόγου
391 1700 569 1757 μηδενὸς
602 1700 914 1760 ἐφεδρεύοντος,
962 1703 1070 1759 μηδὲ
1109 1701 1158 1747 τὸ
1198 1703 1362 1759 συνεχὲς
1400 1701 1711 1757 ἀνασοβοῦντος

321 1835 379 1872 11.
402 1831 451 1882 ἤν
468 1847 553 1873 τινα
571 1834 659 1871 coni.
679 1834 780 1872 Boiv.
881 1835 939 1874 21.
962 1836 1015 1886 τῷ
1034 1832 1130 1884 λόγῳ
1150 1834 1240 1873 coni.
1258 1834 1360 1874 idem.

228 1949 327 1996 scopi
350 1950 448 1987 simul
474 1953 716 1996 convenerint3
749 1951 977 1999 „quoniam‚''
1002 1951 1134 1998 inquit,
1159 1963 1329 1994 „necesse
1345 1952 1400 1987 est
1425 1951 1469 1986 ab
1489 1951 1645 1987 omnibus
1663 1964 1708 1987 ex

229 2002 304 2032 tota
325 1998 493 2032 ecclesiae
510 2000 738 2034 universitate
755 1999 975 2041 convocatis,
1000 2011 1066 2034 non
1088 2005 1202 2033 autem
1223 2000 1267 2033 ab
1285 2010 1353 2033 una
1378 2003 1500 2044 parte,
1524 1999 1609 2033 talia
1628 2011 1708 2045 per-

229 2044 312 2087 agi3
341 2049 380 2078 ut
401 2056 516 2080 omnes
542 2058 605 2088 ea,
637 2057 727 2092 quae
748 2045 842 2080 circa
865 2046 1014 2080 divinam
1040 2050 1077 2081 et
1101 2045 1323 2091 apostolicam
1345 2045 1446 2079 fidem
1465 2051 1545 2080 acta
1566 2046 1710 2088 fuerint,

229 2095 499 2135 cognoscentes,
523 2104 635 2127 secum
654 2093 802 2127 invicem
821 2091 1043 2127 consonent.''
1100 2093 1195 2127 Idem
1216 2091 1259 2126 D.
1282 2092 1472 2134 Maximus,
1495 2092 1532 2126 in
1552 2104 1614 2127 sua
1634 2104 1709 2127 cum

229 2135 366 2181 Pyrrho
383 2138 638 2182 disputatione,
661 2150 729 2173 non
745 2150 847 2184 posse
865 2139 917 2174 ait
936 2138 1102 2185 synodum
1122 2138 1240 2174 vocari
1261 2150 1334 2173 eam
1347 2164 1358 2181 ,
1402 2150 1468 2173 uae
1487 2138 1566 2184 ipso.
1583 2139 1711 2184 synodi

229 2183 382 2228 insignia
407 2195 474 2218 non
500 2186 644 2220 habeat:
678 2197 789 2231 neque
812 2185 901 2220 enim
924 2186 1051 2221 factam
1080 2198 1153 2220 eam
1179 2185 1364 2220 secundum
1402 2197 1485 2230 eges
1509 2191 1545 2220 et
1561 2197 1711 2220 canones

231 2230 432 2274 synodales,
466 2235 642 2267 statutave
679 2230 932 2274 ecclesiastica3
967 2244 1031 2267 nec
1058 2232 1222 2278 epistolas
1249 2237 1310 2266 aut
1330 2232 1464 2277 legatos
1488 2234 1532 2267 ab
1551 2232 1629 2266 aliis
1649 2243 1711 2277 pa·-

231 2276 395 2310 triarcliis
415 2276 534 2311 missos
555 2278 682 2312 fuisse:
707 2283 811 2324 atque
832 2290 905 2313 eam
923 2279 1052 2314 idcirco
1073 2283 1184 2314 totum
1204 2279 1319 2314 orbem
1346 2277 1543 2324 implevisse
1563 2280 1712 2312 scauda-

230 2322 275 2357 lis
294 2323 530 2360 dissensionis.
577 2324 759 2358 Caeterum
787 2324 869 2370 quia
897 2325 1015 2368 nobis,
1039 2331 1220 2371 postquam
1242 2324 1343 2359 inviti
1369 2325 1437 2359 huc
1458 2324 1634 2365 venimus,
1657 2324 1714 2358 di·

231 2369 332 2404 cendi
351 2369 461 2405 locum
478 2369 631 2414 dedisti,
655 2371 849 2416 quicunque
871 2373 1008 2407 tandem
1026 2372 1057 2407 is
1078 2373 1180 2406 datus
1199 2375 1271 2413 est,
1299 2376 1438 2417 oportet
1455 2382 1531 2413 nos,
1555 2376 1596 2405 ut
1617 2370 1657 2404 fit
1674 2372 1712 2405 iu

232 2415 481 2462 Hippodromis
508 2417 612 2462 (nam
632 2416 667 2451 in
695 2417 762 2459 iis,
791 2429 992 2464 quacunque
1019 2419 1075 2453 vel
1093 2417 1295 2464 dirigendus
1316 2417 1374 2452 vel
1393 2417 1711 2452 circumflectendus

233 2463 439 2498 certantium
467 2474 630 2509 equorum
655 2474 797 2506 cursus,
822 2476 961 2511 operam
989 2465 1092 2507 dant,
1115 2470 1155 2500 ut
1187 2469 1224 2500 et
1251 2461 1356 2509 lignis
1384 2469 1421 2498 et
1445 2464 1638 2510 lapidibus,
1673 2468 1711 2499 et

234 2509 312 2544 aliis
337 2509 504 2545 eiusmodi
522 2510 703 2552 obicibus,
728 2510 835 2544 solum
859 2523 956 2546 omne
975 2512 1022 2546 sit
1041 2512 1184 2547 liberum
1203 2522 1245 2545 ac
1268 2511 1452 2555 vacuum),
1477 2511 1540 2552 ita,
1561 2510 1711 2556 inquam,

233 2565 324 2591 nunc
351 2568 510 2603 quoque,
534 2568 610 2591 cum
636 2556 816 2602 incipimus
835 2556 974 2601 dicere,
998 2557 1242 2604 disputationis
1269 2562 1410 2591 nostrae
1438 2557 1646 2592 curriculum
1666 2558 1712 2591 ab

234 2602 324 2636 omni
341 2603 507 2638 violentia
526 2603 669 2638 liberum
685 2615 761 2637 esse
777 2609 940 2649 oportere
959 2617 1102 2647 censeo,
1125 2608 1163 2639 et
1180 2608 1219 2638 ut
1239 2602 1285 2638 sit
1302 2609 1393 2649 peto.
1441 2603 1565 2639 Oratio
1590 2615 1712 2648 nempe

235 2647 409 2683 simulacri
424 2650 602 2684 cuiusdam
622 2649 734 2683 instar
752 2656 824 2683 est=
849 2657 953 2696 atque
970 2657 1012 2686 ut
1030 2652 1066 2686 in
1084 2650 1286 2690 simulacro,
1311 2650 1340 2684 si
1362 2662 1383 2684 a
1401 2650 1517 2696 capite
1543 2649 1587 2685 ad
1605 2650 1714 2695 pedes

236 2703 344 2739 usque
366 2695 454 2731 citra
467 2696 572 2731 ullum
592 2695 865 2742 impedimentum
880 2709 966 2743 opus
984 2697 1208 2744 processerit,
1231 2696 1442 2731 concinnitas
1461 2696 1609 2743 partium
1632 2696 1713 2742 ipsa

235 2741 373 2785 penitus
390 2743 623 2789 perspicitur,
647 2746 683 2776 et
700 2741 955 2779 admirationem
982 2744 1117 2791 quidem
1136 2748 1272 2785 movet,
1297 2742 1327 2777 si
1355 2743 1480 2778 artifex
1508 2742 1596 2777 scite
1616 2743 1711 2777 fece-

236 2785 302 2828 rit3
325 2787 379 2822 sin
397 2789 528 2832 minus,
552 2789 700 2823 ludibrio
717 2789 859 2834 exponit
883 2802 971 2832 eum,
991 2790 1051 2837 qui
1075 2789 1198 2825 finxit:
1219 2788 1271 2823 sic
1292 2789 1394 2824 etiam
1415 2789 1453 2824 in
1472 2790 1537 2824 hoc
1555 2789 1711 2834 disputa-

236 2831 340 2870 tionis
360 2836 527 2880 exordio,
550 2835 581 2872 si
597 2846 694 2873 nemo
712 2835 827 2872 dolum
842 2836 1048 2882 meditetur,
1070 2847 1183 2885 neque
1205 2835 1286 2872 hinc
1304 2847 1413 2884 usque
1433 2835 1479 2873 ad
1494 2837 1596 2873 finem
1617 2834 1710 2882 quis-
