1794 3172
268 135 401 183 1128
715 138 1033 184 MCEPHORI
1062 139 1387 186 GREGORAE

47 258 89 295 A.
99 259 146 293 M.
165 259 257 296 6859
267 269 399 309 ματος
419 254 478 311 τῷ
502 253 643 308 πολλῷ
669 246 905 309 διδασκάλῳ
929 248 1054 293 ταῦτ’
1082 248 1240 307 εἴρηται
1265 252 1306 291 Γ
1302 249 1479 309 ρηγορίῳ
1516 246 1742 308 (ποιητικὸν

113 305 218 344 Ind’4
267 323 346 380 γὰρ
367 319 525 365 τούτων
544 319 671 376 ἔφησε
690 317 875 377 πάντων)
911 318 939 362 ἃ
959 322 1174 375 Παλαμᾶς
1195 319 1414 370 ἄκτίστους
1436 319 1563 375 λε’γων
1591 315 1744 372 θεότη-

267 409 344 442 τας
385 390 511 433 αὐτὸν
556 386 640 448 (ὥς
672 388 856 446 εἴρηται)
893 386 1107 442 διαβάλλει
1132 393 1294 445 τρανῶς
1322 390 1390 431 καὶ
1418 388 1616 443 ὀνομαστὶ
1627 420 1639 440 ,
1677 387 1745 428 καὶ

270 460 333 505 ὅτι
362 460 466 516 πρὸς
491 465 580 508 τοῖς
606 462 774 509 πολλοῖς
811 456 974 508 τούτοις
1011 456 1185 513 ὀνόμασι
1218 459 1286 500 καὶ
1317 456 1518 500 δάκτυλον
1547 456 1595 499 τὸ
1629 460 1746 498 θεῖον

234 529 424 588 (Σέζοησεν
445 527 466 572 ὅ
486 533 602 578 θεῖος
617 527 728 584 Ιἀνὴρ
750 525 1028 583 ὀνομάζεσθαι
1045 532 1218 582 πνεῦμα.
1258 525 1280 570 ὃ
1305 528 1370 569 καὶ
1388 523 1642 581 βουλόμενον
1659 530 1775 574 τοῖς5

269 600 485 657 προτέροις
518 599 785 655 ἐνδιατρίβειν
817 597 874 641 ἔτι
907 599 1054 652 βιαίως
1088 594 1230 653 ἀπάγει
1259 614 1309 651 με
1339 596 1443 656 πρὸς
1476 594 1600 639 ἑαυτὸ
1638 598 1748 647 λαμ-

271 674 387 727 πρῶς
408 665 689 726 ἐφελκόμενον.
738 669 803 710 δεῖ
819 668 956 710 τοίνυν
983 667 1058 722 τὴν
1085 665 1205 724 ῥῆσιν
1228 667 1381 721 ἐκείνην
1401 666 1477 720 τὴν
1495 663 1748 722 βλάσφημον

271 743 347 782 τοῦ
372 738 523 796 ἀνδρὸς
544 739 598 787 εἷς
617 737 744 791 μέσον
765 732 892 787 αὖθις
910 738 1098 791 κομίζειν,
1129 734 1397 791 ἀναμνήσεως
1415 736 1558 778 εἵνεκα,
1599 736 1748 789 μικροῦ

271 809 349 866 γὰρ
373 808 476 863 κάμὲ
498 809 708 864 διαφυγεῖν
732 807 917 862 ἐδέησεν,
955 803 1306 860 ἀπασχολησάσης
1331 808 1406 860 τῆς
1433 802 1584 847 τούτου
1613 801 1751 858 λήθης

273 878 336 935 ἐφ’
360 878 490 935 ἕτερα.
529 876 605 932 ἕχει
621 875 656 918 δ’
678 875 821 926 οὕτως.
856 910 868 930 ,
875 876 968 931 ,τὴν
985 877 1084 930 μίαν
1105 879 1186 917 τῶν
1207 878 1281 917 τοῦ
1299 871 1531 929 πνεύματος
1544 875 1748 928 ἐνεργειῶν
1763 879 1794 915 1(

227 946 296 992 Βῦ
327 946 466 1005 κύριος
496 947 538 989 ἐν
576 946 816 1002 εὐαγγελίοις
851 945 956 989 κατὰ
989 946 1065 1000 μὲν
1093 944 1164 987 τὸν
1191 947 1370 987 Λουκᾶν
1399 941 1604 986 δάκτυλον
1631 945 1750 993 θεοῦ,

273 1017 381 1061 κατὰ
411 1017 456 1059 δὲ
487 1015 559 1059 τὸν
594 1019 828 1059 ΖΠατθαῖον
863 1019 1022 1069 πνεῦμα
1054 1018 1128 1057 τοῦ
1159 1018 1262 1056 θεοῦ
1293 1017 1487 1056 καλεῖται.
1538 1014 1579 1055 ἐν
1601 1014 1679 1055 τίνι
1708 1010 1752 1052 δὲ

272 1084 474 1141 πνεύματι
494 1083 515 1129 ὃ
536 1082 674 1143 κύριος
694 1083 902 1140 ἐκβάλλειν
924 1085 1001 1142 ἔφη
1024 1083 1076 1127 τὰ
1099 1080 1291 1138 δαιμόνια
1301 1116 1315 1136 ,
1355 1085 1389 1126 εἷ
1410 1082 1469 1138 μὴ
1494 1083 1535 1125 ἐν
1560 1086 1619 1140 τῷ
1651 1078 1753 1138 ἁγίῳ

273 1154 499 1210 πνεύματι,·
537 1154 591 1206 Ιτὸ
623 1153 668 1197 ίἓν
699 1154 781 1212 elya
811 1159 893 1197 τῶν
927 1154 1032 1197 κατὰ
1068 1154 1262 1209 διαίρεσιν
1286 1150 1558 1210 χαρισμάτων
1593 1154 1754 1204 πνεῦμα

276 1223 390 1283 ἅγιόν
417 1226 548 1268 ἐστιν·
587 1225 622 1267 εἲ
640 1224 684 1267 δὲ
698 1224 751 1267 ’τὸ
771 1221 839 1276 (ἐν,
869 1225 935 1266 καὶ
957 1223 1009 1266 τὰ
1029 1221 1135 1265 ἄλλα
1157 1220 1335 1264 πάντα.”
1371 1219 1495 1278 ὁρᾶτε
1514 1221 1589 1276 τὴν
1618 1237 1754 1276 κηφη-
1767 1230 1794 1264 12

276 1293 389 1351 νώδη
422 1299 497 1338 τοῦ
520 1297 748 1348 δυσσεβοῦς
768 1291 975 1345 διάνοιαν,
1013 1294 1101 1342 οἵας
1121 1289 1325 1347 ἐξηγήσεις
1346 1297 1433 1340 τοῖς
1454 1291 1583 1340 θείοις
1617 1288 1756 1344 ἐπάγει

238 1363 460 1423 Ερήμασι·
498 1366 565 1406 καὶ
585 1362 696 1414 ὅπως
718 1365 1030 1418 συλλογίζεσθαι
1058 1359 1303 1417 πειρώμενος
1326 1358 1348 1403 ὁ
1371 1359 1544 1415 ἀμαθὴς
1577 1361 1620 1402 ἐκ
1649 1370 1757 1413 ψευ-

280 1437 365 1478 δῶν
388 1451 430 1476 τε
450 1435 517 1476 καὶ
538 1433 698 1486 ἀσεβῶν
719 1431 957 1490 προτάσεων
979 1431 1130 1486 ’ψευδές
1151 1447 1193 1472 τε
1213 1432 1281 1472 καὶ
1302 1429 1447 1483 ἀσεβὲς
1468 1426 1631 1485 συνάγει
1649 1445 1759 1482 συμ-

276 1504 484 1559 πέρασμα.
535 1502 649 1560 παρὰ
682 1502 759 1559 γὰρ
796 1502 914 1545 οὐδὲν
937 1498 1203 1557 λογισάμενος
1224 1504 1307 1542 τῶν
1329 1497 1454 1555 ἁγίων
1474 1496 1683 1550 ἁπάντων,
1709 1496 1759 1547 ἃς

278 1570 486 1629 ’ἠκηκόειτε
510 1577 611 1626 νῦν,
652 1570 856 1629 ἐξηγήσεις
891 1569 1094 1614 δάκτυλον
1124 1569 1223 1613 εἶναι
1251 1571 1477 1626 προτίθησι
1506 1570 1605 1623 μίαν
1634 1567 1794 1616 mitam

277 1648 366 1686 τῶν
399 1646 563 1686 πολλῶν
594 1643 754 1686 ἐκείνων
794 1642 1026 1700 ἐνεργειῶν,
1072 1639 1124 1691 ἃς
1160 1639 1377 1690 ἇκτίστους
1410 1638 1536 1689 αὐτὸς
1568 1638 1760 1694 πεποίηκε

375 1743 431 1779 12.
454 1743 560 1778 καλεῖ
579 1740 623 1776 al.

281 1834 406 1868 magno
424 1822 599 1868 Gregorio
627 1822 772 1858 effectus
798 1821 906 1857 divini
935 1821 1076 1868 spiritus
1100 1820 1318 1867 appellentur
1334 1819 1480 1866 (horum
1499 1817 1587 1853 enim
1604 1816 1762 1859 omnium,

282 1869 417 1914 inquit,
441 1881 547 1904 causa
569 1869 725 1904 efficiens
743 1875 797 1904 est
817 1873 956 1903 sanctus
978 1869 1151 1914 Spiritus)
1178 1880 1239 1902 eae
1262 1867 1361 1913 ipsae
1391 1867 1641 1912 proprietates,
1676 1875 1764 1909 quas

281 1916 444 1950 Palamas
464 1916 612 1951 deitates
629 1916 803 1950 increatas
821 1920 941 1958 vocat,
967 1919 1002 1949 et
1023 1921 1206 1961 propterea
1229 1915 1365 1959 ipsum,
1389 1918 1428 1947 ut
1453 1913 1599 1947 diximus
1623 1912 1764 1955 Grego-

283 1962 373 1996 rium
385 1962 564 1997 manifeste
581 1975 622 1997 ac
641 1962 837 1997 nominatim
855 1962 1103 2002 calumniatum
1128 1966 1200 1996 tum
1213 1961 1303 2006 quod
1324 1960 1415 1994 inter
1434 1959 1520 1994 haec
1535 1958 1655 2001 multa,
1675 1969 1764 2003 quae

284 2008 407 2042 divino
430 2009 578 2054 Spiritui
603 2010 736 2044 nomina
752 2009 896 2047 indidit,
921 2008 1033 2054 ipsum
1059 2008 1160 2042 etiam
1179 2008 1245 2042 Dei
1269 2006 1412 2051 digitum
1433 2005 1601 2040 nominari
1630 2003 1766 2038 divinus

285 2054 347 2088 ine
365 2054 419 2089 vir
437 2056 637 2092 asseruerit.
684 2056 783 2090 Licet
798 2060 910 2090 autem
933 2066 1037 2100 supra
1054 2054 1156 2089 dictis
1179 2053 1348 2089 immorari
1368 2052 1512 2098 amplius
1530 2051 1662 2093 vellem,
1681 2051 1767 2084 haec

289 2105 420 2143 tamen,
437 2114 537 2148 quam
554 2106 672 2137 sancto
691 2102 863 2147 Gregorio
884 2102 1042 2136 Palamas
1063 2100 1220 2147 impegit,
1239 2100 1406 2135 calumnia
1429 2098 1464 2133 vi
1493 2097 1640 2144 quadam
1666 2097 1710 2131 ad
1729 2108 1768 2131 se

291 2159 347 2182 me
369 2148 464 2194 rapit
492 2154 528 2183 et
552 2149 731 2184 manifeste
757 2148 912 2183 attrahit.
962 2149 1115 2183 Necesse
1143 2154 1197 2182 est
1215 2148 1343 2193 igitur,
1372 2150 1411 2180 ut
1427 2145 1488 2180 illa
1505 2145 1582 2190 ipsa
1604 2144 1768 2178 Palatnae

293 2194 496 2239 blasphema
521 2197 628 2230 verba
653 2196 689 2230 in
710 2195 855 2229 medium
881 2206 999 2230 rursus
1027 2195 1212 2236 adducam,
1238 2207 1280 2228 ne
1294 2194 1427 2228 illorum
1449 2204 1510 2226 nos
1531 2190 1692 2225 memoria
1710 2190 1769 2223 fu-

296 2241 383 2286 giat.
431 2242 556 2276 Parum
579 2241 667 2276 enim
693 2241 803 2276 abfuit
829 2242 910 2287 quin
938 2254 991 2276 me
1027 2242 1242 2286 effugerent,
1280 2240 1358 2274 dum
1387 2238 1550 2274 Palamae
1575 2236 1702 2270 oblitus
1727 2235 1771 2269 ad

295 2287 387 2329 alia,
413 2298 501 2333 quae
521 2299 574 2322 me
593 2288 825 2330 distinebant,
850 2300 1025 2324 avocarer.
1075 2288 1134 2322 Sic
1161 2300 1262 2333 porro
1283 2287 1397 2321 habet.
1452 2284 1588 2327 „Unam
1611 2295 1631 2316 e
1658 2282 1770 2317 sancti

297 2333 451 2379 Spiritus
469 2334 747 2380 operationibus,
767 2335 804 2369 in
828 2335 1019 2380 Evangelio
1044 2335 1179 2381 quidem
1201 2334 1386 2368 secundum
1412 2331 1560 2372 Lucam,
1583 2329 1650 2363 Dei
1679 2329 1772 2373 digi-

296 2384 369 2415 tum
391 2384 496 2415 vocat
517 2381 698 2423 Dominus3
729 2380 765 2416 in
789 2381 981 2428 Evangelio
1012 2387 1125 2417 autem
1157 2381 1339 2416 secundum
1372 2378 1586 2413 Matthaeum
1610 2376 1675 2411 Dei
1700 2376 1773 2421 spi-

297 2427 404 2462 ritum
427 2427 589 2473 appellat.
644 2428 748 2473 Atqui
774 2440 840 2474 quo
863 2429 900 2463 in
924 2429 1046 2475 spiritu
1071 2429 1233 2463 Dominus
1258 2439 1280 2462 a
1304 2438 1342 2460 se
1365 2424 1542 2460 daemonia
1566 2423 1643 2458 eiici
1669 2423 1772 2464 dixit,

298 2473 366 2507 nisi
390 2473 426 2507 in
450 2478 568 2509 sancto
593 2474 750 2519 spiritu?
782 2477 878 2521 Ergo
904 2487 923 2510 e
946 2476 1069 2521 gratiis
1094 2473 1276 2520 gratuitiS,
1310 2484 1396 2518 quas
1421 2471 1519 2505 Deus
1542 2469 1774 2504 diversimode

300 2519 489 2562 distribuit,
514 2532 582 2556 una
595 2524 650 2555 est
673 2521 824 2565 Spiritus
847 2527 999 2558 sanctus.
1047 2522 1148 2564 Quod
1173 2521 1203 2555 si
1227 2521 1270 2555 de
1293 2531 1362 2554 una
1387 2517 1536 2561 dicitur,
1559 2517 1602 2550 de
1627 2515 1775 2550 caeteris

301 2573 441 2612 quoque
461 2566 530 2601 dici
556 2567 717 2613 poterit.”
764 2569 901 2603 Videtis
930 2569 1017 2611 iam,
1042 2568 1125 2614 quid
1151 2568 1279 2602 sentiat
1304 2565 1428 2611 impius
1457 2563 1516 2597 ille
1549 2575 1589 2597 ac
1620 2563 1700 2596 fuco
1725 2561 1774 2595 si-

302 2612 393 2647 milis
423 2613 600 2655 Palamas‚
647 2614 780 2660 qualem
816 2615 943 2650 divinis
975 2615 1090 2650 verbis
1122 2613 1442 2659 interpretationem
1485 2610 1694 2653 subiungant,
1738 2610 1776 2641 et

304 2658 472 2704 quomodo
491 2660 560 2695 iste
579 2660 778 2706 imperitus,
808 2661 885 2696 dum
915 2662 1130 2707 syllogismos
1155 2660 1323 2695 conficere
1349 2660 1512 2700 conatur,
1537 2667 1580 2690 ex
1597 2655 1696 2689 falsis
1720 2657 1777 2688 at-

304 2716 372 2749 que
402 2705 514 2751 impiis
543 2707 834 2754 propositionibus
864 2708 1060 2754 praemissis
1085 2708 1206 2742 falsam
1233 2711 1269 2741 et
1290 2704 1426 2750 impiam
1460 2703 1610 2738 deducat
1637 2700 1777 2734 conclu·

305 2751 445 2786 sionem.
494 2753 584 2788 Nam
606 2754 750 2788 omnium
773 2755 998 2797 Sanctorum,
1034 2766 1119 2800 quas
1147 2765 1236 2788 nunc
1264 2751 1441 2789 audiistis,
1471 2747 1777 2794 interpretationes

304 2796 405 2832 nihili
426 2798 557 2834 faciens
585 2799 660 2847 ipse
683 2800 828 2845 digitum
855 2801 922 2835 Dei
948 2802 1071 2836 statuit
1090 2811 1189 2835 unam
1208 2811 1285 2834 esse
1310 2810 1353 2832 ex
1373 2795 1489 2831 multis
1513 2795 1583 2829 illis
1606 2793 1779 2839 operatio·

305 2843 407 2879 uibus
434 2845 582 2891 divinis,
604 2858 691 2895 quas
708 2846 799 2883 idem
815 2847 989 2884 increatas
1006 2858 1083 2884 esse
1105 2846 1208 2883 hodie
1223 2843 1412 2887 confinxit;
1434 2842 1495 2879 ubi
1517 2844 1656 2878 sanctos
1674 2837 1778 2875 chri-
