1794 3172
237 159 466 205 NICEPH.
489 157 671 203 GREG.
691 156 843 202 HIST.
863 155 1110 201 BYZANT.
1141 152 1306 199 XVIII.
1339 161 1380 200 1.
1464 146 1565 196 869

70 268 201 306 ,Amica
235 265 435 302 obtestatio.
495 266 761 300 Cantacuzenus
797 263 960 309 ambigue
996 261 1200 307 respondet,
1245 259 1428 305 Gregorae
1452 260 1566 294 verbis

77 317 312 351 exacerbatur.
374 314 508 347 Coacta
535 312 665 357 synodo
698 311 819 345 ulcisci
848 322 925 344 eum
958 310 1096 343 statuit.
1168 308 1348 352 Gregoras
1383 318 1451 351 pro
1481 308 1565 341 reli-

76 364 182 409 gione
208 365 432 407 pugnaturus
455 360 611 393 habitum
635 358 865 392 monasticum
892 356 1020 392 induit.
1082 356 1186 389 Vitae
1213 354 1350 388 aulicae
1382 354 1564 388 renunciat

77 410 149 454 (4).
185 410 292 443 Mane
326 407 419 448 diei,
443 406 602 440 habendo
630 405 775 439 concilio
815 404 959 444 indicti,
976 404 1178 447 frequentes
1204 401 1388 435 orthodoxi
1409 401 1458 434 ad
1476 401 1564 435 Gre-

76 468 204 503 goram
222 455 437 489 conveniunt.
480 453 710 487 Illustriorum
727 452 866 496 elogia5
899 462 942 484 ac
956 450 1106 494 primum
1117 449 1417 493 metropolitarum
1439 447 1566 492 Ephesi

77 501 113 537 et
140 503 245 537 Gani.
297 502 367 535 Cur
379 505 524 545 practer
543 499 605 533 lios
625 510 714 532 unus
731 503 870 532 tantum
888 497 1064 541 episcopus
1085 496 1229 539 affuerit
1241 519 1252 536 ,
1286 506 1405 539 nempe
1427 495 1563 540 'lyr-ins.

80 551 177 593 Quae
193 549 293 583 huius
316 552 440 593 partes
459 546 610 590 fuerint.
660 546 756 579 Laus
779 544 891 578 Dexii.
915 544 1010 577 Laus
1030 542 1230 576 Athanasii.
1283 542 1378 576 Laus
1409 541 1561 586 discipu—

77 599 190 631 lorum
215 595 411 640 Gregorae.
456 594 680 628 Caeterorum
707 592 876 625 sociorum
905 590 1166 624 commendatio.
1219 588 1399 634 Gregoras
1417 589 1561 622 eircum-

76 648 211 677 stantes
239 641 440 686 alloquitur.
487 641 634 673 Suorum
655 639 747 672 vires
771 638 885 671 verbis
914 640 1088 670 extenuat.
1138 635 1311 679 Principis
1338 635 1561 680 iniquitatem

76 689 282 734 amplificat.
332 686 510 721 Leonidae
539 686 713 731 Spartani
740 684 1002 729 apophthegma
1027 683 1075 716 acl
1102 694 1264 727 praesens
1285 682 1483 716 institutum
1500 694 1562 715 ac-

76 735 283 770 commodat.
310 733 518 767 Orthodoxis
532 733 570 767 in
590 733 709 766 aulam
725 743 799 764 cum
820 731 982 775 Gregora
1000 729 1156 762 euntibus
1180 729 1311 773 passim
1331 729 1559 764 acclamatur.

76 783 184 817 Multi
204 793 240 815 se
259 781 307 815 ad
326 781 404 814 illos
433 781 634 825 adiungunt
658 778 731 823 (5).
780 777 966 812 Palamitis
986 777 1023 809 in
1040 776 1204 809 interiore
1225 776 1310 808 aula
1331 775 1560 819 epulantibus,

78 830 258 875 Gregoras
277 832 311 862 et
321 827 406 861 socii
423 827 660 860 excluduntur.
703 825 771 859 Per
788 824 919 858 atrium
937 823 1085 867 dispersi
1109 823 1171 856 diu
1190 827 1400 866 exspectant.
1448 822 1560 856 Pala-

74 877 183 911 mitae
194 879 276 919 post
296 875 416 919 epulas
434 873 472 907 in
491 873 605 907 Alcoeii
621 872 809 906 triclinium
827 874 1020 905 transeunt.
1055 869 1131 903 Illic
1150 869 1241 902 inter
1256 880 1291 902 se
1306 869 1459 913 primum
1478 880 1561 902 con-

74 924 227 960 sultant;
265 921 388 955 deinde
418 925 452 954 et
481 920 663 954 orthodoaei
690 918 969 953 introducuntur.
1020 916 1165 950 Concilii
1184 916 1392 959 auspicandi
1403 915 1497 949 ratio
1515 915 1561 948 ab

75 970 131 1003 his
146 968 380 1014 praescripta.
431 967 694 1001 Cantacuzenus
713 964 890 1010 perplexis
915 967 951 997 et
980 962 1154 1008 ambiguis
1177 962 1290 996 verbis
1318 962 1426 996 iurat.
1473 962 1561 996 Eius

76 1017 241 1050 aduersus
273 1014 480 1048 orthodoxos
497 1013 664 1057 iniquitas
682 1012 874 1053 manifesta
897 1009 971 1054 (6).
1027 1009 1227 1054 Gregoras‚
1253 1013 1441 1053 antequam
1461 1012 1560 1042 acto-

73 1074 150 1096 rum
179 1062 417 1106 synodicorum
446 1060 619 1103 fusiorem
643 1058 882 1092 narrationem
909 1056 1091 1097 ordiatur,
1127 1060 1239 1100 negat
1266 1067 1302 1089 se
1323 1056 1441 1089 omnia
1459 1066 1560 1099 posse

74 1109 263 1155 sigillatim
274 1108 435 1153 persequi
444 1119 458 1147 ,·
492 1108 610 1140 a'etate
629 1106 794 1144 debilem,·
819 1104 945 1148 eapitis
959 1103 1075 1136 morbo
1095 1107 1130 1136 et
1147 1103 1228 1137 aliis
1245 1102 1347 1136 malis
1365 1102 1559 1146 afflictum;

76 1157 221 1200 antiquo
251 1166 409 1188 sensuum
437 1153 560 1198 vigore
590 1153 805 1186 destitutum.
859 1150 994 1184 Victum
1021 1149 1103 1183 olim
1132 1161 1156 1183 a
1175 1161 1210 1183 se
1230 1149 1458 1183 Barlaamum
1477 1149 1559 1193 glo-

74 1203 200 1236 riatur.
255 1201 382 1235 Varias
405 1199 657 1234 lucubrationes
685 1209 765 1244 suas
793 1201 982 1232 enumerat.
1030 1196 1133 1230 Nunc
1162 1196 1227 1229 sibi
1247 1197 1383 1230 obstare
1403 1195 1559 1240 queritur

72 1248 258 1284 senectutis
283 1247 529 1286 incommoda3
566 1245 846 1279 adversariorum
876 1243 1078 1278 violentiam
1087 1254 1101 1283 ,·
1125 1243 1298 1277 hominum
1324 1243 1479 1283 iudicia,
1502 1242 1560 1276 vel

73 1297 267 1341 ambigua,
291 1295 346 1328 vel
374 1299 467 1328 metu
496 1297 671 1337 corrupta.
722 1292 984 1325 Cantacuzenus
1011 1295 1117 1324 antea
1147 1289 1314 1323 laudatus
1337 1301 1396 1323 cur
1424 1289 1461 1322 in
1490 1288 1558 1322 hae

72 1343 239 1377 historiae
254 1347 359 1387 parte
383 1340 613 1385 vituperetur.
663 1339 730 1372 Ubi
751 1339 796 1372 de
818 1339 892 1372 Deo
922 1338 1067 1383 agitur,
1091 1338 1193 1379 nefas
1212 1337 1353 1370 mentiri
1371 1340 1434 1370 aut
1453 1336 1557 1369 dissi-

71 1391 215 1424 mulare.
267 1389 351 1422 Cum
378 1388 607 1432 imperatore,
648 1386 744 1419 velut
769 1396 845 1418 cum
874 1384 1033 1429 aequali,
1077 1384 1257 1427 disputare
1284 1383 1423 1427 quando
1450 1383 1558 1416 liceat

136 1459 145 1468 .
187 1436 388 1469 Convocata
409 1434 539 1479 synodo
570 1433 833 1466 Cantacuzenus
852 1432 1045 1465 orationem
1058 1430 1183 1471 habet,
1210 1430 1304 1463 cuius
1322 1430 1408 1463 haec
1423 1440 1558 1462 summa

73 1488 146 1517 est.-
193 1482 435 1516 Idololatriam
458 1485 493 1514 ct
512 1480 669 1514 haereses
690 1491 714 1513 a
738 1479 886 1513 Diabolo
910 1478 1078 1511 invectas.
1103 1477 1157 1509 Eo
1179 1477 1374 1520 impellente
1385 1475 1559 1520 prodiisse

73 1530 324 1570 Barlaamum,
349 1533 383 1562 et
410 1528 646 1571 Acindymem,
682 1531 718 1560 et
748 1530 902 1559 caeteros
926 1524 1018 1557 idem
1048 1534 1124 1556 cum
1152 1523 1343 1556 Barlaamo
1361 1522 1559 1557 sentientes.

73 1577 242 1610 Futurum
260 1586 296 1608 se
315 1575 474 1619 deinceps
493 1574 696 1607 severiorem
718 1583 822 1618 quam
844 1575 952 1604 antea
960 1570 1087 1612 fucrit.
1135 1569 1361 1613 Imperatoris
1380 1579 1503 1603 manus
1522 1572 1558 1602 et

67 1627 202 1668 partes.
251 1622 330 1664 Qua
355 1621 527 1655 sententia
553 1620 766 1653 Barlaamus
781 1618 969 1651 damnatus
987 1616 1053 1657 sit,
1079 1616 1200 1649 eadem
1224 1615 1309 1649 istos
1335 1625 1465 1661 quoque
1490 1615 1558 1649 da-

72 1669 199 1705 mnari.
245 1667 401 1714 Denique
431 1677 578 1713 aequam
615 1677 651 1701 se
689 1665 844 1709 utrisque
873 1665 959 1707 sore
983 1662 1209 1697 iureiurando
1247 1662 1449 1709 interposito
1469 1673 1557 1710 pro·-

72 1716 184 1751 mtttsc
207 1714 280 1760 (8).

178 1883 233 1931 α’.
246 1869 432 1929 1’.κ4λλου
453 1883 530 1941 μέν
550 1881 650 1935 ἴσως
670 1881 723 1927 ἅν
739 1900 850 1934 τινος
867 1877 932 1940 ἦν,
947 1879 1136 1943 τοσούτῳ
1151 1879 1312 1940 πελάγει
1334 1886 1556 1940 συμφορᾶς
1570 1884 1604 1918 A.
1621 1883 1666 1917 M.
1684 1883 1776 1920 6858

73 1954 281 2013 ἀδοκήτου
301 1955 637 2012 συνειλημμένου,
669 1954 745 2010 τὴν
766 1955 964 2009 ταχίστην
983 1952 1263 2010 ἀπειρηκέναι·
1293 1950 1553 2007 βασιλεύοντι
1575 1931 1776 2014 Α1ἓ13350

74 2026 118 2070 ‹5'
153 2023 422 2083 ἀπαγορεύειν
452 2026 495 2068 ἐν
524 2032 611 2076 τοῖς
638 2021 840 2074 τοιούτοις
861 2022 910 2066 οὗ
934 2020 1050 2078 μάλα
1072 2024 1179 2079 ἐνῆν.
1218 2022 1318 2066 ἀλλ’
1345 2020 1480 2081 ὥσπερ
1504 2023 1773 2067 ivlml‘·1⁰-C¹¹¹¹-

73 2103 167 2147 ταῖς
188 2093 441 2153 παρατάξεσι
471 2098 556 2138 τῶν
591 2093 781 2149 πολέμων
811 2091 832 2137 ὅ
860 2092 1094 2151 στρατηγὸς
1120 2092 1174 2136 τὰ
1197 2090 1456 2149 πεπονηκότα
1475 2094 1543 2136 καὶ
1551 2072 1728 2153 Dtacuz.4

38 2163 301 2224 5τρεπόμενα
325 2164 430 2222 μέρη
454 2168 530 2220 τῆς
560 2162 772 2221 φάλαγγος
799 2169 886 2214 τοῖς
905 2162 1191 2219 ἀνακλητικοῖς
1216 2167 1300 2206 τῶν
1317 2163 1679 2220 σαλπίγγωνΡ·547

74 2235 150 2279 οὒκ
168 2236 215 2296 ἐᾷ
236 2233 571 2294 ὃιαρῥήγνυσθαί
586 2251 628 2277 τε
647 2235 715 2276 καὶ
733 2232 878 2295 τελέως
896 2230 1065 2284 ἑκόντας
1082 2239 1168 2283 τοΐς
1187 2233 1397 2288 πολεμίοις
1413 2250 1553 2291 παρα-

73 2306 300 2361 σχομένους
326 2305 380 2349 τὰ
402 2301 534 2362 κράτη
555 2307 631 2359 τῆς
655 2304 768 2359 νίκης
789 2300 1056 2360 ἀπαγορεύειν
1064 2335 1079 2356 ,
1113 2300 1224 2347 οὕτω
1246 2303 1314 2346 καὶ
1331 2296 1455 2352 οὗτος
1474 2301 1550 2345 οὐκ

74 2377 131 2426 εἲς
152 2371 401 2432 ἄπογνῶσεις
420 2373 569 2429 ἔβλεψε
592 2374 660 2416 καὶ
678 2369 894 2433 ῥᾳστώνην
915 2369 1113 2429 αἰσχύνης
1130 2370 1311 2430 μεστήν·
1347 2371 1455 2415 ἀλλὰ
1476 2375 1552 2415 νῦν

71 2445 148 2500 μὲν
180 2445 298 2504 ἕτερα
327 2443 403 2503 ἐφ’
439 2441 591 2502 ἑτέροις
611 2443 783 2487 ἐπινοῶν
809 2442 972 2487 διετέλει
991 2446 1076 2488 τῶν
1094 2438 1441 2502 ἐπιχειρημάτων·
1475 2444 1550 2484 νῦν

74 2593 106 2628 1.
130 2576 254 2633 Alius
271 2592 423 2628 fortasse
433 2617 444 2635 ‚
467 2595 568 2628 tanta
587 2591 784 2628 calamitate
801 2593 942 2637 praeter
959 2589 1153 2638 opinionem
1170 2600 1357 2636 oppressus
1367 2613 1377 2630 ,
1400 2586 1549 2623 animum

72 2640 189 2675 statim
207 2639 462 2685 despondisset.
507 2642 555 2675 At
576 2640 765 2686 imperator
784 2649 997 2684 nequaquam
1018 2638 1111 2672 inter
1129 2638 1215 2672 haec
1233 2635 1461 2680 desperabat;
1486 2634 1549 2669 sed

73 2685 352 2732 quemadmodum
371 2687 471 2728 dux,
482 2687 519 2722 in
537 2687 680 2733 praeliis
697 2685 938 2727 conserendis,
961 2685 1160 2719 laborantes
1178 2688 1215 2718 et
1229 2682 1410 2717 inclinatas
1428 2686 1547 2726 partes

73 2733 266 2774 exereitus,
290 2733 373 2768 dato
398 2744 477 2768 rece
501 2734 555 2768 tui
578 2734 697 2780 signo,
721 2744 788 2768 non
808 2731 892 2767 sinit
907 2731 1106 2778 perrumpi,
1128 2742 1193 2765 nee
1212 2730 1348 2776 patitur
1375 2728 1546 2773 integram

72 2779 231 2814 hostibus
253 2778 433 2814 victoriam
458 2792 479 2814 u
494 2786 547 2815 tro
572 2780 768 2815 deferentes
793 2779 903 2814 animo
926 2789 1067 2824 prorsus
1087 2775 1290 2817 concidere3
1313 2775 1364 2809 ita
1384 2773 1440 2809 hic
1460 2785 1546 2819 quo-

73 2837 141 2870 que
160 2837 226 2860 non
248 2825 492 2872 desperatione
515 2831 578 2861 aut
595 2827 691 2872 turpi
713 2825 856 2872 ignavia
873 2824 1180 2870 relanguescebat3
1206 2822 1268 2856 sed
1284 2821 1384 2856 modo
1404 2820 1546 2856 consilia

72 2871 140 2908 alia
158 2884 203 2909 ex
221 2871 298 2909 aliis
315 2873 562 2919 excogitabat3
583 2873 684 2910 modo
698 2885 759 2910 eas
775 2884 893 2918 naves,
916 2883 1007 2920 quae
1020 2869 1222 2918 iampridem
1236 2868 1273 2903 in
1292 2867 1471 2904 navalibus
1487 2878 1547 2902 re-
