<?xml version="1.0" encoding="UTF-8"?>
<!DOCTYPE html PUBLIC "-//W3C//DTD XHTML 1.0 Transitional//EN"
    "http://www.w3.org/TR/xhtml1/DTD/xhtml1-transitional.dtd">
<html xmlns="http://www.w3.org/1999/xhtml" xml:lang="en" lang="en">
 <head>
  <title>
</title>
<meta http-equiv="Content-Type" content="text/html;charset=utf-8" />
  <meta name='ocr-system' content='tesseract 3.04.00' />
  <meta name='ocr-capabilities' content='ocr_page ocr_carea ocr_par ocr_line ocrx_word'/>
</head>
<body>
  <div class='ocr_page' id='page_1' title='image "./corpusscriptorum39niebuoft_0318.png"; bbox 0 0 1794 3172; ppageno 0'>
   <div class='ocr_carea' id='block_1_1' title="bbox 261 143 1353 191">
    <p class='ocr_par' dir='ltr' id='par_1_1' title="bbox 261 143 1353 191">
     <span class='ocr_line' id='line_1_1' title="bbox 261 143 1353 191; baseline -0.001 -1"><span class='ocrx_word' id='word_1_1' title='bbox 261 143 363 191; x_wconf 87' lang='grc'><strong>876</strong></span> <span class='ocrx_word' id='word_1_2' title='bbox 670 144 999 191; x_wconf 81' lang='lat' dir='ltr'>-NICEPHORI</span> <span class='ocrx_word' id='word_1_3' title='bbox 1027 143 1353 189; x_wconf 88' lang='lat' dir='ltr'><strong>GREGORAE</strong></span> 
     </span>
    </p>
   </div>
   <div class='ocr_carea' id='block_1_2' title="bbox 41 251 1794 1841">
    <p class='ocr_par' dir='ltr' id='par_1_2' title="bbox 41 251 1794 1841">
     <span class='ocr_line' id='line_1_2' title="bbox 46 251 1744 317; baseline -0.002 -18"><span class='ocrx_word' id='word_1_4' title='bbox 46 267 78 300; x_wconf 67' lang='lat' dir='ltr'><strong>A.</strong></span> <span class='ocrx_word' id='word_1_5' title='bbox 94 266 138 299; x_wconf 89' lang='lat' dir='ltr'><strong>M.</strong></span> <span class='ocrx_word' id='word_1_6' title='bbox 159 264 251 301; x_wconf 84' lang='lat'>6858</span> <span class='ocrx_word' id='word_1_7' title='bbox 262 258 334 303; x_wconf 74' lang='grc' dir='ltr'><strong>ἐπ’</strong></span> <span class='ocrx_word' id='word_1_8' title='bbox 360 257 499 308; x_wconf 73' lang='grc' dir='ltr'><em>ἄλλοις</em></span> <span class='ocrx_word' id='word_1_9' title='bbox 526 255 652 317; x_wconf 76' lang='grc' dir='ltr'><em>ᾤχετο</em></span> <span class='ocrx_word' id='word_1_10' title='bbox 683 253 870 314; x_wconf 75' lang='grc' dir='ltr'><em>φεύγων,</em></span> <span class='ocrx_word' id='word_1_11' title='bbox 899 258 974 297; x_wconf 77' lang='grc' dir='ltr'><strong>νῢν</strong></span> <span class='ocrx_word' id='word_1_12' title='bbox 1004 253 1079 309; x_wconf 74' lang='grc' dir='ltr'><em>μὲν</em></span> <span class='ocrx_word' id='word_1_13' title='bbox 1112 256 1168 305; x_wconf 77' lang='grc' dir='ltr'><strong>εἷς</strong></span> <span class='ocrx_word' id='word_1_14' title='bbox 1183 257 1395 310; x_wconf 77' lang='grc' dir='ltr'><em>Λῆμνον,</em></span> <span class='ocrx_word' id='word_1_15' title='bbox 1423 256 1498 298; x_wconf 78' lang='grc' dir='ltr'><strong>νῦν</strong></span> <span class='ocrx_word' id='word_1_16' title='bbox 1520 254 1545 296; x_wconf 90' lang='grc' dir='ltr'><em>δ</em></span> <span class='ocrx_word' id='word_1_17' title='bbox 1553 251 1565 269; x_wconf 79' lang='grc'>’</span> <span class='ocrx_word' id='word_1_18' title='bbox 1589 251 1744 296; x_wconf 79' lang='grc' dir='ltr'><em>ἒκεῖθεν</em></span> 
     </span>
     <span class='ocr_line' id='line_1_3' title="bbox 98 312 1745 382; baseline -0.005 -9"><span class='ocrx_word' id='word_1_19' title='bbox 98 314 166 347; x_wconf 63' lang='lat'><strong>¹⁰⁴1·</strong></span> <span class='ocrx_word' id='word_1_20' title='bbox 180 312 204 348; x_wconf 78' lang='lat'><strong>3</strong></span> <span class='ocrx_word' id='word_1_21' title='bbox 261 331 318 379; x_wconf 81' lang='grc' dir='ltr'><strong>εἷς</strong></span> <span class='ocrx_word' id='word_1_22' title='bbox 341 329 663 382; x_wconf 76' lang='grc' dir='ltr'><em>Θεσσαλονίκην·</em></span> <span class='ocrx_word' id='word_1_23' title='bbox 699 327 790 382; x_wconf 85' lang='grc' dir='ltr'><em>περὶ</em></span> <span class='ocrx_word' id='word_1_24' title='bbox 810 318 865 368; x_wconf 77' lang='grc' dir='ltr'><em>ὧν</em></span> <span class='ocrx_word' id='word_1_25' title='bbox 885 322 1141 381; x_wconf 81' lang='grc' dir='ltr'><em>πλατύτερον</em></span> <span class='ocrx_word' id='word_1_26' title='bbox 1157 322 1360 381; x_wconf 80' lang='grc' dir='ltr'><em>εῗρήσεται</em></span> <span class='ocrx_word' id='word_1_27' title='bbox 1378 327 1607 381; x_wconf 78' lang='grc' dir='ltr'><em>προϊοῦσιν.</em></span> <span class='ocrx_word' id='word_1_28' title='bbox 1643 322 1745 371; x_wconf 77' lang='grc' dir='ltr'><em>τέως</em></span> 
     </span>
     <span class='ocr_line' id='line_1_4' title="bbox 261 391 1742 451; baseline -0.006 -9"><span class='ocrx_word' id='word_1_29' title='bbox 261 398 304 442; x_wconf 76' lang='grc' dir='ltr'><strong>δ’</strong></span> <span class='ocrx_word' id='word_1_30' title='bbox 329 398 453 442; x_wconf 75' lang='grc' dir='ltr'><em>ἐκεῖνο</em></span> <span class='ocrx_word' id='word_1_31' title='bbox 480 393 813 451; x_wconf 74' lang='grc' dir='ltr'><em>ἐπαναλήψομαι.</em></span> <span class='ocrx_word' id='word_1_32' title='bbox 860 391 956 451; x_wconf 78' lang='grc' dir='ltr'>(Θ.)</span> <span class='ocrx_word' id='word_1_33' title='bbox 992 395 1104 450; x_wconf 81' lang='grc' dir='ltr'><em>Πρὶν</em></span> <span class='ocrx_word' id='word_1_34' title='bbox 1133 393 1212 451; x_wconf 77' lang='grc' dir='ltr'><strong>γὰρ</strong></span> <span class='ocrx_word' id='word_1_35' title='bbox 1236 391 1359 443; x_wconf 84' lang='grc' dir='ltr'><em>ὅλους</em></span> <span class='ocrx_word' id='word_1_36' title='bbox 1385 392 1490 448; x_wconf 78' lang='grc' dir='ltr'><em>μετὰ</em></span> <span class='ocrx_word' id='word_1_37' title='bbox 1510 392 1587 448; x_wconf 83' lang='grc' dir='ltr'><strong>τὴν</strong></span> <span class='ocrx_word' id='word_1_38' title='bbox 1604 408 1742 449; x_wconf 89' lang='grc' dir='ltr'><em>χειρο-</em></span> 
     </span>
     <span class='ocr_line' id='line_1_5' title="bbox 261 460 1744 523; baseline -0.005 -13"><span class='ocrx_word' id='word_1_39' title='bbox 261 467 402 510; x_wconf 87' lang='grc' dir='ltr'><em>τονιάν</em></span> <span class='ocrx_word' id='word_1_40' title='bbox 430 471 538 523; x_wconf 82' lang='grc' dir='ltr'><em>τρεῖς</em></span> <span class='ocrx_word' id='word_1_41' title='bbox 578 464 765 522; x_wconf 76' lang='grc' dir='ltr'><em>παριέναι</em></span> <span class='ocrx_word' id='word_1_42' title='bbox 798 467 953 518; x_wconf 79' lang='grc' dir='ltr'><em>μῆνας,</em></span> <span class='ocrx_word' id='word_1_43' title='bbox 993 467 1078 506; x_wconf 83' lang='grc' dir='ltr'><strong>τῶν</strong></span> <span class='ocrx_word' id='word_1_44' title='bbox 1115 460 1346 506; x_wconf 73' lang='grc' dir='ltr'><em>ἐπισκόπων</em></span> <span class='ocrx_word' id='word_1_45' title='bbox 1386 461 1537 517; x_wconf 72' lang='grc' dir='ltr'><em>συνέβη</em></span> <span class='ocrx_word' id='word_1_46' title='bbox 1571 460 1744 519; x_wconf 80' lang='grc' dir='ltr'><em>ῥαγῆναι</em></span> 
     </span>
     <span class='ocr_line' id='line_1_6' title="bbox 221 528 1772 590; baseline -0.003 -15"><span class='ocrx_word' id='word_1_47' title='bbox 221 536 360 588; x_wconf 73' lang='grc' dir='ltr'><em>Ετοῦς</em></span> <span class='ocrx_word' id='word_1_48' title='bbox 398 536 613 584; x_wconf 77' lang='grc' dir='ltr'><em>πλείστους</em></span> <span class='ocrx_word' id='word_1_49' title='bbox 644 538 719 590; x_wconf 80' lang='grc' dir='ltr'><strong>τῆς</strong></span> <span class='ocrx_word' id='word_1_50' title='bbox 749 536 1046 590; x_wconf 82' lang='grc' dir='ltr'><em>πατριαρχικῆς</em></span> <span class='ocrx_word' id='word_1_51' title='bbox 1087 533 1322 585; x_wconf 85' lang='grc' dir='ltr'><em>κοινωνίας,</em></span> <span class='ocrx_word' id='word_1_52' title='bbox 1366 529 1457 575; x_wconf 74' lang='grc' dir='ltr'><em>ὅσοι</em></span> <span class='ocrx_word' id='word_1_53' title='bbox 1480 528 1772 585; x_wconf 76' lang='grc' dir='ltr'><em>διομνύμενοιό</em></span> 
     </span>
     <span class='ocr_line' id='line_1_7' title="bbox 262 598 1744 661; baseline -0.006 -12"><span class='ocrx_word' id='word_1_54' title='bbox 262 602 491 661; x_wconf 80' lang='grc' dir='ltr'><em>εἲσήγγελον</em></span> <span class='ocrx_word' id='word_1_55' title='bbox 522 601 622 646; x_wconf 80' lang='grc' dir='ltr'><em>εἶναι</em></span> <span class='ocrx_word' id='word_1_56' title='bbox 654 607 769 660; x_wconf 71' lang='grc' dir='ltr'><em>σαφῆ</em></span> <span class='ocrx_word' id='word_1_57' title='bbox 795 601 1104 645; x_wconf 64' lang='grc' dir='ltr'><em>ΖΙἸασσαλιανόν</em></span> <span class='ocrx_word' id='word_1_58' title='bbox 1134 601 1262 644; x_wconf 75' lang='grc' dir='ltr'><em>αὐτὸν</em></span> <span class='ocrx_word' id='word_1_59' title='bbox 1298 602 1368 644; x_wconf 83' lang='grc' dir='ltr'><strong>καὶ</strong></span> <span class='ocrx_word' id='word_1_60' title='bbox 1402 604 1486 644; x_wconf 82' lang='grc' dir='ltr'><strong>τῶν</strong></span> <span class='ocrx_word' id='word_1_61' title='bbox 1524 601 1566 643; x_wconf 74' lang='grc' dir='ltr'><em>ἐν</em></span> <span class='ocrx_word' id='word_1_62' title='bbox 1585 598 1744 642; x_wconf 82' lang='grc' dir='ltr'><em>Ἄθωνι</em></span> 
     </span>
     <span class='ocr_line' id='line_1_8' title="bbox 262 661 1742 731; baseline -0.005 -14"><span class='ocrx_word' id='word_1_63' title='bbox 262 674 345 731; x_wconf 70' lang='grc' dir='ltr'><em>ὄρει</em></span> <span class='ocrx_word' id='word_1_64' title='bbox 367 673 446 730; x_wconf 81' lang='grc' dir='ltr'><em>πρὸ</em></span> <span class='ocrx_word' id='word_1_65' title='bbox 477 673 578 716; x_wconf 73' lang='grc' dir='ltr'><em>ἐτῶν</em></span> <span class='ocrx_word' id='word_1_66' title='bbox 603 672 650 716; x_wconf 81' lang='grc' dir='ltr'><strong>οὗ</strong></span> <span class='ocrx_word' id='word_1_67' title='bbox 673 670 788 727; x_wconf 86' lang='grc' dir='ltr'><em>μάλα</em></span> <span class='ocrx_word' id='word_1_68' title='bbox 815 676 975 726; x_wconf 83' lang='grc' dir='ltr'><em>συχνῶν</em></span> <span class='ocrx_word' id='word_1_69' title='bbox 1006 676 1195 728; x_wconf 80' lang='grc' dir='ltr'><em>φανερῶς</em></span> <span class='ocrx_word' id='word_1_70' title='bbox 1226 669 1411 715; x_wconf 80' lang='grc' dir='ltr'><em>ἁλόντων</em></span> <span class='ocrx_word' id='word_1_71' title='bbox 1439 670 1531 713; x_wconf 71' lang='grc' dir='ltr'><em>ἕνα·</em></span> <span class='ocrx_word' id='word_1_72' title='bbox 1569 670 1659 726; x_wconf 81' lang='grc' dir='ltr'><em>περὶ</em></span> <span class='ocrx_word' id='word_1_73' title='bbox 1685 661 1742 711; x_wconf 74' lang='grc' dir='ltr'><em>ὧν</em></span> 
     </span>
     <span class='ocr_line' id='line_1_9' title="bbox 261 737 1743 799; baseline -0.005 -12"><span class='ocrx_word' id='word_1_74' title='bbox 261 743 453 799; x_wconf 73' lang='grc' dir='ltr'><em>ἀνωτέρω</em></span> <span class='ocrx_word' id='word_1_75' title='bbox 470 759 550 786; x_wconf 90' lang='grc' dir='ltr'><em>που</em></span> <span class='ocrx_word' id='word_1_76' title='bbox 569 746 644 798; x_wconf 74' lang='grc' dir='ltr'><strong>τῆς</strong></span> <span class='ocrx_word' id='word_1_77' title='bbox 666 741 850 798; x_wconf 79' lang='grc' dir='ltr'><em>ἱστορίας</em></span> <span class='ocrx_word' id='word_1_78' title='bbox 873 742 940 783; x_wconf 83' lang='grc' dir='ltr'><strong>καὶ</strong></span> <span class='ocrx_word' id='word_1_79' title='bbox 961 737 1078 797; x_wconf 71' lang='grc' dir='ltr'><em>ἡμεῖς</em></span> <span class='ocrx_word' id='word_1_80' title='bbox 1098 738 1303 798; x_wconf 77' lang='grc' dir='ltr'><em>εἰρηκότες</em></span> <span class='ocrx_word' id='word_1_81' title='bbox 1331 739 1463 795; x_wconf 72' lang='grc' dir='ltr'><em>ἐσμέν.</em></span> <span class='ocrx_word' id='word_1_82' title='bbox 1500 740 1585 782; x_wconf 73' lang='grc' dir='ltr'><em>ἐπεὶ</em></span> <span class='ocrx_word' id='word_1_83' title='bbox 1609 739 1654 781; x_wconf 75' lang='grc' dir='ltr'><strong>δὲ</strong></span> <span class='ocrx_word' id='word_1_84' title='bbox 1674 738 1743 779; x_wconf 85' lang='grc' dir='ltr'><strong>καὶ</strong></span> 
     </span>
     <span class='ocr_line' id='line_1_10' title="bbox 262 804 1743 868; baseline -0.004 -13"><span class='ocrx_word' id='word_1_85' title='bbox 262 812 389 863; x_wconf 75' lang='grc' dir='ltr'><em>αὐτὸς</em></span> <span class='ocrx_word' id='word_1_86' title='bbox 407 804 713 866; x_wconf 73' lang='grc' dir='ltr'><em>ἀνθιστάμενος</em></span> <span class='ocrx_word' id='word_1_87' title='bbox 735 813 909 867; x_wconf 75' lang='grc' dir='ltr'><em>εἰσῆγεν,</em></span> <span class='ocrx_word' id='word_1_88' title='bbox 945 811 988 861; x_wconf 76' lang='grc' dir='ltr'><strong>ἐξ</strong></span> <span class='ocrx_word' id='word_1_89' title='bbox 1009 809 1234 853; x_wconf 80' lang='grc' dir='ltr'><em>ἀντιπάλου</em></span> <span class='ocrx_word' id='word_1_90' title='bbox 1257 810 1384 868; x_wconf 78' lang='grc' dir='ltr'><em>ῥέων,</em></span> <span class='ocrx_word' id='word_1_91' title='bbox 1422 809 1650 863; x_wconf 88' lang='grc' dir='ltr'><em>διωμοσιάν</em></span> <span class='ocrx_word' id='word_1_92' title='bbox 1673 807 1743 849; x_wconf 84' lang='grc' dir='ltr'><strong>καὶ</strong></span> 
     </span>
     <span class='ocr_line' id='line_1_11' title="bbox 260 874 1794 939; baseline -0.003 -14"><span class='ocrx_word' id='word_1_93' title='bbox 260 878 572 939; x_wconf 81' lang='grc' dir='ltr'><em>ἇντεγκλήματα</em></span> <span class='ocrx_word' id='word_1_94' title='bbox 598 880 704 924; x_wconf 79' lang='grc' dir='ltr'><em>κατὰ</em></span> <span class='ocrx_word' id='word_1_95' title='bbox 724 878 883 924; x_wconf 84' lang='grc' dir='ltr'><em>τούτων</em></span> <span class='ocrx_word' id='word_1_96' title='bbox 907 877 1098 933; x_wconf 63' lang='grc' dir='ltr'><em>ἑκάστου,</em></span> <span class='ocrx_word' id='word_1_97' title='bbox 1137 880 1209 923; x_wconf 85' lang='grc' dir='ltr'><strong>τὸν</strong></span> <span class='ocrx_word' id='word_1_98' title='bbox 1228 880 1305 935; x_wconf 77' lang='grc' dir='ltr'><em>μὲν</em></span> <span class='ocrx_word' id='word_1_99' title='bbox 1326 879 1620 938; x_wconf 80' lang='grc' dir='ltr'><em>τυμβωρυχιάς</em></span> <span class='ocrx_word' id='word_1_100' title='bbox 1642 874 1742 920; x_wconf 80' lang='grc' dir='ltr'><em>διώ·</em></span> <span class='ocrx_word' id='word_1_101' title='bbox 1755 884 1794 920; x_wconf 83' lang='lat'><strong>10</strong></span> 
     </span>
     <span class='ocr_line' id='line_1_12' title="bbox 260 947 1741 1007; baseline -0.005 -12"><span class='ocrx_word' id='word_1_102' title='bbox 260 969 365 1005; x_wconf 86' lang='grc' dir='ltr'><em>κων,</em></span> <span class='ocrx_word' id='word_1_103' title='bbox 403 950 477 994; x_wconf 84' lang='grc' dir='ltr'><strong>τὸν</strong></span> <span class='ocrx_word' id='word_1_104' title='bbox 502 951 546 994; x_wconf 76' lang='grc' dir='ltr'><strong>δὲ</strong></span> <span class='ocrx_word' id='word_1_105' title='bbox 570 951 784 1007; x_wconf 85' lang='grc' dir='ltr'><em>πορνείας,</em></span> <span class='ocrx_word' id='word_1_106' title='bbox 815 950 888 993; x_wconf 82' lang='grc' dir='ltr'><strong>τὸν</strong></span> <span class='ocrx_word' id='word_1_107' title='bbox 916 950 961 992; x_wconf 82' lang='grc' dir='ltr'><strong>δὲ</strong></span> <span class='ocrx_word' id='word_1_108' title='bbox 983 950 1226 1006; x_wconf 88' lang='grc' dir='ltr'><em>Βογομίλων</em></span> <span class='ocrx_word' id='word_1_109' title='bbox 1261 948 1477 1004; x_wconf 74' lang='grc' dir='ltr'><em>αἱρέσεως,</em></span> <span class='ocrx_word' id='word_1_110' title='bbox 1509 947 1581 990; x_wconf 87' lang='grc' dir='ltr'><strong>τὸν</strong></span> <span class='ocrx_word' id='word_1_111' title='bbox 1602 947 1648 989; x_wconf 77' lang='grc' dir='ltr'><strong>δὲ</strong></span> <span class='ocrx_word' id='word_1_112' title='bbox 1665 949 1741 989; x_wconf 81' lang='grc' dir='ltr'><strong>τοῦ</strong></span> 
     </span>
     <span class='ocr_line' id='line_1_13' title="bbox 108 1014 1742 1079; baseline -0.004 -16"><span class='ocrx_word' id='word_1_113' title='bbox 108 1027 149 1063; x_wconf 87' lang='grc' dir='ltr'><strong>Ρ.</strong></span> <span class='ocrx_word' id='word_1_114' title='bbox 168 1027 237 1066; x_wconf 87' lang='lat'><strong>551</strong></span> <span class='ocrx_word' id='word_1_115' title='bbox 262 1019 338 1078; x_wconf 82' lang='grc' dir='ltr'><strong>τὴν</strong></span> <span class='ocrx_word' id='word_1_116' title='bbox 358 1018 580 1079; x_wconf 79' lang='grc' dir='ltr'><em>ῗερωσύνην</em></span> <span class='ocrx_word' id='word_1_117' title='bbox 603 1019 723 1063; x_wconf 78' lang='grc' dir='ltr'><em>ὤνιον</em></span> <span class='ocrx_word' id='word_1_118' title='bbox 746 1017 904 1063; x_wconf 80' lang='grc' dir='ltr'><em>διδόναι</em></span> <span class='ocrx_word' id='word_1_119' title='bbox 933 1021 1000 1062; x_wconf 85' lang='grc' dir='ltr'><strong>καὶ</strong></span> <span class='ocrx_word' id='word_1_120' title='bbox 1022 1019 1269 1074; x_wconf 83' lang='grc' dir='ltr'><em>ἀπεμπολεῖν</em></span> <span class='ocrx_word' id='word_1_121' title='bbox 1291 1020 1348 1068; x_wconf 80' lang='grc' dir='ltr'><strong>εἷς</strong></span> <span class='ocrx_word' id='word_1_122' title='bbox 1367 1017 1523 1075; x_wconf 79' lang='grc' dir='ltr'><em>ἄνδρας</em></span> <span class='ocrx_word' id='word_1_123' title='bbox 1543 1014 1659 1072; x_wconf 86' lang='grc' dir='ltr'><em>μάλα</em></span> <span class='ocrx_word' id='word_1_124' title='bbox 1677 1033 1742 1058; x_wconf 86' lang='grc' dir='ltr'><strong>τοι</strong></span> 
     </span>
     <span class='ocr_line' id='line_1_14' title="bbox 263 1084 1743 1148; baseline -0.006 -13"><span class='ocrx_word' id='word_1_125' title='bbox 263 1088 431 1148; x_wconf 86' lang='grc' dir='ltr'><em>σφόδρα</em></span> <span class='ocrx_word' id='word_1_126' title='bbox 453 1091 712 1146; x_wconf 76' lang='grc' dir='ltr'><em>αἰσχίστους,</em></span> <span class='ocrx_word' id='word_1_127' title='bbox 746 1091 812 1132; x_wconf 84' lang='grc' dir='ltr'><strong>καὶ</strong></span> <span class='ocrx_word' id='word_1_128' title='bbox 835 1089 986 1139; x_wconf 75' lang='grc' dir='ltr'><em>ἄλλους</em></span> <span class='ocrx_word' id='word_1_129' title='bbox 1008 1088 1168 1142; x_wconf 77' lang='grc' dir='ltr'><em>ἄλλων,</em></span> <span class='ocrx_word' id='word_1_130' title='bbox 1206 1090 1273 1132; x_wconf 83' lang='grc' dir='ltr'><strong>καὶ</strong></span> <span class='ocrx_word' id='word_1_131' title='bbox 1291 1088 1427 1145; x_wconf 84' lang='grc' dir='ltr'><em>γε’γονε</em></span> <span class='ocrx_word' id='word_1_132' title='bbox 1448 1088 1603 1143; x_wconf 86' lang='grc' dir='ltr'><em>σχίσμα</em></span> <span class='ocrx_word' id='word_1_133' title='bbox 1623 1084 1743 1142; x_wconf 73' lang='grc' dir='ltr'><em>μέχρι</em></span> 
     </span>
     <span class='ocr_line' id='line_1_15' title="bbox 262 1154 1741 1216; baseline -0.004 -13"><span class='ocrx_word' id='word_1_134' title='bbox 262 1161 331 1203; x_wconf 83' lang='grc' dir='ltr'><strong>καὶ</strong></span> <span class='ocrx_word' id='word_1_135' title='bbox 356 1160 398 1210; x_wconf 73' lang='grc' dir='ltr'><em>ἐς</em></span> <span class='ocrx_word' id='word_1_136' title='bbox 422 1157 552 1203; x_wconf 74' lang='grc' dir='ltr'><em>πολύν</em></span> <span class='ocrx_word' id='word_1_137' title='bbox 576 1176 668 1202; x_wconf 89' lang='grc' dir='ltr'><em>τινα</em></span> <span class='ocrx_word' id='word_1_138' title='bbox 697 1157 872 1216; x_wconf 85' lang='grc' dir='ltr'><em>χρόνον,</em></span> <span class='ocrx_word' id='word_1_139' title='bbox 907 1158 1033 1213; x_wconf 82' lang='grc' dir='ltr'><em>με’σος</em></span> <span class='ocrx_word' id='word_1_140' title='bbox 1073 1156 1094 1202; x_wconf 81' lang='grc' dir='ltr'><em>ὃ</em></span> <span class='ocrx_word' id='word_1_141' title='bbox 1121 1157 1317 1214; x_wconf 66' lang='grc' dir='ltr'><em>βασιλεῦς</em></span> <span class='ocrx_word' id='word_1_142' title='bbox 1346 1156 1556 1207; x_wconf 80' lang='grc' dir='ltr'><em>καταστὰς</em></span> <span class='ocrx_word' id='word_1_143' title='bbox 1588 1154 1741 1199; x_wconf 66' lang='grc' dir='ltr'><em>ἔπεισεν</em></span> 
     </span>
     <span class='ocr_line' id='line_1_16' title="bbox 262 1221 1794 1286; baseline -0.003 -14"><span class='ocrx_word' id='word_1_144' title='bbox 262 1226 456 1284; x_wconf 82' lang='grc' dir='ltr'><em>ἀλλήλοις</em></span> <span class='ocrx_word' id='word_1_145' title='bbox 477 1229 637 1286; x_wconf 75' lang='grc' dir='ltr'><em>ἀφεῖναι</em></span> <span class='ocrx_word' id='word_1_146' title='bbox 656 1226 938 1284; x_wconf 77' lang='grc' dir='ltr'><em>τάγκλήματα,</em></span> <span class='ocrx_word' id='word_1_147' title='bbox 971 1225 1115 1285; x_wconf 82' lang='grc' dir='ltr'><em>λάθρα</em></span> <span class='ocrx_word' id='word_1_148' title='bbox 1134 1227 1400 1286; x_wconf 71' lang='grc' dir='ltr'><em>καθυφέντας</em></span> <span class='ocrx_word' id='word_1_149' title='bbox 1419 1225 1470 1278; x_wconf 77' lang='grc' dir='ltr'><em>ἃς</em></span> <span class='ocrx_word' id='word_1_150' title='bbox 1487 1225 1587 1270; x_wconf 76' lang='grc' dir='ltr'><em>κατ’</em></span> <span class='ocrx_word' id='word_1_151' title='bbox 1612 1221 1740 1282; x_wconf 79' lang='grc' dir='ltr'><em>ἆλλή-</em></span> <span class='ocrx_word' id='word_1_152' title='bbox 1754 1231 1794 1269; x_wconf 83' lang='lat'><strong>15</strong></span> 
     </span>
     <span class='ocr_line' id='line_1_17' title="bbox 262 1292 1740 1356; baseline -0.003 -14"><span class='ocrx_word' id='word_1_153' title='bbox 262 1301 346 1342; x_wconf 85' lang='grc' dir='ltr'><strong>λων</strong></span> <span class='ocrx_word' id='word_1_154' title='bbox 365 1298 530 1356; x_wconf 80' lang='grc' dir='ltr'><em>γραφὰς</em></span> <span class='ocrx_word' id='word_1_155' title='bbox 550 1299 617 1341; x_wconf 85' lang='grc' dir='ltr'><strong>καὶ</strong></span> <span class='ocrx_word' id='word_1_156' title='bbox 638 1299 845 1355; x_wconf 75' lang='grc' dir='ltr'><em>λοιδορίας</em></span> <span class='ocrx_word' id='word_1_157' title='bbox 865 1295 1080 1353; x_wconf 74' lang='grc' dir='ltr'><em>ἐξήνεγκαν</em></span> <span class='ocrx_word' id='word_1_158' title='bbox 1103 1302 1314 1355; x_wconf 81' lang='grc' dir='ltr'><em>φανερῶς,</em></span> <span class='ocrx_word' id='word_1_159' title='bbox 1347 1297 1418 1339; x_wconf 64' lang='grc' dir='ltr'><em>ἰ’να</em></span> <span class='ocrx_word' id='word_1_160' title='bbox 1438 1295 1499 1352; x_wconf 84' lang='grc' dir='ltr'><strong>μὴ</strong></span> <span class='ocrx_word' id='word_1_161' title='bbox 1517 1292 1740 1353; x_wconf 76' lang='grc' dir='ltr'><em>προσθήκη</em></span> 
     </span>
     <span class='ocr_line' id='line_1_18' title="bbox 259 1365 1742 1424; baseline -0.002 -14"><span class='ocrx_word' id='word_1_162' title='bbox 259 1369 328 1410; x_wconf 82' lang='grc' dir='ltr'><strong>καὶ</strong></span> <span class='ocrx_word' id='word_1_163' title='bbox 350 1371 474 1410; x_wconf 76' lang='grc' dir='ltr'><em>τοῦτο</em></span> <span class='ocrx_word' id='word_1_164' title='bbox 500 1368 664 1424; x_wconf 77' lang='grc' dir='ltr'><em>γένηται</em></span> <span class='ocrx_word' id='word_1_165' title='bbox 697 1374 785 1417; x_wconf 84' lang='grc' dir='ltr'><em>τοῖς</em></span> <span class='ocrx_word' id='word_1_166' title='bbox 814 1367 910 1410; x_wconf 75' lang='grc' dir='ltr'><em>κατ’</em></span> <span class='ocrx_word' id='word_1_167' title='bbox 941 1367 1079 1410; x_wconf 78' lang='grc' dir='ltr'><em>αὐτῶν</em></span> <span class='ocrx_word' id='word_1_168' title='bbox 1103 1365 1427 1424; x_wconf 75' lang='grc' dir='ltr'><em>ἐπενηνεγμὲνοις</em></span> <span class='ocrx_word' id='word_1_169' title='bbox 1454 1367 1546 1422; x_wconf 81' lang='grc' dir='ltr'><em>περὶ</em></span> <span class='ocrx_word' id='word_1_170' title='bbox 1566 1365 1742 1413; x_wconf 83' lang='grc' dir='ltr'><em>πίστεως</em></span> 
     </span>
     <span class='ocr_line' id='line_1_19' title="bbox 222 1433 1741 1494; baseline -0.004 -14"><span class='ocrx_word' id='word_1_171' title='bbox 222 1436 371 1494; x_wconf 66' lang='grc' dir='ltr'><em>Βπαρ’</em></span> <span class='ocrx_word' id='word_1_172' title='bbox 413 1434 531 1492; x_wconf 68' lang='grc' dir='ltr'><em>ἡμῶν</em></span> <span class='ocrx_word' id='word_1_173' title='bbox 566 1433 826 1493; x_wconf 73' lang='grc' dir='ltr'><em>ἐγκλήμασιν.</em></span> <span class='ocrx_word' id='word_1_174' title='bbox 864 1435 974 1480; x_wconf 70' lang='grc' dir='ltr'><em>οὕτω</em></span> <span class='ocrx_word' id='word_1_175' title='bbox 1008 1438 1147 1480; x_wconf 84' lang='grc' dir='ltr'><em>τοίνυν</em></span> <span class='ocrx_word' id='word_1_176' title='bbox 1169 1438 1211 1479; x_wconf 81' lang='grc' dir='ltr'><em>ἒν</em></span> <span class='ocrx_word' id='word_1_177' title='bbox 1237 1442 1379 1485; x_wconf 83' lang='grc' dir='ltr'><em>κακοῖς</em></span> <span class='ocrx_word' id='word_1_178' title='bbox 1410 1439 1546 1486; x_wconf 82' lang='grc' dir='ltr'><em>κακῶς</em></span> <span class='ocrx_word' id='word_1_179' title='bbox 1570 1435 1639 1477; x_wconf 77' lang='grc' dir='ltr'><strong>καὶ</strong></span> <span class='ocrx_word' id='word_1_180' title='bbox 1673 1434 1741 1476; x_wconf 83' lang='grc' dir='ltr'><strong>αἲ-</strong></span> 
     </span>
     <span class='ocr_line' id='line_1_20' title="bbox 259 1500 1741 1563; baseline -0.004 -13"><span class='ocrx_word' id='word_1_181' title='bbox 259 1509 397 1563; x_wconf 77' lang='grc' dir='ltr'><em>σχρῶς</em></span> <span class='ocrx_word' id='word_1_182' title='bbox 418 1503 610 1562; x_wconf 82' lang='grc' dir='ltr'><em>ἀλλήλοις</em></span> <span class='ocrx_word' id='word_1_183' title='bbox 641 1503 902 1561; x_wconf 79' lang='grc' dir='ltr'><em>σπεισάμενοι</em></span> <span class='ocrx_word' id='word_1_184' title='bbox 924 1503 1129 1563; x_wconf 49' lang='grc' dir='ltr'><strong>Ἰξυνῄεσαν</strong></span> <span class='ocrx_word' id='word_1_185' title='bbox 1158 1504 1350 1562; x_wconf 78' lang='grc' dir='ltr'><em>ἀλλήλοις</em></span> <span class='ocrx_word' id='word_1_186' title='bbox 1380 1504 1548 1558; x_wconf 83' lang='grc' dir='ltr'><em>λοιπὸν,</em></span> <span class='ocrx_word' id='word_1_187' title='bbox 1581 1500 1741 1560; x_wconf 69' lang='grc' dir='ltr'><em>ἡμέραν</em></span> 
     </span>
     <span class='ocr_line' id='line_1_21' title="bbox 259 1570 1794 1636; baseline 0 -19"><span class='ocrx_word' id='word_1_188' title='bbox 259 1576 303 1626; x_wconf 73' lang='grc' dir='ltr'><strong>ἐξ</strong></span> <span class='ocrx_word' id='word_1_189' title='bbox 325 1573 484 1633; x_wconf 76' lang='grc' dir='ltr'><em>ἡμέρας</em></span> <span class='ocrx_word' id='word_1_190' title='bbox 507 1574 730 1630; x_wconf 74' lang='grc' dir='ltr'><em>ἐπιβουλὰς</em></span> <span class='ocrx_word' id='word_1_191' title='bbox 757 1574 866 1619; x_wconf 68' lang='grc' dir='ltr'><em>καθ’</em></span> <span class='ocrx_word' id='word_1_192' title='bbox 898 1572 1016 1636; x_wconf 69' lang='grc' dir='ltr'><em>ἡμῶν</em></span> <span class='ocrx_word' id='word_1_193' title='bbox 1044 1574 1175 1627; x_wconf 75' lang='grc' dir='ltr'><em>ἄλλας</em></span> <span class='ocrx_word' id='word_1_194' title='bbox 1194 1576 1262 1619; x_wconf 76' lang='grc' dir='ltr'><strong>ἐπ’</strong></span> <span class='ocrx_word' id='word_1_195' title='bbox 1283 1574 1414 1625; x_wconf 75' lang='grc' dir='ltr'><em>ἄλλας</em></span> <span class='ocrx_word' id='word_1_196' title='bbox 1433 1570 1794 1634; x_wconf 73' lang='grc' dir='ltr'><em>συρῤάπτοντὲςΞΟ</em></span> 
     </span>
     <span class='ocr_line' id='line_1_22' title="bbox 259 1645 712 1700; baseline 0.004 -13"><span class='ocrx_word' id='word_1_197' title='bbox 259 1661 303 1688; x_wconf 86' lang='grc' dir='ltr'><strong>τε</strong></span> <span class='ocrx_word' id='word_1_198' title='bbox 325 1646 393 1688; x_wconf 85' lang='grc' dir='ltr'><strong>καὶ</strong></span> <span class='ocrx_word' id='word_1_199' title='bbox 417 1645 712 1700; x_wconf 76' lang='grc' dir='ltr'><em>ξυντιθέμενοι.</em></span> 
     </span>
     <span class='ocr_line' id='line_1_23' title="bbox 41 1711 1740 1773; baseline 0 -18"><span class='ocrx_word' id='word_1_200' title='bbox 41 1722 79 1756; x_wconf 81' lang='lat' dir='ltr'><strong>A.</strong></span> <span class='ocrx_word' id='word_1_201' title='bbox 96 1721 140 1755; x_wconf 93' lang='lat' dir='ltr'><strong>M.</strong></span> <span class='ocrx_word' id='word_1_202' title='bbox 158 1721 249 1758; x_wconf 88' lang='lat'><strong>6859</strong></span> <span class='ocrx_word' id='word_1_203' title='bbox 309 1762 312 1764; x_wconf 14' lang='grc' dir='ltr'><strong>Α</strong></span> <span class='ocrx_word' id='word_1_204' title='bbox 370 1711 427 1767; x_wconf 80' lang='grc' dir='ltr'><strong>β’.</strong></span> <span class='ocrx_word' id='word_1_205' title='bbox 456 1712 573 1772; x_wconf 78' lang='grc' dir='ltr'><em>’Άρτι</em></span> <span class='ocrx_word' id='word_1_206' title='bbox 605 1715 652 1758; x_wconf 78' lang='grc' dir='ltr'><strong>δὲ</strong></span> <span class='ocrx_word' id='word_1_207' title='bbox 681 1717 765 1758; x_wconf 82' lang='grc' dir='ltr'><strong>τῶν</strong></span> <span class='ocrx_word' id='word_1_208' title='bbox 794 1715 1115 1773; x_wconf 77' lang='grc' dir='ltr'><em>φθινοπωρίνων</em></span> <span class='ocrx_word' id='word_1_209' title='bbox 1144 1718 1219 1759; x_wconf 75' lang='grc' dir='ltr'><strong>τοῦ</strong></span> <span class='ocrx_word' id='word_1_210' title='bbox 1241 1712 1359 1771; x_wconf 77' lang='grc' dir='ltr'><em>ἡλίου</em></span> <span class='ocrx_word' id='word_1_211' title='bbox 1379 1716 1544 1771; x_wconf 84' lang='grc' dir='ltr'><em>τροπῶν</em></span> <span class='ocrx_word' id='word_1_212' title='bbox 1567 1713 1610 1755; x_wconf 77' lang='grc' dir='ltr'><em>ἓν</em></span> <span class='ocrx_word' id='word_1_213' title='bbox 1631 1729 1740 1770; x_wconf 88' lang='grc' dir='ltr'><em>προ-</em></span> 
     </span>
     <span class='ocr_line' id='line_1_24' title="bbox 91 1766 1739 1841; baseline -0.001 -15"><span class='ocrx_word' id='word_1_214' title='bbox 91 1766 200 1803; x_wconf 83' lang='lat' dir='ltr'><strong>Ind.4</strong></span> <span class='ocrx_word' id='word_1_215' title='bbox 259 1780 409 1841; x_wconf 70' lang='grc' dir='ltr'><em>θ’ὖροις</em></span> <span class='ocrx_word' id='word_1_216' title='bbox 440 1782 714 1839; x_wconf 77' lang='grc' dir='ltr'><em>αὖλιζομὲνων</em></span> <span class='ocrx_word' id='word_1_217' title='bbox 747 1789 823 1828; x_wconf 82' lang='grc' dir='ltr'><strong>τοῦ</strong></span> <span class='ocrx_word' id='word_1_218' title='bbox 852 1783 991 1838; x_wconf 66' lang='grc' dir='ltr'><em>ἔτους,</em></span> <span class='ocrx_word' id='word_1_219' title='bbox 1029 1782 1212 1841; x_wconf 81' lang='grc' dir='ltr'><em>τριήρεσι</em></span> <span class='ocrx_word' id='word_1_220' title='bbox 1239 1786 1306 1827; x_wconf 81' lang='grc' dir='ltr'><strong>καὶ</strong></span> <span class='ocrx_word' id='word_1_221' title='bbox 1332 1781 1553 1840; x_wconf 85' lang='grc' dir='ltr'><em>μονήρεσιν</em></span> <span class='ocrx_word' id='word_1_222' title='bbox 1571 1781 1677 1839; x_wconf 76' lang='grc' dir='ltr'><em>ἄρας</em></span> <span class='ocrx_word' id='word_1_223' title='bbox 1694 1783 1739 1824; x_wconf 72' lang='grc' dir='ltr'><em>ἐκ</em></span> 
     </span>
    </p>
   </div>
   <div class='ocr_carea' id='block_1_3' title="bbox 106 1812 1738 1913">
    <p class='ocr_par' dir='ltr' id='par_1_3' title="bbox 106 1812 1738 1913">
     <span class='ocr_line' id='line_1_25' title="bbox 106 1812 1738 1913; baseline -0.001 -18"><span class='ocrx_word' id='word_1_224' title='bbox 106 1815 150 1850; x_wconf 54' lang='grc' dir='ltr'><strong>γ’</strong></span> <span class='ocrx_word' id='word_1_225' title='bbox 171 1812 491 1906; x_wconf 52' lang='grc' dir='ltr'><strong>44((ςὶΒυζαντίου</strong></span> <span class='ocrx_word' id='word_1_226' title='bbox 522 1851 545 1896; x_wconf 79' lang='grc' dir='ltr'><strong><em>ὅ</em></strong></span> <span class='ocrx_word' id='word_1_227' title='bbox 579 1845 781 1908; x_wconf 72' lang='grc' dir='ltr'><em>βασιλεὺς</em></span> <span class='ocrx_word' id='word_1_228' title='bbox 814 1853 1159 1910; x_wconf 83' lang='grc' dir='ltr'><em>Καντακουζηνὸς</em></span> <span class='ocrx_word' id='word_1_229' title='bbox 1202 1851 1307 1909; x_wconf 78' lang='grc' dir='ltr'><em>ὁμοῦ</em></span> <span class='ocrx_word' id='word_1_230' title='bbox 1346 1857 1406 1913; x_wconf 75' lang='grc' dir='ltr'><strong>τῷ</strong></span> <span class='ocrx_word' id='word_1_231' title='bbox 1449 1853 1515 1895; x_wconf 74' lang='grc' dir='ltr'><em>ἐπὶ</em></span> <span class='ocrx_word' id='word_1_232' title='bbox 1554 1852 1738 1908; x_wconf 81' lang='grc' dir='ltr'><em>θυγατρὶ</em></span> 
     </span>
    </p>
   </div>
   <div class='ocr_carea' id='block_1_4' title="bbox 249 1961 1738 2894">
    <p class='ocr_par' dir='ltr' id='par_1_4' title="bbox 249 1961 1738 2799">
     <span class='ocr_line' id='line_1_26' title="bbox 255 1961 1738 2009; baseline -0.002 -11"><span class='ocrx_word' id='word_1_233' title='bbox 255 1962 402 1998; x_wconf 85' lang='lat' dir='ltr'><strong>texendo</strong></span> <span class='ocrx_word' id='word_1_234' title='bbox 434 1962 658 2009; x_wconf 75' lang='lat' dir='ltr'><strong>aufugiebat,</strong></span> <span class='ocrx_word' id='word_1_235' title='bbox 680 1962 779 1998; x_wconf 89' lang='lat' dir='ltr'><strong>modo</strong></span> <span class='ocrx_word' id='word_1_236' title='bbox 802 1963 838 1998; x_wconf 89' lang='lat' dir='ltr'><strong>in</strong></span> <span class='ocrx_word' id='word_1_237' title='bbox 862 1964 1006 1999; x_wconf 91' lang='lat' dir='ltr'><strong>insulam</strong></span> <span class='ocrx_word' id='word_1_238' title='bbox 1025 1964 1198 2006; x_wconf 86' lang='lat' dir='ltr'><strong>Lemnum,</strong></span> <span class='ocrx_word' id='word_1_239' title='bbox 1218 1963 1317 1998; x_wconf 88' lang='lat' dir='ltr'><strong>modo</strong></span> <span class='ocrx_word' id='word_1_240' title='bbox 1335 1962 1429 1998; x_wconf 89' lang='lat' dir='ltr'><strong>illinc</strong></span> <span class='ocrx_word' id='word_1_241' title='bbox 1444 1961 1738 1996; x_wconf 81' lang='lat' dir='ltr'><strong>Thessalonicam.</strong></span> 
     </span>
     <span class='ocr_line' id='line_1_27' title="bbox 257 2009 1736 2045; baseline -0.001 -1"><span class='ocrx_word' id='word_1_242' title='bbox 257 2010 330 2044; x_wconf 88' lang='lat' dir='ltr'><strong>Sed</strong></span> <span class='ocrx_word' id='word_1_243' title='bbox 347 2010 390 2044; x_wconf 88' lang='lat' dir='ltr'><strong>de</strong></span> <span class='ocrx_word' id='word_1_244' title='bbox 410 2009 463 2044; x_wconf 85' lang='lat' dir='ltr'><strong>his</strong></span> <span class='ocrx_word' id='word_1_245' title='bbox 484 2012 585 2044; x_wconf 84' lang='lat' dir='ltr'><strong>rebus</strong></span> <span class='ocrx_word' id='word_1_246' title='bbox 603 2009 713 2045; x_wconf 84' lang='lat' dir='ltr'><strong>fusius</strong></span> <span class='ocrx_word' id='word_1_247' title='bbox 735 2010 829 2045; x_wconf 82' lang='lat' dir='ltr'><strong>infra</strong></span> <span class='ocrx_word' id='word_1_248' title='bbox 855 2010 979 2045; x_wconf 85' lang='lat' dir='ltr'><strong>dicturi</strong></span> <span class='ocrx_word' id='word_1_249' title='bbox 1005 2022 1129 2044; x_wconf 82' lang='lat' dir='ltr'><strong>sumus.</strong></span> <span class='ocrx_word' id='word_1_250' title='bbox 1185 2011 1289 2045; x_wconf 86' lang='lat' dir='ltr'><strong>Nunc</strong></span> <span class='ocrx_word' id='word_1_251' title='bbox 1309 2014 1420 2045; x_wconf 84' lang='lat' dir='ltr'><strong>autem</strong></span> <span class='ocrx_word' id='word_1_252' title='bbox 1447 2009 1533 2043; x_wconf 89' lang='lat' dir='ltr'><strong>illud</strong></span> <span class='ocrx_word' id='word_1_253' title='bbox 1556 2020 1736 2043; x_wconf 84' lang='lat' dir='ltr'><strong>resumam.</strong></span> 
     </span>
     <span class='ocr_line' id='line_1_28' title="bbox 256 2055 1736 2103; baseline -0.001 -13"><span class='ocrx_word' id='word_1_254' title='bbox 256 2056 358 2101; x_wconf 84' lang='lat' dir='ltr'>(IX.)</span> <span class='ocrx_word' id='word_1_255' title='bbox 388 2056 550 2091; x_wconf 91' lang='lat' dir='ltr'><strong>Nondum</strong></span> <span class='ocrx_word' id='word_1_256' title='bbox 577 2061 650 2091; x_wconf 83' lang='lat' dir='ltr'><strong>tres</strong></span> <span class='ocrx_word' id='word_1_257' title='bbox 676 2056 743 2091; x_wconf 88' lang='lat' dir='ltr'><strong>toti</strong></span> <span class='ocrx_word' id='word_1_258' title='bbox 771 2061 851 2103; x_wconf 86' lang='lat' dir='ltr'><strong>post</strong></span> <span class='ocrx_word' id='word_1_259' title='bbox 884 2057 1102 2102; x_wconf 75' lang='lat' dir='ltr'><strong>patriarchae</strong></span> <span class='ocrx_word' id='word_1_260' title='bbox 1128 2056 1329 2091; x_wconf 84' lang='lat' dir='ltr'><strong>electionem</strong></span> <span class='ocrx_word' id='word_1_261' title='bbox 1356 2067 1490 2091; x_wconf 86' lang='lat' dir='ltr'><strong>menses</strong></span> <span class='ocrx_word' id='word_1_262' title='bbox 1514 2055 1736 2098; x_wconf 78' lang='lat' dir='ltr'><strong>effluxerant,</strong></span> 
     </span>
     <span class='ocr_line' id='line_1_29' title="bbox 256 2101 1737 2149; baseline -0.001 -13"><span class='ocrx_word' id='word_1_263' title='bbox 256 2114 332 2136; x_wconf 89' lang='lat' dir='ltr'><strong>cum</strong></span> <span class='ocrx_word' id='word_1_264' title='bbox 354 2101 506 2148; x_wconf 83' lang='lat' dir='ltr'><strong>plerique</strong></span> <span class='ocrx_word' id='word_1_265' title='bbox 527 2102 762 2149; x_wconf 83' lang='lat' dir='ltr'><strong>episcoporum</strong></span> <span class='ocrx_word' id='word_1_266' title='bbox 781 2103 824 2138; x_wconf 83' lang='lat' dir='ltr'><strong>ab</strong></span> <span class='ocrx_word' id='word_1_267' title='bbox 844 2103 918 2138; x_wconf 88' lang='lat' dir='ltr'><strong>eius</strong></span> <span class='ocrx_word' id='word_1_268' title='bbox 934 2103 1166 2146; x_wconf 83' lang='lat' dir='ltr'><strong>communione</strong></span> <span class='ocrx_word' id='word_1_269' title='bbox 1184 2103 1297 2137; x_wconf 88' lang='lat' dir='ltr'><strong>avulsi</strong></span> <span class='ocrx_word' id='word_1_270' title='bbox 1317 2105 1544 2144; x_wconf 82' lang='lat' dir='ltr'><strong>secesserunt,</strong></span> <span class='ocrx_word' id='word_1_271' title='bbox 1564 2106 1737 2147; x_wconf 84' lang='lat' dir='ltr'><strong>quotquot</strong></span> 
     </span>
     <span class='ocr_line' id='line_1_30' title="bbox 258 2148 1737 2195; baseline -0.001 -13"><span class='ocrx_word' id='word_1_272' title='bbox 258 2148 392 2183; x_wconf 87' lang='lat' dir='ltr'><strong>scilicet</strong></span> <span class='ocrx_word' id='word_1_273' title='bbox 408 2148 522 2183; x_wconf 82' lang='lat' dir='ltr'><strong>iurato</strong></span> <span class='ocrx_word' id='word_1_274' title='bbox 545 2150 836 2184; x_wconf 83' lang='lat' dir='ltr'><strong>denunciaverant</strong></span> <span class='ocrx_word' id='word_1_275' title='bbox 853 2149 1096 2184; x_wconf 87' lang='lat' dir='ltr'><strong>Massalianum</strong></span> <span class='ocrx_word' id='word_1_276' title='bbox 1113 2161 1189 2184; x_wconf 89' lang='lat' dir='ltr'><strong>eum</strong></span> <span class='ocrx_word' id='word_1_277' title='bbox 1209 2162 1247 2184; x_wconf 88' lang='lat' dir='ltr'><strong>re</strong></span> <span class='ocrx_word' id='word_1_278' title='bbox 1264 2150 1342 2195; x_wconf 88' lang='lat' dir='ltr'><strong>ipsa</strong></span> <span class='ocrx_word' id='word_1_279' title='bbox 1362 2161 1459 2190; x_wconf 87' lang='lat' dir='ltr'><strong>esse,</strong></span> <span class='ocrx_word' id='word_1_280' title='bbox 1485 2160 1526 2183; x_wconf 88' lang='lat' dir='ltr'><strong>ac</strong></span> <span class='ocrx_word' id='word_1_281' title='bbox 1550 2159 1652 2182; x_wconf 91' lang='lat' dir='ltr'><strong>unum</strong></span> <span class='ocrx_word' id='word_1_282' title='bbox 1673 2158 1737 2181; x_wconf 84' lang='lat' dir='ltr'><strong>ex-</strong></span> 
     </span>
     <span class='ocr_line' id='line_1_31' title="bbox 257 2194 1736 2241; baseline -0.001 -12"><span class='ocrx_word' id='word_1_283' title='bbox 257 2194 389 2230; x_wconf 77' lang='lat' dir='ltr'><strong>stitisse</strong></span> <span class='ocrx_word' id='word_1_284' title='bbox 408 2206 450 2230; x_wconf 87' lang='lat' dir='ltr'><strong>ex</strong></span> <span class='ocrx_word' id='word_1_285' title='bbox 472 2194 562 2237; x_wconf 85' lang='lat' dir='ltr'><strong>inis,</strong></span> <span class='ocrx_word' id='word_1_286' title='bbox 589 2196 649 2241; x_wconf 89' lang='lat' dir='ltr'><strong>qui</strong></span> <span class='ocrx_word' id='word_1_287' title='bbox 669 2199 750 2230; x_wconf 88' lang='lat' dir='ltr'><strong>ante</strong></span> <span class='ocrx_word' id='word_1_288' title='bbox 774 2207 882 2230; x_wconf 85' lang='lat' dir='ltr'><strong>annos</strong></span> <span class='ocrx_word' id='word_1_289' title='bbox 908 2207 975 2231; x_wconf 87' lang='lat' dir='ltr'><strong>non</strong></span> <span class='ocrx_word' id='word_1_290' title='bbox 1001 2196 1052 2230; x_wconf 89' lang='lat' dir='ltr'><strong>ita</strong></span> <span class='ocrx_word' id='word_1_291' title='bbox 1080 2196 1203 2231; x_wconf 85' lang='lat' dir='ltr'><strong>multos</strong></span> <span class='ocrx_word' id='word_1_292' title='bbox 1231 2196 1268 2230; x_wconf 89' lang='lat' dir='ltr'><strong>in</strong></span> <span class='ocrx_word' id='word_1_293' title='bbox 1293 2201 1408 2230; x_wconf 88' lang='lat' dir='ltr'><strong>monte</strong></span> <span class='ocrx_word' id='word_1_294' title='bbox 1433 2195 1526 2230; x_wconf 88' lang='lat' dir='ltr'><strong>Atho</strong></span> <span class='ocrx_word' id='word_1_295' title='bbox 1554 2194 1736 2229; x_wconf 81' lang='lat' dir='ltr'><strong>manifeste</strong></span> 
     </span>
     <span class='ocr_line' id='line_1_32' title="bbox 254 2240 1736 2288; baseline -0.001 -12"><span class='ocrx_word' id='word_1_296' title='bbox 254 2240 461 2287; x_wconf 82' lang='lat' dir='ltr'><strong>deprehensi</strong></span> <span class='ocrx_word' id='word_1_297' title='bbox 489 2241 652 2284; x_wconf 79' lang='lat' dir='ltr'><strong>fuissent3</strong></span> <span class='ocrx_word' id='word_1_298' title='bbox 685 2242 729 2276; x_wconf 90' lang='lat' dir='ltr'><strong>de</strong></span> <span class='ocrx_word' id='word_1_299' title='bbox 757 2241 881 2287; x_wconf 87' lang='lat' dir='ltr'><strong>quibus</strong></span> <span class='ocrx_word' id='word_1_300' title='bbox 907 2247 943 2277; x_wconf 86' lang='lat' dir='ltr'><strong>et</strong></span> <span class='ocrx_word' id='word_1_301' title='bbox 969 2254 1030 2276; x_wconf 88' lang='lat' dir='ltr'><strong>nos</strong></span> <span class='ocrx_word' id='word_1_302' title='bbox 1055 2254 1159 2288; x_wconf 87' lang='lat' dir='ltr'><strong>supra</strong></span> <span class='ocrx_word' id='word_1_303' title='bbox 1184 2242 1220 2277; x_wconf 89' lang='lat' dir='ltr'><strong>in</strong></span> <span class='ocrx_word' id='word_1_304' title='bbox 1245 2243 1311 2277; x_wconf 87' lang='lat' dir='ltr'><strong>hac</strong></span> <span class='ocrx_word' id='word_1_305' title='bbox 1330 2241 1476 2277; x_wconf 87' lang='lat' dir='ltr'><strong>historia</strong></span> <span class='ocrx_word' id='word_1_306' title='bbox 1500 2240 1736 2275; x_wconf 78' lang='lat' dir='ltr'><strong>disseruimus.</strong></span> 
     </span>
     <span class='ocr_line' id='line_1_33' title="bbox 253 2286 1735 2335; baseline -0.002 -12"><span class='ocrx_word' id='word_1_307' title='bbox 253 2289 301 2323; x_wconf 85' lang='lat' dir='ltr'><strong>At</strong></span> <span class='ocrx_word' id='word_1_308' title='bbox 320 2287 379 2322; x_wconf 89' lang='lat' dir='ltr'><strong>ille</strong></span> <span class='ocrx_word' id='word_1_309' title='bbox 397 2288 632 2333; x_wconf 80' lang='lat' dir='ltr'><strong>repugnabat,</strong></span> <span class='ocrx_word' id='word_1_310' title='bbox 657 2293 694 2323; x_wconf 84' lang='lat' dir='ltr'><strong>et</strong></span> <span class='ocrx_word' id='word_1_311' title='bbox 715 2288 904 2323; x_wconf 84' lang='lat' dir='ltr'><strong>iuramenta</strong></span> <span class='ocrx_word' id='word_1_312' title='bbox 918 2289 1118 2323; x_wconf 85' lang='lat' dir='ltr'><strong>iuramentis</strong></span> <span class='ocrx_word' id='word_1_313' title='bbox 1136 2289 1355 2335; x_wconf 85' lang='lat' dir='ltr'><strong>opponebat,</strong></span> <span class='ocrx_word' id='word_1_314' title='bbox 1378 2292 1482 2333; x_wconf 85' lang='lat' dir='ltr'><strong>atque</strong></span> <span class='ocrx_word' id='word_1_315' title='bbox 1500 2287 1568 2321; x_wconf 88' lang='lat' dir='ltr'><strong>illis</strong></span> <span class='ocrx_word' id='word_1_316' title='bbox 1586 2286 1735 2331; x_wconf 86' lang='lat' dir='ltr'><strong>singulis</strong></span> 
     </span>
     <span class='ocr_line' id='line_1_34' title="bbox 254 2333 1734 2381; baseline -0.001 -13"><span class='ocrx_word' id='word_1_317' title='bbox 254 2333 399 2369; x_wconf 86' lang='lat' dir='ltr'><strong>crimina</strong></span> <span class='ocrx_word' id='word_1_318' title='bbox 413 2333 564 2369; x_wconf 86' lang='lat' dir='ltr'><strong>vicissim</strong></span> <span class='ocrx_word' id='word_1_319' title='bbox 583 2334 797 2376; x_wconf 84' lang='lat' dir='ltr'><strong>obiectabat,</strong></span> <span class='ocrx_word' id='word_1_320' title='bbox 820 2335 911 2370; x_wconf 88' lang='lat' dir='ltr'><strong>hunc</strong></span> <span class='ocrx_word' id='word_1_321' title='bbox 929 2336 972 2370; x_wconf 86' lang='lat' dir='ltr'><strong>de</strong></span> <span class='ocrx_word' id='word_1_322' title='bbox 990 2335 1124 2370; x_wconf 84' lang='lat' dir='ltr'><strong>effossis</strong></span> <span class='ocrx_word' id='word_1_323' title='bbox 1143 2334 1352 2381; x_wconf 87' lang='lat' dir='ltr'><strong>sepulchris,</strong></span> <span class='ocrx_word' id='word_1_324' title='bbox 1374 2333 1468 2368; x_wconf 90' lang='lat' dir='ltr'><strong>illum</strong></span> <span class='ocrx_word' id='word_1_325' title='bbox 1485 2333 1610 2378; x_wconf 85' lang='lat' dir='ltr'><strong>stupri,</strong></span> <span class='ocrx_word' id='word_1_326' title='bbox 1631 2333 1734 2367; x_wconf 85' lang='lat' dir='ltr'><strong>alium</strong></span> 
     </span>
     <span class='ocr_line' id='line_1_35' title="bbox 253 2379 1735 2427; baseline -0.001 -13"><span class='ocrx_word' id='word_1_327' title='bbox 253 2381 299 2415; x_wconf 93' lang='lat' dir='ltr'><strong>de</strong></span> <span class='ocrx_word' id='word_1_328' title='bbox 314 2380 549 2425; x_wconf 84' lang='lat' dir='ltr'><strong>Bogomiliana</strong></span> <span class='ocrx_word' id='word_1_329' title='bbox 573 2381 729 2423; x_wconf 87' lang='lat' dir='ltr'><strong>haeresi,</strong></span> <span class='ocrx_word' id='word_1_330' title='bbox 754 2381 856 2416; x_wconf 90' lang='lat' dir='ltr'><strong>alium</strong></span> <span class='ocrx_word' id='word_1_331' title='bbox 885 2382 974 2427; x_wconf 90' lang='lat' dir='ltr'><strong>quod</strong></span> <span class='ocrx_word' id='word_1_332' title='bbox 999 2382 1227 2418; x_wconf 80' lang='lat' dir='ltr'><strong>sacerdotium</strong></span> <span class='ocrx_word' id='word_1_333' title='bbox 1254 2380 1470 2415; x_wconf 86' lang='lat' dir='ltr'><strong>vendidisset</strong></span> <span class='ocrx_word' id='word_1_334' title='bbox 1487 2383 1524 2414; x_wconf 87' lang='lat' dir='ltr'><strong>et</strong></span> <span class='ocrx_word' id='word_1_335' title='bbox 1541 2379 1735 2414; x_wconf 86' lang='lat' dir='ltr'><strong>hominibus</strong></span> 
     </span>
     <span class='ocr_line' id='line_1_36' title="bbox 251 2425 1732 2474; baseline -0.001 -14"><span class='ocrx_word' id='word_1_336' title='bbox 251 2426 461 2472; x_wconf 83' lang='lat' dir='ltr'><strong>turpissimis</strong></span> <span class='ocrx_word' id='word_1_337' title='bbox 480 2426 726 2469; x_wconf 81' lang='lat' dir='ltr'><strong>nundinasset,</strong></span> <span class='ocrx_word' id='word_1_338' title='bbox 751 2427 852 2462; x_wconf 84' lang='lat' dir='ltr'><strong>alium</strong></span> <span class='ocrx_word' id='word_1_339' title='bbox 870 2428 1020 2474; x_wconf 88' lang='lat' dir='ltr'><strong>denique</strong></span> <span class='ocrx_word' id='word_1_340' title='bbox 1039 2429 1106 2463; x_wconf 81' lang='lat' dir='ltr'><strong>aiio</strong></span> <span class='ocrx_word' id='word_1_341' title='bbox 1127 2429 1266 2463; x_wconf 88' lang='lat' dir='ltr'><strong>crimine</strong></span> <span class='ocrx_word' id='word_1_342' title='bbox 1286 2438 1464 2462; x_wconf 84' lang='lat' dir='ltr'><strong>accusans.</strong></span> <span class='ocrx_word' id='word_1_343' title='bbox 1511 2425 1596 2460; x_wconf 88' lang='lat' dir='ltr'><strong>Cum</strong></span> <span class='ocrx_word' id='word_1_344' title='bbox 1619 2431 1732 2460; x_wconf 90' lang='lat' dir='ltr'><strong>autem</strong></span> 
     </span>
     <span class='ocr_line' id='line_1_37' title="bbox 253 2472 1734 2521; baseline 0 -15"><span class='ocrx_word' id='word_1_345' title='bbox 253 2472 399 2507; x_wconf 82' lang='lat' dir='ltr'><strong>schisma</strong></span> <span class='ocrx_word' id='word_1_346' title='bbox 423 2474 467 2507; x_wconf 92' lang='lat' dir='ltr'><strong>ob</strong></span> <span class='ocrx_word' id='word_1_347' title='bbox 496 2484 570 2508; x_wconf 86' lang='lat' dir='ltr'><strong>eam</strong></span> <span class='ocrx_word' id='word_1_348' title='bbox 590 2485 726 2508; x_wconf 85' lang='lat' dir='ltr'><strong>causam</strong></span> <span class='ocrx_word' id='word_1_349' title='bbox 746 2474 929 2508; x_wconf 84' lang='lat' dir='ltr'><strong>excitatum</strong></span> <span class='ocrx_word' id='word_1_350' title='bbox 946 2474 1047 2520; x_wconf 85' lang='lat' dir='ltr'><strong>longo</strong></span> <span class='ocrx_word' id='word_1_351' title='bbox 1067 2479 1223 2521; x_wconf 87' lang='lat' dir='ltr'><strong>tempore</strong></span> <span class='ocrx_word' id='word_1_352' title='bbox 1245 2474 1426 2514; x_wconf 86' lang='lat' dir='ltr'><strong>durasset,</strong></span> <span class='ocrx_word' id='word_1_353' title='bbox 1448 2472 1635 2518; x_wconf 86' lang='lat' dir='ltr'><strong>imperator</strong></span> <span class='ocrx_word' id='word_1_354' title='bbox 1661 2484 1734 2506; x_wconf 87' lang='lat' dir='ltr'><strong>me-</strong></span> 
     </span>
     <span class='ocr_line' id='line_1_38' title="bbox 252 2518 1734 2566; baseline -0.001 -13"><span class='ocrx_word' id='word_1_355' title='bbox 252 2518 346 2554; x_wconf 88' lang='lat' dir='ltr'><strong>dium</strong></span> <span class='ocrx_word' id='word_1_356' title='bbox 365 2531 404 2554; x_wconf 91' lang='lat' dir='ltr'><strong>se</strong></span> <span class='ocrx_word' id='word_1_357' title='bbox 421 2519 648 2565; x_wconf 83' lang='lat' dir='ltr'><strong>interposuit,</strong></span> <span class='ocrx_word' id='word_1_358' title='bbox 673 2520 791 2565; x_wconf 90' lang='lat' dir='ltr'><strong>eisque</strong></span> <span class='ocrx_word' id='word_1_359' title='bbox 813 2521 996 2566; x_wconf 85' lang='lat' dir='ltr'><strong>persuasit,</strong></span> <span class='ocrx_word' id='word_1_360' title='bbox 1015 2525 1052 2555; x_wconf 86' lang='lat' dir='ltr'><strong>ut</strong></span> <span class='ocrx_word' id='word_1_361' title='bbox 1075 2521 1142 2556; x_wconf 87' lang='lat' dir='ltr'><strong>sibi</strong></span> <span class='ocrx_word' id='word_1_362' title='bbox 1163 2521 1310 2556; x_wconf 89' lang='lat' dir='ltr'><strong>invicem</strong></span> <span class='ocrx_word' id='word_1_363' title='bbox 1331 2518 1473 2554; x_wconf 88' lang='lat' dir='ltr'><strong>crimina</strong></span> <span class='ocrx_word' id='word_1_364' title='bbox 1499 2519 1635 2553; x_wconf 84' lang='lat' dir='ltr'><strong>obiecta</strong></span> <span class='ocrx_word' id='word_1_365' title='bbox 1651 2529 1734 2552; x_wconf 90' lang='lat' dir='ltr'><strong>con-</strong></span> 
     </span>
     <span class='ocr_line' id='line_1_39' title="bbox 251 2564 1732 2610; baseline -0.001 -11"><span class='ocrx_word' id='word_1_366' title='bbox 251 2564 443 2608; x_wconf 86' lang='lat' dir='ltr'><strong>donarent,</strong></span> <span class='ocrx_word' id='word_1_367' title='bbox 467 2565 614 2601; x_wconf 83' lang='lat' dir='ltr'><strong>desertis</strong></span> <span class='ocrx_word' id='word_1_368' title='bbox 635 2566 820 2602; x_wconf 77' lang='lat' dir='ltr'><strong>clanculum</strong></span> <span class='ocrx_word' id='word_1_369' title='bbox 839 2566 955 2602; x_wconf 86' lang='lat' dir='ltr'><strong>litibus</strong></span> <span class='ocrx_word' id='word_1_370' title='bbox 977 2571 1011 2602; x_wconf 87' lang='lat' dir='ltr'><strong>et</strong></span> <span class='ocrx_word' id='word_1_371' title='bbox 1029 2566 1308 2603; x_wconf 84' lang='lat' dir='ltr'><strong>accusationibus</strong></span> <span class='ocrx_word' id='word_1_372' title='bbox 1323 2591 1334 2607; x_wconf 92' lang='lat'><strong>,</strong></span> <span class='ocrx_word' id='word_1_373' title='bbox 1358 2577 1444 2610; x_wconf 87' lang='lat' dir='ltr'><strong>quas</strong></span> <span class='ocrx_word' id='word_1_374' title='bbox 1466 2570 1588 2610; x_wconf 87' lang='lat' dir='ltr'><strong>aperte</strong></span> <span class='ocrx_word' id='word_1_375' title='bbox 1610 2575 1732 2598; x_wconf 84' lang='lat' dir='ltr'><strong>susce-</strong></span> 
     </span>
     <span class='ocr_line' id='line_1_40' title="bbox 251 2610 1732 2658; baseline -0.001 -12"><span class='ocrx_word' id='word_1_376' title='bbox 251 2611 408 2658; x_wconf 86' lang='lat' dir='ltr'><strong>pissent,</strong></span> <span class='ocrx_word' id='word_1_377' title='bbox 431 2624 477 2647; x_wconf 91' lang='lat' dir='ltr'><strong>ne</strong></span> <span class='ocrx_word' id='word_1_378' title='bbox 503 2612 548 2647; x_wconf 89' lang='lat' dir='ltr'><strong>ad</strong></span> <span class='ocrx_word' id='word_1_379' title='bbox 574 2612 735 2654; x_wconf 84' lang='lat' dir='ltr'><strong>crimina,</strong></span> <span class='ocrx_word' id='word_1_380' title='bbox 761 2624 850 2658; x_wconf 89' lang='lat' dir='ltr'><strong>quae</strong></span> <span class='ocrx_word' id='word_1_381' title='bbox 866 2613 934 2647; x_wconf 92' lang='lat' dir='ltr'><strong>illis</strong></span> <span class='ocrx_word' id='word_1_382' title='bbox 961 2614 1004 2648; x_wconf 90' lang='lat' dir='ltr'><strong>de</strong></span> <span class='ocrx_word' id='word_1_383' title='bbox 1021 2614 1107 2648; x_wconf 83' lang='lat' dir='ltr'><strong>Fide</strong></span> <span class='ocrx_word' id='word_1_384' title='bbox 1125 2626 1146 2649; x_wconf 82' lang='lat' dir='ltr'><strong>a</strong></span> <span class='ocrx_word' id='word_1_385' title='bbox 1168 2612 1266 2648; x_wconf 88' lang='lat' dir='ltr'><strong>nobis</strong></span> <span class='ocrx_word' id='word_1_386' title='bbox 1291 2611 1562 2651; x_wconf 72' lang='lat' dir='ltr'><strong>obiiciebautur,</strong></span> <span class='ocrx_word' id='word_1_387' title='bbox 1596 2610 1732 2645; x_wconf 81' lang='lat' dir='ltr'><strong>isthaec</strong></span> 
     </span>
     <span class='ocr_line' id='line_1_41' title="bbox 252 2657 1731 2704; baseline -0.001 -13"><span class='ocrx_word' id='word_1_388' title='bbox 252 2669 392 2704; x_wconf 87' lang='lat' dir='ltr'><strong>quoque</strong></span> <span class='ocrx_word' id='word_1_389' title='bbox 422 2659 639 2694; x_wconf 85' lang='lat' dir='ltr'><strong>accederent.</strong></span> <span class='ocrx_word' id='word_1_390' title='bbox 686 2658 748 2693; x_wconf 90' lang='lat' dir='ltr'><strong>Sic</strong></span> <span class='ocrx_word' id='word_1_391' title='bbox 777 2659 895 2704; x_wconf 80' lang='lat' dir='ltr'><strong>itaque</strong></span> <span class='ocrx_word' id='word_1_392' title='bbox 922 2661 1127 2703; x_wconf 87' lang='lat' dir='ltr'><strong>concordia,</strong></span> <span class='ocrx_word' id='word_1_393' title='bbox 1152 2664 1190 2695; x_wconf 82' lang='lat' dir='ltr'><strong>ut</strong></span> <span class='ocrx_word' id='word_1_394' title='bbox 1220 2660 1312 2694; x_wconf 87' lang='lat' dir='ltr'><strong>inter</strong></span> <span class='ocrx_word' id='word_1_395' title='bbox 1331 2658 1460 2699; x_wconf 87' lang='lat' dir='ltr'><strong>malos,</strong></span> <span class='ocrx_word' id='word_1_396' title='bbox 1484 2657 1572 2691; x_wconf 89' lang='lat' dir='ltr'><strong>male</strong></span> <span class='ocrx_word' id='word_1_397' title='bbox 1592 2661 1628 2691; x_wconf 88' lang='lat' dir='ltr'><strong>et</strong></span> <span class='ocrx_word' id='word_1_398' title='bbox 1651 2660 1731 2690; x_wconf 83' lang='lat' dir='ltr'><strong>tur-</strong></span> 
     </span>
     <span class='ocr_line' id='line_1_42' title="bbox 250 2701 1730 2754; baseline -0.002 -15"><span class='ocrx_word' id='word_1_399' title='bbox 250 2703 344 2750; x_wconf 86' lang='lat' dir='ltr'><strong>piter</strong></span> <span class='ocrx_word' id='word_1_400' title='bbox 371 2704 534 2752; x_wconf 85' lang='lat' dir='ltr'><strong>deinceps</strong></span> <span class='ocrx_word' id='word_1_401' title='bbox 558 2705 662 2748; x_wconf 84' lang='lat' dir='ltr'><strong>inita,</strong></span> <span class='ocrx_word' id='word_1_402' title='bbox 694 2705 907 2740; x_wconf 83' lang='lat' dir='ltr'><strong>reconciliati</strong></span> <span class='ocrx_word' id='word_1_403' title='bbox 937 2711 1037 2749; x_wconf 82' lang='lat' dir='ltr'><strong>sunt,</strong></span> <span class='ocrx_word' id='word_1_404' title='bbox 1066 2717 1244 2754; x_wconf 85' lang='lat' dir='ltr'><strong>novasque</strong></span> <span class='ocrx_word' id='word_1_405' title='bbox 1269 2716 1313 2740; x_wconf 89' lang='lat' dir='ltr'><strong>ex</strong></span> <span class='ocrx_word' id='word_1_406' title='bbox 1334 2716 1375 2740; x_wconf 87' lang='lat' dir='ltr'><strong>eo</strong></span> <span class='ocrx_word' id='word_1_407' title='bbox 1403 2702 1558 2751; x_wconf 85' lang='lat' dir='ltr'><strong>quotidie</strong></span> <span class='ocrx_word' id='word_1_408' title='bbox 1583 2701 1730 2737; x_wconf 85' lang='lat' dir='ltr'><strong>insidias</strong></span> 
     </span>
     <span class='ocr_line' id='line_1_43' title="bbox 249 2750 1156 2799; baseline 0.004 -15"><span class='ocrx_word' id='word_1_409' title='bbox 249 2750 418 2785; x_wconf 83' lang='lat' dir='ltr'><strong>adversus</strong></span> <span class='ocrx_word' id='word_1_410' title='bbox 437 2763 498 2786; x_wconf 91' lang='lat' dir='ltr'><strong>nos</strong></span> <span class='ocrx_word' id='word_1_411' title='bbox 520 2755 656 2787; x_wconf 85' lang='lat' dir='ltr'><strong>struere</strong></span> <span class='ocrx_word' id='word_1_412' title='bbox 679 2754 716 2787; x_wconf 87' lang='lat' dir='ltr'><strong>et</strong></span> <span class='ocrx_word' id='word_1_413' title='bbox 736 2763 937 2797; x_wconf 86' lang='lat' dir='ltr'><strong>componere</strong></span> <span class='ocrx_word' id='word_1_414' title='bbox 959 2757 1156 2799; x_wconf 84' lang='lat' dir='ltr'><strong>coeperunt.</strong></span> 
     </span>
    </p>

    <p class='ocr_par' dir='ltr' id='par_1_5' title="bbox 250 2792 1731 2894">
     <span class='ocr_line' id='line_1_44' title="bbox 343 2792 1731 2844; baseline -0.004 -13"><span class='ocrx_word' id='word_1_415' title='bbox 343 2798 377 2832; x_wconf 83' lang='lat'><strong>2.</strong></span> <span class='ocrx_word' id='word_1_416' title='bbox 403 2798 475 2832; x_wconf 90' lang='lat' dir='ltr'><strong>Iam</strong></span> <span class='ocrx_word' id='word_1_417' title='bbox 498 2810 663 2833; x_wconf 85' lang='lat' dir='ltr'><strong>converso</strong></span> <span class='ocrx_word' id='word_1_418' title='bbox 687 2797 732 2834; x_wconf 88' lang='lat' dir='ltr'><strong>ad</strong></span> <span class='ocrx_word' id='word_1_419' title='bbox 758 2798 951 2833; x_wconf 83' lang='lat' dir='ltr'><strong>autumnale</strong></span> <span class='ocrx_word' id='word_1_420' title='bbox 976 2798 1228 2844; x_wconf 85' lang='lat' dir='ltr'><strong>aequinoctium</strong></span> <span class='ocrx_word' id='word_1_421' title='bbox 1254 2809 1377 2839; x_wconf 85' lang='lat' dir='ltr'><strong>cursu,</strong></span> <span class='ocrx_word' id='word_1_422' title='bbox 1407 2795 1443 2831; x_wconf 90' lang='lat' dir='ltr'><strong>in</strong></span> <span class='ocrx_word' id='word_1_423' title='bbox 1463 2795 1541 2841; x_wconf 84' lang='lat' dir='ltr'><strong>ipso</strong></span> <span class='ocrx_word' id='word_1_424' title='bbox 1565 2792 1646 2829; x_wconf 83' lang='lat' dir='ltr'><strong>anni</strong></span> <span class='ocrx_word' id='word_1_425' title='bbox 1675 2792 1731 2827; x_wconf 88' lang='lat' dir='ltr'><strong>in-</strong></span> 
     </span>
     <span class='ocr_line' id='line_1_45' title="bbox 250 2841 1729 2894; baseline -0.002 -16"><span class='ocrx_word' id='word_1_426' title='bbox 250 2853 371 2889; x_wconf 77' lang='lat' dir='ltr'><strong>gressu</strong></span> <span class='ocrx_word' id='word_1_427' title='bbox 389 2844 441 2881; x_wconf 78' lang='lat' dir='ltr'><strong>sol</strong></span> <span class='ocrx_word' id='word_1_428' title='bbox 458 2845 682 2890; x_wconf 78' lang='lat' dir='ltr'><strong>versabatur,</strong></span> <span class='ocrx_word' id='word_1_429' title='bbox 711 2855 790 2882; x_wconf 84' lang='lat' dir='ltr'><strong>cum</strong></span> <span class='ocrx_word' id='word_1_430' title='bbox 810 2844 998 2894; x_wconf 75' lang='lat' dir='ltr'><strong>imperator</strong></span> <span class='ocrx_word' id='word_1_431' title='bbox 1016 2846 1298 2889; x_wconf 74' lang='lat' dir='ltr'><strong>Cautacuzenus,</strong></span> <span class='ocrx_word' id='word_1_432' title='bbox 1327 2841 1526 2881; x_wconf 79' lang='lat' dir='ltr'><strong>triremibus</strong></span> <span class='ocrx_word' id='word_1_433' title='bbox 1553 2852 1595 2879; x_wconf 79' lang='lat' dir='ltr'><strong>ac</strong></span> <span class='ocrx_word' id='word_1_434' title='bbox 1613 2850 1729 2877; x_wconf 82' lang='lat' dir='ltr'><strong>mone-</strong></span> 
     </span>
    </p>
   </div>
  </div>
 </body>
</html>
