1794 3172
349 146 665 197 HISTORIAE
693 146 1069 194 BYZANTINAE
1099 147 1215 194 XIII.
1244 152 1285 196 1.
1457 144 1557 194 633

72 261 174 306 κίων
192 259 295 312 ἴσως
314 259 384 304 διὰ
401 255 536 318 φόβον
555 256 741 304 ἑκούσιον
758 260 824 302 καὶ
843 255 1107 304 ὑπόσπονδον
1124 258 1365 316 προδοσίαν,
1401 259 1558 315 μεταξῧ
1588 271 1674 304 A.c.
1688 267 1780 306 1342

73 333 114 375 δ’
137 330 248 387 ὅμως
260 329 337 375 εἷλε
349 330 458 374 καθ’
486 328 706 388 ὁμολογίαν
727 331 794 373 καὶ
812 329 859 374 τὸ
870 330 1102 374 Μελενίκου
1120 326 1229 373 πάνυ
1248 346 1313 374 τοι
1330 329 1477 387 ἐχυρὸν
1489 317 1779 403 καὶῐωὶζθὶἳίἷψ

73 399 289 457 δύσμαχον
318 397 545 458 φρούριον,
594 401 839 453 Βυζαντίοις
870 397 1000 443 πάλαι
1028 400 1343 457 προσκείμενον·
1384 402 1452 443 καὶ
1483 400 1557 443 τὸν

71 475 148 527 τῆς
175 470 391 523 βασιλίδος
410 466 591 527 Εἰρήνης
610 469 792 527 ἀδελφὸν
807 466 1002 526 Ἰωάννην
1029 470 1251 526 ἐπίτροπον
1276 467 1408 513 αὐτοῦ
1427 477 1598 513 κατα-0

42 540 272 591 ὅλελοιπῶς
316 539 385 583 διὰ
417 539 589 596 μελέτης
627 539 708 596 ἤδη
751 540 967 595 πεποίηται
1005 538 1082 590 τὰς
1124 536 1317 594 δυνάμεις
1353 538 1463 596 ἄγειν
1496 540 1562 583 ἐπὶ

75 610 396 665 Θεσσαλονίκην.
468 607 563 668 (A.)
592 608 710 653 Ἀλλ’
735 607 762 665 ἡ
786 613 860 653 τοῦ
876 606 1032 667 χρόνου
1064 610 1236 664 ταχίστη
1265 609 1377 667 φορὰ
1396 611 1561 667 βραδυ-

71 684 178 736 τῆτα
206 676 461 737 πραγμάτων
494 678 570 722 οὒκ
607 676 691 722 οἶδε
720 682 864 737 φιλεῖν.
902 680 992 734 ἐμοὶ
1013 678 1092 736 γὰρ
1110 682 1192 721 τῶν
1214 677 1437 737 ζωγράφων
1459 681 1562 723 ἑκεί-

70 766 171 800 νους
198 746 394 798 πολλάκις
415 745 526 806 ἐπῄει
549 745 803 803 θαυμάζειν,
842 749 910 791 καὶ
933 753 1015 792 τῶν
1041 748 1394 804 ἀνδριαντοποιῶν
1414 747 1560 794 ὁπόσοι

71 823 148 875 τῆς
169 822 363 875 χρονικῆς
383 815 576 873 περιόδου
592 817 640 861 τὸ
661 815 788 874 τάχος
801 823 1021 874 μιμεῖσθαι
1040 816 1109 861 διὰ
1128 822 1203 874 τῆς
1221 818 1366 875 τέχνης
1387 819 1559 863 ἐθέλον-

19 895 64 930 10
76 906 142 939 τες
176 888 310 946 ἄνδρα
339 891 527 930 ποιοῦσιν
570 886 944 946 ὄπισθοφάλακρον
971 888 1047 943 μὲν
1074 885 1132 938 ὥς
1165 888 1337 942 ἐπίπαν,
1378 889 1426 932 οὗ
1449 888 1560 932 πάνυ

73 960 99 1001 δ
108 958 120 974 ’
143 950 482 1016 ἆναφαλαντίαν,
520 956 627 1000 ἀλλὰ
659 958 851 1013 μέτωπον
878 955 1176 1014 προϊσχόμενον
1207 955 1351 1001 λάσιον
1385 960 1455 1001 καὶ
1485 958 1597 1005 nti-D

70 1046 155 1085 μην
174 1028 329 1070 ἐκεῖθεν
360 1026 526 1084 μακρὰν
557 1028 812 1083 καθειμένον.
849 1026 982 1071 τᾶλλα
1012 1027 1091 1085 γὰρ
1123 1026 1234 1078 ’ὄντες
1271 1030 1397 1086 σοφοὶ
1431 1026 1563 1086 μόνης

71 1099 279 1141 λείπονται
303 1101 446 1155 φωνῆς
471 1097 682 1140 ἐνταῦθα·
728 1099 796 1141 καὶ
826 1095 984 1154 ταύτην
1015 1097 1066 1154 δὴ
1097 1104 1189 1148 ταῖς
1217 1102 1300 1141 τῶν
1324 1097 1561 1156 χρωμάτων

70 1167 220 1224 ἥκιστα
253 1170 472 1223 μιμεῖσθαι
501 1166 698 1210 δύνανται
731 1172 915 1225 βαφαῖς·
968 1166 1070 1211 ὅθεν
1098 1171 1278 1224 σιγῶσαν
1295 1165 1453 1212 οὑτωσί
1471 1186 1563 1220 πως

18 1244 62 1281 15
74 1237 211 1281 ἱστᾶσι
239 1237 491 1292 νομοθεσίας
522 1235 685 1290 εἰκόνα,
733 1239 803 1280 καὶ
842 1235 1119 1293 ἀνεκλάλητον
1145 1235 1306 1295 κήρυκα
1338 1242 1464 1281 πᾶσιν
1498 1237 1562 1282 ἀεὶ

72 1307 348 1362 διανέμουσιν,
388 1303 451 1357 οἷς
468 1306 814 1368 ε’ῥραθυμημένον
829 1306 903 1350 τὸν
924 1309 1020 1363 βιόν
1038 1304 1175 1350 ἀνύειν
1193 1306 1268 1351 οὔκ
1286 1306 1396 1351 ἔστιν
1417 1308 1560 1362 αι’δώς,

69 1377 290 1433 μονονουχὶ
307 1380 512 1432 βοῶντες,
552 1374 608 1427 ὥς
638 1375 810 1420 κατόπιν
834 1378 942 1420 ἶοῦσι
975 1381 1128 1436 τριχῶν
1158 1376 1207 1421 οὗ
1241 1378 1403 1435 παρέξει
1423 1378 1598 1435 λαβὴνΕ

72 1444 94 1490 ὃ
119 1446 301 1505 Καιρὸς,
339 1445 436 1488 ἀλλ’
461 1445 636 1490 ὄλισθον
659 1448 727 1490 καὶ
747 1447 975 1502 ἀποτυχίαν
991 1451 1067 1491 τοῦ
1090 1447 1356 1503 ποθουμένου
1377 1448 1557 1503 μακρὰν,

71 1521 148 1573 τῆς
170 1516 432 1574 ἓμπροσθίας
451 1515 532 1573 ἤδη
558 1521 633 1560 τοῦ
655 1514 807 1575 χρόνου
828 1521 964 1574 λαβῆς
991 1516 1322 1576 παρεῤῥυηκυίας
1355 1518 1425 1560 καὶ
1453 1516 1560 1567 ὅλως

14 1594 61 1629 20
73 1587 396 1643 ἆπηγορευκυιάς
425 1585 535 1630 ἅπαν
568 1586 616 1630 τὸ
650 1584 943 1642 ἁμιλλώμενον.
1016 1585 1105 1646 (Ε.)
1149 1586 1390 1630 Κάνταῦθα
1420 1588 1559 1630 τοίνυν

74 1654 228 1699 οὖτωσὶ
250 1659 325 1711 τῆς
345 1657 610 1712 βραδυτῆτος
630 1655 783 1712 ἐκείνης
803 1651 1106 1712 ἐκτεινομένης,
1143 1653 1401 1712 ὑπωπτεύθη
1435 1657 1511 1711 μὲν
1534 1654 1557 1699 ὃ

20 1751 28 1757 ·
73 1724 312 1781 Συναδηνὸς
335 1724 388 1767 τὰ
416 1725 621 1780 βασιλέως
641 1730 807 1784 φρονῶν
822 1739 833 1750 ·
869 1723 1205 1782 ὖπωπτεύθησαν
1238 1727 1264 1768 δ
1269 1724 1282 1740 ²
1305 1725 1345 1769 οἳ
1369 1727 1459 1784 περὶ
1481 1725 1559 1769 αὖ-

70 1795 144 1839 τὸν
169 1794 348 1845 ἅπαντες
378 1799 654 1854 στρατιῶται,
700 1797 771 1840 καὶ
803 1793 903 1840 ὅσον
925 1799 1001 1854 τῆς
1024 1795 1329 1852 Θεσσαλονίκης
1349 1795 1396 1840 τὸ
1419 1794 1594 1855 ἔαρι-Η

163 1895 220 1932 12.
243 1892 463 1942 καθήμενον
485 1906 607 1943 apogr.
631 1895 716 1931 Par.

70 1975 150 2011 ideo
166 1979 396 2023 exspectans,
420 1976 533 2023 quoad
553 1974 885 2013 Thessalonicenses
912 1975 1079 2013 dederent
1103 1988 1140 2012 se
1165 1978 1290 2024 sponte
1313 1978 1350 2012 et
1371 1985 1415 2011 ex
1440 1977 1556 2023 pacto,

69 2028 163 2058 metu
182 2024 329 2059 fortasse
355 2024 531 2070 compulsi.
577 2024 721 2059 Interim
742 2028 855 2060 tamen
882 2025 918 2060 in
943 2025 1153 2060 deditionem
1179 2024 1317 2070 accepit
1335 2026 1373 2058 et
1391 2023 1557 2059 Melenici

68 2070 220 2106 validum
238 2082 378 2118 prorsus
399 2078 505 2117 atque
525 2076 726 2117 expugnatu
745 2071 889 2107 difficile
905 2072 1095 2114 castellum,
1119 2070 1323 2117 Byzantinis
1346 2069 1477 2117 pridem
1494 2070 1558 2105 ad-

70 2116 218 2152 dictum:
243 2117 299 2152 cui
317 2129 393 2153 cum
414 2117 646 2164 imperatricis
666 2118 784 2153 Irenes
801 2119 943 2154 fratrem
962 2118 1121 2155 Ioannem
1142 2117 1376 2164 praepositum
1393 2117 1558 2164 reliquis-

69 2168 135 2206 set,
160 2163 279 2211 copias
297 2164 579 2199 Thessalonicam
595 2177 717 2200 versus
737 2165 864 2201 ducere
884 2166 952 2201 iam
973 2166 1130 2213 parabat.
1178 2164 1280 2211 (IV.)
1305 2164 1432 2199 Verum
1452 2163 1560 2199 enim-

68 2222 154 2246 vero
179 2211 400 2257 rapidissima
422 2211 586 2257 temporis
614 2212 700 2257 fuga
721 2211 929 2247 cunctationi
959 2212 994 2247 in
1018 2213 1123 2248 rebus
1143 2211 1304 2258 gerendis
1325 2211 1446 2246 favere
1466 2210 1559 2245 haud

70 2257 168 2292 solet.
215 2258 339 2304 quue
364 2258 553 2293 admiratus
576 2270 650 2293 sum
671 2271 916 2305 saepenumero
936 2260 1087 2306 pictores
1107 2271 1148 2294 ac
1167 2258 1354 2294 statuarios
1376 2257 1472 2300 illos,
1496 2257 1558 2303 qui

69 2305 215 2339 celerem
241 2304 474 2340 convertentis
493 2318 570 2340 sese
593 2307 758 2352 temporis
782 2305 913 2352 lapsum
941 2311 1016 2342 arte
1037 2306 1230 2352 exprimere
1247 2315 1322 2340 cum
1339 2305 1472 2346 volunt,
1496 2304 1559 2338 ho·-

68 2351 191 2386 minem
215 2351 405 2397 effingunt,
437 2351 579 2397 occipiti
599 2352 736 2399 quidem
754 2364 798 2388 ex
815 2353 904 2388 omni
925 2359 1027 2399 parte
1044 2352 1187 2399 glabro3
1212 2364 1276 2387 nec
1293 2352 1428 2386 omnino
1445 2356 1559 2386 tamen

70 2398 169 2432 calvo
191 2398 328 2444 capite3
363 2398 424 2434 sed
446 2399 593 2434 frontem
619 2398 785 2436 hirsutam
814 2405 850 2434 et
868 2412 981 2435 comas
1007 2412 1051 2443 ex
1068 2411 1110 2434 ea
1130 2398 1367 2446 promissiores
1392 2396 1559 2432 exhiben-

69 2449 150 2480 tem.
197 2445 288 2480 Nam
309 2449 345 2480 et
369 2445 450 2480 alibi
477 2457 554 2480 cum
570 2446 762 2490 excellant,
787 2447 844 2482 hic
863 2446 971 2494 ipsam
991 2447 1110 2482 vocem
1129 2450 1259 2481 tantum
1278 2457 1345 2480 non
1368 2453 1557 2490 assequun-

69 2496 151 2533 tur,
174 2503 274 2538 quam
295 2492 377 2538 quia
401 2493 550 2527 colorum
577 2494 658 2528 fuco
679 2493 872 2541 exprimere
898 2492 1035 2529 minime
1059 2496 1225 2540 possunt,
1249 2493 1330 2527 ideo
1355 2494 1482 2526 mutam
1503 2490 1556 2525 sic

69 2538 178 2572 ferme
201 2538 291 2584 legis
313 2539 495 2585 imaginem
515 2545 730 2586 proponunt,
755 2546 792 2575 et
808 2552 1013 2586 praeconem
1035 2541 1178 2575 tacitum
1199 2550 1263 2586 per
1290 2545 1370 2574 etuo
1392 2535 1557 2573 exhibent

69 2584 114 2619 iis
132 2584 301 2628 omnibus,
323 2597 409 2631 quos
427 2586 535 2621 vitam
559 2598 665 2632 agere
691 2586 900 2622 desidiosam
928 2599 996 2622 non
1016 2587 1144 2633 pudet3
1169 2597 1232 2633 pra
1279 2585 1440 2631 icantque
1461 2584 1557 2619 clara

68 2642 179 2677 paene
197 2643 304 2674 voce,
328 2639 408 2678 post
430 2637 531 2678 terga
547 2633 710 2669 euntibus
727 2646 794 2669 non
812 2633 1047 2681 praebituram
1066 2646 1143 2669 esse
1159 2631 1384 2668 Occasionem
1415 2630 1558 2678 capillos

68 2677 308 2724 arripiendos‚
332 2680 393 2713 sed
417 2679 605 2724 lubricum,
639 2686 675 2715 et
692 2692 847 2727 magnam
867 2695 888 2717 a
907 2685 987 2716 voto
1016 2678 1286 2722 aberrationem,
1319 2677 1380 2713 ubi
1404 2677 1557 2712 anterior

69 2735 154 2759 ansa
179 2725 282 2760 semel
305 2725 422 2772 elapsa
443 2726 570 2769 fuerit,
595 2731 631 2761 et
648 2727 685 2761 id
701 2728 745 2762 de
768 2740 836 2775 quo
854 2728 1054 2764 certabatur
1077 2739 1175 2763 omne
1200 2726 1267 2761 iam
1288 2735 1431 2772 prorsus
1452 2724 1558 2772 dene-

69 2771 217 2815 gaverit.
265 2772 348 2817 (V.)
372 2773 462 2808 Tum
481 2785 621 2820 quoque
638 2773 747 2819 igitur
766 2787 842 2810 cum
863 2787 922 2811 res
939 2774 1089 2820 longiori
1110 2771 1330 2809 cunctatione
1348 2770 1457 2806 dilata
1471 2771 1559 2805 fuis-

69 2821 147 2859 set,
170 2817 292 2852 incidit
317 2819 353 2853 in
383 2819 614 2865 suspicionem
639 2821 843 2866 Synadenus
870 2821 1094 2857 fovendarum
1123 2819 1362 2855 Cantacuzeni
1389 2818 1560 2864 partium:

69 2862 264 2899 inciderunt
285 2869 321 2900 et
342 2878 457 2900 omnes
480 2867 542 2914 qui
560 2879 634 2902 cum
653 2879 694 2902 eo
712 2869 839 2904 milites
858 2872 979 2912 erant,
1003 2872 1040 2903 et
1057 2866 1235 2903 lectissimi
1255 2866 1384 2912 quique
1404 2863 1560 2900 Thessa-

162 2921 378 2967 Nicephorus
400 2925 549 2971 Gregor.
582 2925 657 2960 Vol.
674 2925 720 2959 ΙΙ.
1226 2916 1281 2959 41
