1794 3172
339 117 656 173 HISTORIAE
676 126 1051 173 BYZANTINAE
1078 125 1198 172 XXI.
1213 131 1254 174 3.
1396 123 1527 170 1011

56 235 330 293 ἐλπιζομένου.
376 237 445 280 καὶ
471 237 517 281 τί
535 236 615 295 γὰρ
636 235 689 281 ἂν
705 234 817 294 ὖγιές
839 235 920 280 ἴδει
945 237 1051 297 δρᾷν
1073 234 1283 292 ἀμαθέσιν
1311 235 1524 296 ἀνδράσιν,
1550 248 1639 284 A.c.
1657 247 1747 286 1351

55 307 100 358 ἐς
128 308 260 364 κρίσιν
292 306 419 351 θείων
445 303 671 362 ἐληλυθόσι
698 303 941 364 δογμάτων,
989 304 1071 350 ἀπὸ
1102 303 1243 363 κώπης
1272 308 1340 352 καὶ
1364 295 1747 378 χύτραςῐωζῢῗὲᾞ

53 382 143 427 τοῒς
170 376 352 420 πλείοσιν
377 375 619 431 ἀναχθεῖσιν
644 376 687 427 ἐς
705 375 756 420 τὸ
783 376 1038 419 ἐπισκοπεῖον
1059 375 1206 430 σχεδὸν
1237 378 1362 421 εἶπεῖν
1385 377 1528 435 αὐθη-

52 444 204 502 μερὸν,
239 446 309 489 καὶ
334 446 604 501 παντοδαπῆς
629 446 699 488 καὶ
724 449 891 503 μακρᾶς
911 442 1182 497 ἀναπλάσεως
1206 447 1279 490 καὶ
1305 444 1529 500 τυπῶσεως

25 511 225 573 δσφόδρα
249 514 476 570 δεομένοις,
513 513 619 571 πρὸς
644 516 880 572 φαντασίαν
907 518 1026 565 σκιᾶς
1051 518 1152 571 γοῦν
1178 532 1291 567 τινος
1317 517 1527 561 παιδευτι-

53 587 154 638 159,-
198 586 357 627 πολλοῦ
383 582 463 641 γὰρ
499 584 622 626 εἰπεῖν
653 586 738 638 δεῖ,
775 584 881 643 πρὸς
907 581 1199 640 ἀναθεώρησιν
1224 583 1388 643 μούσης
1415 585 1528 638 τινός

53 653 268 709 ἐλλογίμου
285 666 296 676 ·
331 650 432 696 εἶναι
448 650 529 710 γὰρ
546 656 631 696 τῶν
646 651 964 708 χαλεπωτάτων,
1000 651 1184 711 ἔμφυτον
1198 657 1440 714 μοχθηρίαν
1457 657 1564 701 ἐπὶΕ

51 725 242 765 πλεῖστον
273 719 518 778 λανθάνειν,
553 724 917 780 περιστελλομένην
943 730 1031 773 τοῖς
1057 723 1172 781 παρὰ
1206 722 1333 782 φύσιν
1361 742 1526 781 σχημα-

50 796 215 845 τισμοῖς
239 795 315 835 τοῦ
335 792 558 845 βελτίονος.
605 792 654 836 τὸ
683 793 763 849 γὰρ
795 793 911 851 παρὰ
937 791 1082 851 φύσιν,
1119 793 1258 846 βίαιον
1280 792 1351 848 ὃν,
1389 797 1526 851 διηνε-

0 863 133 910 Ιοκῶς
159 860 380 916 ἐνοχλεῖται
409 865 463 919 τῇ
491 858 634 919 φύσει,
669 862 729 918 μὴ
761 863 968 920 δυναμένῃ
998 859 1129 906 πολύν
1153 880 1245 906 τινα
1265 861 1420 920 χρόνον
1447 869 1524 921 τῆς

49 929 289 987 ἐλευθερίας
314 930 362 974 τὸ
390 930 578 987 συμφυὲς
606 932 880 987 ζημιοῦσθαι,
919 931 1026 975 ἀλλὰ
1056 930 1418 991 δυσανασχετοῦσῃ
1453 936 1522 977 καὶ

50 996 377 1058 ἀναζωπυρούσῃ
396 999 444 1043 τὸ
462 995 598 1055 ἦθος,
633 1001 776 1059 με’χρις
793 1001 845 1045 ἂν
867 1003 925 1052 εἷς
943 1000 1015 1045 τὸν
1041 1000 1225 1058 ἔμφυτον
1250 1002 1425 1057 ἐθισμὸν
1445 1008 1522 1059 τῆς

4 1088 9 1093 «
48 1069 195 1118 κακίας
214 1069 367 1124 ἐκείνης
386 1067 716 1128 παλινδρομῆσῃ.
787 1069 905 1131 (ΙΒ.)
939 1072 1026 1114 Καὶ
1043 1072 1299 1129 πρῶτονμὲν
1327 1078 1416 1123 τοῖς
1444 1074 1563 1118 δυ-Ῑ·“

50 1138 116 1179 σὶν
143 1137 308 1188 ἐκείνοις
329 1137 580 1196 ἀρχιερεῦσιν
611 1136 753 1197 ἡμῶν,
788 1138 980 1199 καθάπερ
1013 1145 1168 1198 θῆρες,
1204 1140 1521 1195 ἐπεισπεσόντες,

0 1205 197 1261 [5ἤθεσιν
225 1206 381 1265 ἀγρίοις
406 1209 475 1250 καὶ
504 1205 640 1265 λόγοις
669 1208 863 1264 ἀσέμνοις
887 1227 932 1254 τε
961 1210 1028 1253 καὶ
1056 1208 1283 1266 μεμηνόσι,
1320 1210 1522 1270 κατερῥή-

45 1291 169 1333 γνυον
195 1275 272 1327 τὰς
298 1277 484 1333 ἐσθῆτας
516 1279 585 1321 καὶ
613 1279 828 1323 κατέσπων
845 1280 898 1324 τὰ
918 1283 993 1338 τῆς
1021 1278 1324 1337 ἀρχιερωσύνης
1353 1288 1517 1337 σημεῖα,

46 1342 110 1394 οἷς
138 1350 450 1390 συνανεσπῶντο
470 1348 540 1390 καὶ
558 1348 692 1404 τρίχες
720 1354 797 1405 τῆς
812 1347 972 1406 ὑπήνης
1001 1353 1084 1392 τῶν
1114 1348 1390 1407 ταλαιπώρων
1418 1351 1520 1393 ἐκεί-

44 1427 151 1457 νων·
188 1414 263 1458 οὗκ
292 1416 522 1472 ἐξεπίτηδες
552 1417 653 1471 μὲν,
689 1418 860 1474 ἐγίγνετο
883 1418 927 1462 δ’
949 1413 1023 1462 οὖν
1049 1422 1102 1476 τῇ
1131 1417 1242 1476 ῥύμῃ
1262 1424 1339 1476 τῆς
1358 1419 1518 1463 ἀκαθέ-

46 1500 145 1526 κτου
164 1485 262 1538 βίας
283 1485 459 1541 ἐκείνης,
497 1490 549 1543 τῇ
570 1486 710 1540 σκέψει
729 1488 872 1546 καιρὸν
892 1487 941 1532 οὐ
963 1488 1266 1545 παρεχομένης,
1305 1489 1348 1531 ἐν
1378 1486 1513 1532 σκότει
1530 1498 1572 1533 Ρ.
1596 1498 1665 1535 636

0 1554 255 1608 ἰΟπροσέχειν
286 1552 315 1596 ἃ
345 1555 394 1597 τέ
417 1571 559 1612 σφισιν
590 1556 740 1612 ἐδρᾶτο
775 1559 844 1600 καὶ
865 1556 894 1600 ἃ
921 1564 1008 1607 τοῖς
1040 1557 1262 1613 δρωμένοις
1289 1556 1517 1614 ἐπηκολού-

44 1625 128 1665 θει.
181 1621 281 1672 τοὺς
306 1622 385 1681 γὰρ
417 1621 647 1684 δᾳδούχους
678 1626 785 1680 μετὰ
815 1631 900 1670 τῶν
941 1624 1137 1684 ἑσπερίων
1174 1625 1325 1684 φώτων
1356 1628 1515 1670 ἐκείνων

44 1689 176 1734 ὄπίσω
203 1691 310 1735 κατὰ
329 1690 464 1737 νώτου
484 1691 669 1745 λιπόντες
694 1695 763 1739 διὰ
787 1695 999 1753 σπουδὴν,
1032 1697 1101 1740 καὶ
1125 1703 1217 1749 ταῖς
1246 1693 1405 1742 ἑαυτῶν
1423 1709 1513 1741 σκι-

135 1823 170 1858 6.
195 1821 266 1860 δέω
288 1825 378 1863 coni.
399 1825 504 1861 Boiv.

44 1940 120 1980 ret,
142 1949 205 1974 seu
224 1938 263 1974 in
284 1943 458 1986 posterum
474 1945 682 1989 speraretur.
711 1940 853 1988 Ecquid
868 1953 952 1978 vero
970 1953 1090 1978 sanum
1105 1945 1141 1979 et
1160 1942 1255 1990 frugi
1270 1943 1389 1980 facere
1406 1956 1511 1991 opor-

43 1985 112 2019 tuit
134 1985 286 2020 homines
306 1986 496 2034 imperitos,
520 1990 583 2036 qui
607 1989 652 2024 ad
673 1988 896 2024 iudicandum
920 1990 964 2024 de
987 1989 1113 2024 divinis
1136 1990 1305 2036 dogmatis
1321 1992 1511 2038 processis-

42 2036 133 2074 sent,
155 2031 313 2078 plerique
335 2036 380 2069 ab
401 2046 494 2070 remo
516 2041 579 2071 aut
601 2037 644 2072 ab
667 2035 736 2070 olla
751 2035 796 2070 ad
816 2036 1045 2082 episcopalem
1061 2036 1176 2072 sedem
1192 2038 1310 2073 eodem
1327 2049 1439 2084 paene
1454 2038 1510 2072 di-

42 2078 151 2113 xerim
173 2078 231 2113 die
253 2080 387 2115 evecti:
409 2093 496 2127 quos
519 2082 664 2128 proinde
685 2082 866 2128 multiplici
890 2086 926 2118 et
947 2083 1052 2129 longa
1075 2083 1259 2130 disciplina
1274 2084 1454 2119 reformari
1471 2087 1510 2120 et

40 2123 127 2170 fingi
149 2125 251 2160 valde
274 2138 418 2162 necesse
443 2128 590 2171 fuisset3
621 2133 661 2164 ut
690 2129 825 2163 inanem
847 2129 967 2164 saltem
989 2130 1168 2165 doctrinae
1190 2131 1340 2166 umbram
1362 2143 1447 2177 prae
1469 2143 1509 2166 se

40 2171 156 2214 ferre,
178 2173 302 2208 nedum
323 2179 363 2208 ut
379 2174 527 2220 aliquam
546 2174 714 2221 politioris
731 2174 950 2210 litteraturae
967 2176 1173 2222 elegantiam
1199 2178 1355 2223 perfecte
1379 2189 1509 2223 cogno-

41 2229 140 2252 scere
162 2218 389 2255 viderentur?
412 2221 557 2256 Scilicet.
578 2221 737 2256 vitiosam
759 2221 919 2265 indolem,
942 2223 1082 2258 virtutis
1103 2223 1222 2259 habitu
1242 2229 1384 2270 praeter
1406 2230 1508 2258 natu-

40 2275 115 2299 ram
135 2264 278 2308 induto,
302 2267 495 2302 diutissime
517 2268 626 2303 latere
647 2268 882 2303 difficillimum
907 2274 973 2304 est.
1018 2270 1110 2305 Nam
1125 2270 1216 2316 quod
1231 2271 1273 2305 fit
1287 2275 1426 2317 praeter
1443 2282 1508 2304 na-

36 2315 174 2354 turam,
197 2311 234 2345 id
258 2323 334 2347 cum
358 2313 405 2348 sit
427 2314 634 2357 violentum,
657 2326 680 2349 a
699 2320 824 2350 natura
845 2327 954 2361 usque
972 2316 1188 2358 sollicitatur,
1210 2329 1301 2362 quae
1323 2315 1508 2362 congenita

39 2356 204 2392 libertate
227 2358 287 2393 diu
310 2359 467 2395 fraudari
488 2373 557 2396 non
579 2366 714 2407 potest,
737 2361 799 2395 sed
823 2373 896 2397 eam
919 2363 1041 2398 abesse
1063 2375 1170 2409 aegre
1191 2363 1343 2410 patitur,
1374 2369 1411 2397 et
1430 2373 1505 2396 mo-

40 2414 113 2437 rem
134 2415 232 2439 suum
254 2406 385 2441 tamdiu
407 2408 546 2443 refovet
568 2413 672 2454 atque
694 2408 844 2450 excitat,
867 2409 975 2444 donec
997 2409 1042 2445 ad
1063 2409 1202 2444 insitum
1224 2410 1317 2445 illum
1338 2408 1504 2450 habitum,

42 2449 109 2484 hoc
131 2455 186 2484 est
208 2451 254 2485 ad
276 2464 372 2487 suam
395 2454 623 2499 pravitatem,
655 2454 856 2489 recurrerit.
918 2456 1038 2501 (XII.)
1066 2458 1118 2491 Ac
1143 2457 1287 2502 primum
1309 2455 1444 2501 quidem
1465 2453 1503 2489 in

39 2495 119 2530 illos
142 2496 229 2532 duos
251 2498 424 2534 antistites
447 2506 583 2536 nostros
606 2501 701 2536 facta
723 2501 937 2546 irruptione,
969 2503 1067 2538 velut
1087 2503 1250 2538 immanes
1271 2502 1426 2543 belluae,
1446 2500 1502 2534 fe-

40 2542 116 2577 rino
139 2554 255 2583 more,
276 2545 418 2580 vocibus
439 2546 648 2582 immodestis
671 2552 707 2582 et
728 2547 930 2590 furialibus,
960 2555 1077 2584 vestes
1104 2549 1279 2590 lacerant,
1302 2552 1338 2582 et
1361 2546 1505 2592 pontifi-

41 2588 117 2623 ciae
150 2589 332 2635 dignitatis
360 2592 512 2639 insignia
540 2594 663 2629 avulsa
693 2594 900 2637 detrahunt3
929 2606 1005 2630 cum
1038 2596 1159 2642 quibus
1182 2600 1218 2630 et
1240 2594 1302 2639 pili
1325 2592 1437 2627 avulsi
1458 2591 1503 2628 de

39 2640 155 2670 mento
179 2635 449 2674 calamitosorum
462 2639 626 2682 'illorum3
648 2652 716 2674 non
738 2641 823 2675 data
840 2640 977 2687 quidem
998 2653 1126 2687 opera3
1148 2641 1259 2677 avulsi
1277 2644 1403 2680 tamen,
1424 2650 1502 2674 mm

37 2679 95 2723 hi,
118 2682 331 2718 effraenatae
352 2685 538 2721 violentiae
560 2687 691 2732 impetu
715 2687 871 2733 abrepti,
891 2699 960 2722 non
977 2688 1178 2723 habuissent
1198 2685 1345 2732 spatium
1363 2685 1501 2720 eonsul-

37 2728 158 2771 tandi,
189 2729 435 2767 attendendive
457 2744 519 2779 per
542 2734 703 2768 tenebras
733 2733 818 2779 quid
847 2738 1113 2780 perpetrarent,
1143 2733 1271 2780 quidve
1299 2743 1343 2766 ex
1371 2742 1500 2778 perpe-

37 2774 142 2808 tratis
170 2782 459 2821 consequnturum
480 2783 583 2815 esset.
638 2780 729 2814 Nam
753 2784 790 2814 et
804 2779 871 2820 iis,
891 2780 952 2826 qui
973 2781 1070 2816 faces
1092 2779 1355 2827 praeferebant,
1378 2782 1415 2812 et
1435 2788 1501 2833 ηρ-

37 2820 169 2856 munia
190 2821 260 2858 inin
281 2822 382 2861 timul
410 2824 592 2863 luminibus
612 2837 697 2874 prae
718 2825 941 2863 festinatione
960 2827 1093 2864 relictis
1115 2831 1195 2874 post
1217 2829 1340 2871 terga,
1360 2835 1443 2868 οοο,
1463 2835 1500 2860 ln
