1794 3172
261 171 264 174 ,
273 130 300 177 1
310 130 336 178 1
344 130 410 180 12
698 133 1016 180 NICEPHORI
1044 132 1370 179 GREGORAE

49 255 87 288 A.
103 254 150 288 M.
168 252 260 289 6859
273 244 515 306 βουλομένῳ
539 263 612 302 μοι
656 245 699 287 αἳ
733 248 808 300 τῆς
847 248 1030 302 κεφαλῆς
1059 242 1282 302 ἀλγηδόνες
1313 242 1388 288 οὔκ
1420 244 1635 290 ἐνεδίδουν.
1685 244 1751 289 διὸ

34 326 37 327 ’
104 303 175 336 ¹¹¹⁶·
190 297 215 336 4
275 320 571 374 παραιτεῖσθαι
590 312 845 370 βουλόμενον
864 314 923 357 δι’
947 311 1051 357 αὐτό
1072 331 1115 372 γε
1136 319 1285 368 τοῦτο,
1315 316 1383 358 καὶ
1403 312 1509 372 πρός
1526 332 1570 372 γε
1590 315 1658 358 διὰ
1674 315 1751 371 τὴν

229 386 400 438 Βπάλαι
420 389 494 429 τοῦ
513 386 742 439 Καβασίλα
766 385 908 442 φιλίαν
939 385 1115 440 ἐκείνην,
1155 382 1419 440 ἔκπομπεύειν
1441 384 1489 428 οὗ
1507 383 1623 439 μάλα
1655 384 1751 428 ἐθέ-

271 462 369 510 λων,
406 452 540 498 ὅπόσα
560 454 731 513 κάκείνῳ
750 454 857 498 κατὰ
875 458 959 498 τῶν
990 455 1176 511 πατρίων
1201 458 1425 510 τηνικαῦτα
1456 455 1569 498 ἐθῶν
1589 456 1656 497 καὶ
1679 456 1751 497 δο-

269 524 437 584 γμάτων
455 529 531 580 τῆς
549 525 766 580 ἐκκλησίας
796 522 1016 580 λελάληται
1047 522 1247 581 δύσφημα
1272 523 1330 567 δι’
1357 524 1549 579 ἀμαθίαν
1586 523 1654 582 (οὐ
1675 523 1788 581 γάρὸ

271 595 323 640 ἄν
350 612 450 638 ποτε
480 595 609 652 φαίην
639 594 738 651 ἐγὼ,
784 596 1025 651 μοχθηρίαν
1057 592 1215 651 ψυχῆς)
1252 594 1443 649 ἐμποδὼν
1474 594 1514 637 οἳ
1540 596 1651 651 φίλοι
1681 611 1754 648 μοι

271 663 440 724 σφόδρα
480 666 751 708 καθίσταντο.
800 664 863 707 διὸ
893 665 960 707 καὶ
998 664 1146 722 μικρὸν
1174 662 1433 714 ἄναπνεύσας
1467 661 1755 719 ἀνελάμβανον

272 731 399 786 αὖθις
420 733 625 790 ἐμαυτὸν,
665 736 732 778 καὶ
761 735 803 785 ἒς
822 734 869 777 τὸ
891 731 1091 792 πρότερον
1112 733 1224 789 ἲχνος
1253 738 1330 790 τῆς
1358 731 1581 789 διηγήσεως
1602 734 1754 789 ἀνῆγον

234 805 352 851 Ετὸν
379 802 521 861 λόγον,
568 805 699 847 ἔκεῖνα
726 803 881 859 μεταξὺ
914 805 1200 860 παραλείπων,
1241 801 1320 848 ὅσα
1348 802 1396 847 τὸ
1426 801 1627 861 πρότερον
1665 802 1756 853 ἔτος

269 874 370 932 ἡμῖν
393 871 637 930 λεπτότερόν
657 892 698 918 τε
723 876 789 916 καὶ
819 871 1108 931 τεχνικώτερον
1128 875 1171 917 ἓν
1190 881 1277 924 τοῖς
1298 872 1614 931 Ἀντιρῤητικοῖς
1642 872 1755 915 ἒκδέ-
1768 879 1794 914 11

272 947 416 998 δοται,
443 942 470 1000 ἢ
490 947 651 999 μᾶλλον
669 943 696 987 ἃ
717 943 792 1000 τὴν
813 948 889 987 τοῦ
909 947 1099 998 Παλαμᾶ
1126 942 1348 1000 στηλιτεύει
1376 944 1522 986 κακίαν
1552 944 1594 993 ἐς
1613 942 1755 999 τάκρι-

273 1015 483 1071 βέστερον.
543 1012 637 1073 (Β.)
658 1018 841 1070 Πρῶτον
861 1014 937 1069 μὲν
967 1009 1040 1057 οὗν
1069 1013 1292 1070 ἀναλαβών
1324 1013 1524 1069 ἒξεθέμην
1545 1015 1602 1062 εἷς
1624 1006 1757 1067 προῦ-

274 1102 381 1128 πτον
400 1088 483 1127 τῶν
505 1086 765 1138 Παλαμικῶν
786 1082 1005 1141 δογμάτων
1026 1085 1155 1127 ἐκεῖνα
1166 1118 1179 1138 ,
1220 1082 1247 1127 ἃ
1276 1087 1500 1140 τηνικαῦτα
1529 1083 1757 1141 Καβασίλᾳ

275 1159 528 1212 προενεγκεῖν
559 1155 615 1204 εἷς
646 1153 776 1197 αὐτοῦ
806 1155 1046 1209 συμμαχίαν
1074 1154 1391 1210 συμπέπτωκεν·
1432 1152 1511 1205 ἵν’,
1551 1151 1688 1208 ὥσπερ
1717 1150 1757 1194 οἱ

238 1226 272 1263 F
279 1222 444 1275 τοξόται
473 1222 580 1266 κατὰ
602 1223 776 1277 σκοπὸν,
815 1226 880 1267 καὶ
899 1222 998 1280 ἡμῖν
1017 1223 1217 1281 ἀσφαλῶς
1241 1220 1420 1274 τοξεύειν
1447 1224 1754 1279 προσγίγνηται.
1769 1226 1794 1262 1.

276 1293 357 1350 ἕχει
387 1292 433 1336 δ’
467 1291 600 1344 οὕτως
627 1295 671 1337 ἓν
694 1300 787 1344 ταῖς
814 1295 1014 1344 διανοίαις
1042 1295 1110 1336 καὶ
1140 1293 1293 1344 λέξεσιν
1315 1293 1600 1348 ἀμεταποίητα
1622 1288 1759 1334 πάντα

279 1360 557 1408 παντάπασιν.
594 1361 866 1421 ,,ἕρμηνεύων
887 1361 908 1407 ὅ
932 1361 1150 1422 προφήτης
1168 1365 1235 1406 καὶ
1260 1365 1492 1420 διακρίνων,
1506 1363 1551 1404 τί
1568 1361 1616 1405 τὸ
1636 1364 1759 1403 πνεῦ-

280 1451 343 1490 μα
362 1436 437 1476 τοῦ
455 1436 561 1475 θεοῦ
583 1437 724 1487 τοῦτο,
746 1437 921 1489 πνεῦμα,
948 1435 1063 1491 φησὶ,
1091 1434 1242 1491 σοφίας
1260 1435 1327 1475 καὶ
1351 1432 1564 1484 συνέσεως,
1599 1434 1760 1485 πνεῦμα

281 1506 438 1558 βουλῆς
455 1503 521 1545 καὶ
542 1500 683 1558 ἰσχύος
690 1536 704 1557 ,
741 1507 899 1558 πνεῦμα
926 1501 1112 1560 γνώσεως
1132 1505 1199 1546 καὶ
1221 1503 1451 1557 εὐσεβείας,
1490 1505 1651 1555 πνεῦμα
1679 1497 1761 1557 φό-

277 1577 358 1628 βου
389 1575 518 1615 θεοῦ·
567 1570 672 1616 ὥστε
703 1573 830 1616 ταῦτ’
862 1573 948 1617 ἐστὶ
975 1573 1023 1617 τὸ
1054 1578 1215 1628 πνεῦμα
1245 1575 1319 1616 τοῦ
1343 1576 1460 1616 θεοῦ,
1510 1571 1612 1621 ἴδοις
1638 1570 1680 1612 δ’
1708 1568 1794 1612 &va

278 1644 348 1685 καὶ
371 1641 444 1686 τὸν
466 1641 594 1698 μέγαν
621 1643 663 1685 ἓν
692 1644 887 1704 θεολογίᾳ
917 1646 960 1686 Γ
957 1641 1149 1701 ρηγόριον
1183 1642 1303 1686 τοῦτ’
1328 1641 1431 1686 αὐτὸ
1450 1641 1498 1685 τό
1527 1644 1689 1695 πνεῦμα
1713 1638 1761 1682 τὸ

127 1723 169 1758 Ρ.
191 1722 262 1759 698
285 1711 402 1770 ἅγιον
419 1710 521 1756 εἶναι
546 1709 758 1757 δεικνύντα
776 1713 831 1756 τὰ
851 1711 956 1757 ἑπτὰ
983 1711 1197 1768 πνεύματα
1223 1716 1382 1767 ταῦτα,
1424 1709 1480 1762 ὥς
1510 1709 1589 1755 κάν
1617 1713 1682 1772 τῷ·
1706 1710 1763 1760 εἷς

374 1847 410 1883 2.
434 1843 647 1894 βουλομένῳ
666 1849 704 1882 et
721 1845 846 1883 deinde
865 1844 1034 1884 ἐθέλοντι
1053 1846 1143 1882 coni.
1160 1846 1274 1894 Capp.

283 1962 348 1998 sed
378 1963 610 1998 narrationem
639 1961 803 2009 persequi
825 1961 950 2009 capitis
976 1961 1112 1997 dolores
1140 1973 1208 1997 non
1234 1961 1405 1996 sinebant.
1459 1957 1563 1995 Unde
1588 1969 1662 1994 cum
1676 1960 1763 1993 eam

283 2011 329 2044 ob
349 2020 486 2044 causam
507 2009 543 2044 in
563 2010 629 2044 hoc
656 2014 857 2044 excusatum
883 2021 936 2044 me
961 2009 1102 2052 vellem,
1128 2012 1165 2043 et
1188 2014 1370 2055 praeterea
1390 2009 1435 2043 ob
1459 2006 1633 2053 antiquam
1659 2005 1765 2047 illam,

284 2067 376 2102 quae
395 2055 476 2090 mihi
504 2068 578 2091 cum
604 2055 767 2091 Cabasila
793 2056 1061 2099 intercesserat,
1085 2055 1289 2097 amicitiam,
1315 2056 1411 2093 velut
1428 2054 1471 2089 ad
1492 2065 1647 2100 pompam
1667 2052 1766 2087 evul-

286 2114 371 2148 gare
398 2102 542 2145 nollem,
567 2114 790 2149 quascunque
807 2103 974 2138 adversus
1002 2102 1118 2149 patria
1138 2107 1173 2138 et
1191 2103 1333 2149 antiqua
1358 2101 1527 2137 ecclesiae
1551 2100 1711 2135 instituta
1729 2101 1767 2133 et

286 2150 452 2194 dogmata
478 2149 727 2196 blasphemias,
750 2150 795 2184 ob
823 2149 1030 2195 imperitiam
1059 2151 1248 2196 (nunquam
1273 2149 1361 2184 enim
1378 2148 1521 2183 dixerim
1535 2172 1548 2190 ,
1572 2147 1615 2181 ob
1637 2147 1768 2191 impro-

285 2195 458 2240 bitatem)
482 2197 703 2241 protulisset3
725 2196 827 2231 valde
847 2197 1059 2231 obstiterunt
1075 2197 1196 2239 amici,
1221 2196 1400 2242 quominus
1427 2194 1621 2230 institutam
1646 2203 1769 2227 narra-

286 2242 415 2278 tionem
434 2241 727 2289 interrumperem.
774 2244 868 2278 Hinc
884 2248 923 2278 ut
950 2244 1119 2290 paululum
1137 2243 1312 2289 respirare
1329 2241 1409 2277 mihi
1429 2242 1546 2276 datum
1567 2244 1641 2281 est,
1665 2244 1700 2273 et
1714 2250 1768 2273 me

288 2289 406 2324 statim
426 2289 566 2334 recepi;
589 2295 660 2326 tum
688 2289 732 2325 ad
758 2289 900 2337 primum
931 2291 1137 2326 narrationis
1165 2289 1346 2335 vestigium
1376 2288 1564 2323 orationem
1591 2284 1768 2327 revocavi,

287 2335 335 2371 iis
354 2335 491 2370 interim
509 2336 781 2380 praetermissis,
806 2349 1030 2384 quaecunque
1044 2336 1235 2372 minutatim
1257 2347 1344 2371 anno
1366 2334 1522 2381 proxime
1547 2334 1665 2379 elapso
1683 2332 1768 2366 sub-

287 2381 408 2424 tilius,
433 2386 469 2417 et
494 2382 604 2427 magis
632 2383 676 2418 ad
703 2384 867 2429 vulgares
894 2384 1094 2430 disputandi
1115 2383 1277 2430 regulas,
1311 2383 1346 2416 in
1371 2380 1618 2417 Antirrheticis
1638 2378 1767 2423 nostris
1784 2382 1791 2391 ‘

288 2428 478 2471 edidimus,
501 2429 576 2463 sive
604 2429 719 2475 potius
741 2442 829 2477 quae
856 2431 1018 2466 Palamae
1038 2431 1291 2477 improbitatem
1318 2427 1514 2463 accuratius
1534 2426 1769 2473 proscribunt.

287 2475 377 2521 (11.)
401 2473 515 2511 Primo
541 2475 662 2522 itaque
691 2478 802 2523 palam
823 2477 860 2512 in
887 2479 1034 2513 medium
1053 2489 1173 2512 rursus
1198 2475 1325 2511 adduxi
1346 2487 1388 2510 ea
1409 2475 1571 2509 Palamae
1595 2473 1769 2518 dogmata,

288 2534 379 2568 quae
397 2526 479 2557 tunc
499 2522 542 2558 ad
561 2521 634 2557 eius
650 2523 881 2559 defensionem
900 2525 1081 2560 Cabasilas
1102 2524 1315 2570 protulerat,
1343 2527 1382 2556 ut
1399 2520 1658 2566 sagittariorum
1676 2529 1770 2552 more

290 2569 337 2604 ad
366 2580 505 2615 scopum
530 2572 606 2604 tuto
631 2570 890 2607 collimaremus.
936 2572 998 2607 Sic
1017 2575 1131 2606 autem
1158 2570 1288 2604 habent
1312 2569 1401 2604 citra
1430 2568 1531 2602 ullam
1558 2564 1773 2601 immutatio-

290 2627 369 2651 nem
392 2615 555 2652 Palamae
582 2617 692 2652 verba
717 2623 753 2652 et
783 2618 985 2654 sententiae.
1043 2616 1260 2663 „Explicans
1288 2616 1459 2662 propheta
1484 2619 1520 2649 et
1546 2613 1772 2657 distinguens,

288 2661 375 2717 quid
401 2661 446 2697 sit
470 2662 526 2697 hic
548 2663 694 2709 spiritus
720 2664 807 2699 Dei:
831 2665 1006 2712 Spiritus,
1029 2664 1165 2711 inquit,
1191 2662 1381 2710 sapientiae
1401 2666 1438 2696 et
1457 2660 1674 2700 intellectus,
1699 2656 1774 2703 spi-

290 2712 379 2744 ritus
404 2708 537 2744 consilii
555 2714 592 2746 et
614 2709 848 2754 fortitudinis,
874 2711 1017 2758 spiritus
1040 2710 1205 2746 scientiae
1233 2714 1269 2744 et
1289 2707 1448 2755 pietatis,
1473 2706 1619 2754 spiritus
1639 2703 1774 2740 timoris

290 2754 379 2790 Dei:
403 2755 490 2792 adeo
508 2760 547 2791 ut
569 2757 656 2793 haec
675 2757 786 2793 omnia
804 2758 873 2794 sint
891 2759 958 2794 Dei
977 2759 1134 2805 spiritus.
1183 2756 1311 2791 Videas
1339 2759 1453 2791 autem
1478 2753 1647 2800 quomodo
1668 2750 1773 2786 etiam

293 2802 508 2847 Gregffliuss,
532 2803 593 2850 qui
610 2815 766 2850 magnum
786 2804 854 2840 sibi
882 2806 926 2840 ob
951 2805 1162 2852 theologiam
1185 2814 1306 2839 nomen
1326 2802 1433 2843 fecit,
1458 2800 1614 2835 declaret
1632 2798 1695 2833 hos
1716 2809 1774 2831 se·

292 2853 387 2895 ptem
414 2848 560 2897 spiritus
591 2851 775 2900 ipsummet
805 2855 961 2888 sanctum
991 2863 1069 2888 esse
1095 2850 1275 2899 spiritum,
1307 2853 1348 2886 ut
1373 2858 1532 2885 sermone
1558 2845 1595 2883 in
1619 2848 1774 2881 sanctam
