1754 3164
559 181 1046 232 ANNOTATIONES.
1423 179 1553 228 1211

134 289 227 346 Pag
227 290 379 341 262,
407 291 448 333 8
488 281 619 339 Ουτος
636 289 778 332 τοίνυν
800 286 968 345 δίοδον]
1003 288 1115 330 Haec
1142 288 1272 330 fusius
1291 297 1428 332 narrat
1445 291 1559 333 Mon-

19 350 199 390 tanerius
231 361 322 402 cap.
352 322 502 387 CCXL.
527 353 567 387 et
595 360 647 387 ex
676 360 724 387 eo
747 345 941 387 Moncada
972 361 1063 401 cap.
1089 347 1230 387 LXIII.
1264 362 1339 388 nos
1370 350 1489 391 etiam
1513 351 1557 390 in

19 408 127 448 Hist.
150 406 523 458 Franco-Byzant.
541 404 617 445 lib.
640 404 726 443 vn.
748 418 789 443 ιι.
811 404 895 446 Vll.
917 404 1018 444 VIII.
1075 418 1252 444 onemo.

132 463 235 517 Peg.
266 464 372 512 252,
403 466 471 505 21.
504 461 587 503 Καὶ
607 459 682 514 μὲν
699 458 751 514 δή
772 464 994 515 μεσοῦντος
1011 461 1149 517 ἔαρος]
1179 463 1416 518 Anonymus
1436 472 1558 521 poeta

21 521 375 563 Graecobarbarus
396 519 494 561 cod.
510 520 607 569 Reg.
633 518 759 561 2569,
778 519 849 558 sol.
871 522 971 562 212
990 533 1030 560 v.

130 578 176 620 ‘O
201 574 375 630 πόλεμος
404 572 616 631 ἒγύναιτον
641 573 799 646 ’ἡμέραν
825 592 902 631 γαρ
932 575 1123 632 δευτέραν
1140 573 1206 646 *),

134 632 484 677 Στασδεκαπένται
509 635 585 675 τοῦ
596 649 750 702 μηνος
773 649 950 675 οπουτον
976 633 1120 703 λέγουν
1147 630 1317 692 μάρτην.

131 690 268 759 Ἐνὲτη
298 690 498 759 τρέχωντα
524 685 693 744 χρόνων
722 686 985 760 ἆποκτήσεως
1015 689 1186 745 κόσμου,

133 745 305 802 Ἑξάκης
332 744 525 801 χιλιάδων
556 745 602 789 δὲ
629 747 699 788 καὶ
729 744 1002 792 ω’κτακωσίων
1028 765 1116 800 ται,

134 805 224 849 Καὶ
253 803 426 848 συναυτδ
453 804 522 846 καὶ
551 801 767 846 δεκαεπτά·
799 802 976 858 εὕδόμης
1005 804 1050 847 δὲ
1077 802 1287 860 η’νδίκτου,

20 866 164 919 Itaque
205 877 343 904 caesus
384 868 444 903 est
480 863 669 902 Galterus
711 876 817 902 anno
854 863 998 903 Mundi
1031 863 1098 906 VI.
1117 864 1420 907 MDCCCXVII.
1463 867 1558 912 Chr.

21 923 234 964 MCCCIX.
263 922 386 973 idque
415 920 480 959 die
513 920 602 960 XV.
632 921 780 959 mensis
804 920 960 971 Martii,
989 935 1071 960 non
1101 925 1321 972 μεσοῦντος
1342 923 1388 964 ἔα
1389 939 1484 978 ρ,ος
1512 931 1562 966 ut

23 981 197 1020 affirmat
217 980 429 1031 Gregoras.
485 978 538 1017 At
557 977 832 1017 Muntanerius
856 992 943 1031 cap.
967 977 1143 1020 CCXXI.
1164 979 1318 1045 scribit,
1350 981 1561 1023 catalanos

21 1045 118 1093 post
142 1037 307 1102 Rogerii
336 1035 500 1075 caedem
531 1035 723 1074 mansisse
751 1034 862 1088 apud
891 1036 1144 1089 Calliupolim
1173 1037 1288 1076 annis
1316 1037 1401 1077 VII.
1430 1039 1563 1092 iisque

22 1095 202 1149 elapsis'
190 1109 233 1133 m
253 1093 528 1134 Macedoniam
552 1091 772 1133 transiisse.
815 1093 1029 1144 Rogefius,
1057 1100 1104 1132 ut
1122 1107 1173 1132 ex
1194 1093 1453 1147 Pachymeris
1471 1110 1564 1136 nar-

22 1156 178 1194 ratione
210 1152 438 1203 colligitur,
479 1163 620 1189 caesus
656 1149 735 1188 fuit
771 1164 875 1189 anno
910 1149 1062 1189 Christi
1093 1151 1282 1192 MCCCV.
1340 1151 1405 1192 Ad
1434 1167 1563 1194 annos

22 1210 211 1252 MCCCV.
238 1209 342 1248 adde
374 1222 500 1248 annos
524 1207 610 1247 VlI.
641 1206 819 1246 confiunt
844 1208 935 1246 anni
958 1208 1209 1250 MCCCXII..
1251 1211 1359 1261 Ergo
1382 1211 1565 1251 Catalani

22 1268 67 1307 in
89 1267 364 1307 Macedoniam
398 1265 645 1305 transierunt
674 1279 777 1304 anno
812 1265 960 1304 Christi
996 1265 1226 1307 MCCCXII.
1282 1267 1328 1306 ld
1355 1267 1391 1306 si
1418 1281 1564 1310 verum

24 1331 106 1376 est,
138 1324 330 1364 Boeotiae
352 1329 393 1363 et
413 1323 571 1362 Atticae
603 1322 870 1375 principatum
905 1322 974 1362 vix
1000 1337 1202 1376 occupare
1223 1330 1448 1377 potuerunt
1472 1332 1564 1368 ante

24 1397 87 1423 an.
109 1382 358 1421 mcccxlss.
390 1381 538 1419 Tamen
559 1381 701 1431 Anony
705 1393 792 1418 mus
816 1380 1186 1429 Graecobarbarus,
1210 1382 1280 1434 qui
1302 1395 1392 1422 eum
1408 1383 1566 1436 princi-

22 1446 163 1493 patum
177 1440 226 1478 ab
243 1440 325 1478 illis
338 1444 581 1490 occupatum
602 1438 716 1490 ponit
740 1451 803 1476 an.
818 1438 1039 1487 MCCCIX„
1060 1452 1152 1477 cum
1165 1439 1343 1488 Gregora
1365 1438 1473 1478 hac
1459 1455 1501 1479 m
1517 1455 1565 1481 re

24 1498 237 1536 consentit.
273 1495 383 1545 Quid
401 1496 435 1533 si
445 1494 610 1545 Rogerii
629 1493 771 1533 caedes
791 1494 832 1532 in
855 1509 1002 1533 annum
1015 1494 1287 1536 Clu-‚MCCCL
1299 1497 1364 1535 vel
1377 1497 1564 1539 MCCCH.

26 1554 288 1594 conferatur?
341 1552 571 1592 Admodum
606 1557 715 1590 certe
754 1551 965 1604 probabile
993 1558 1075 1604 est,
1112 1552 1179 1592 vel
1209 1551 1467 1605 Pachymeris
1496 1556 1565 1595 vel

25 1609 589 1660 MuntaueriiCbronologiam
603 1615 831 1661 corruptam
849 1610 972 1648 fuisse
982 1609 1032 1648 ab
1052 1609 1384 1663 exscriptoribus.
1402 1624 1567 1656 Bo1vnn

139 1678 238 1732 Pag.
259 1682 367 1728 252,
387 1682 456 1721 22.
485 1674 717 1729 Ἐφίσταται
738 1675 763 1718 ὅ
778 1679 851 1731 τῆς
867 1674 999 1734 χώρας
1018 1674 1206 1733 ἆρχηγὸς]
1234 1679 1347 1719 Idem
1358 1679 1563 1732 Galterus‚

25 1736 276 1777 Athenarum
298 1737 404 1776 Dux.
453 1749 628 1775 nocane.

138 1802 237 1858 Pag.
267 1805 373 1850 253,
401 1807 470 1846 23.
532 1799 649 1843 Ου’τω
670 1801 811 1842 τοίνυν
833 1829 942 1843 .....
962 1805 1036 1855 τῆς
1054 1798 1177 1858 ἆρχῆς
1201 1803 1400 1858 ἐγκρατεῖς
1420 1805 1464 1847 οἷ
1477 1807 1566 1846 Koe-

26 1864 104 1903 τελ.
129 1859 363 1916 γενόμενοι]
393 1860 627 1900 'lheodulus
649 1858 826 1908 Rhetor,
858 1858 955 1900 cod.
976 1861 1074 1912 Reg.
1101 1863 1224 1904 1853.
1246 1862 1317 1902 fol.
1339 1860 1432 1904 145.
1480 1859 1566 1915 Την

26 1922 242 1972 καλλίστην
278 1917 351 1959 καὶ
387 1915 631 1971 θαυμαστην
668 1916 826 1968 ἐκείνην
863 1913 965 1958 κατὰ
1002 1921 1085 1958 τῶν
1123 1915 1372 1989 προσχώρων
1406 1913 1566 1960 Ἰταλων

29 1974 238 2018 ανείλοντο
272 1977 412 2028 δίκην,
461 1973 558 2042 μετοέ
588 1972 661 2028 μὲν
687 1969 957 2044 ὖπερηφανου
986 1978 1243 2028 παρασκευῆς
1272 1972 1411 2024 αυτοῖς
1435 1971 1568 2017 ἔπιόν-

26 2049 130 2084 των,
169 2033 240 2074 καὶ
268 2030 324 2087 μή
362 2048 420 2073 οτι
454 2029 647 2083 τούτους,
688 2026 788 2072 duo}
816 2029 887 2071 καὶ
917 2033 1134 2073 Θετταλίαν
1161 2035 1299 2074 πᾶσαν
1325 2031 1396 2073 καὶ
1423 2035 1566 2076 Μακε-

29 2092 173 2132 δονίαν
210 2086 488 2132 ἀπειλούντων
526 2089 755 2157 ἐκτρίψειν·
805 2103 912 2129 ουτω
952 2085 995 2131 δ’
1022 2085 1159 2131 αὖτων
1188 2088 1470 2144 ἔκτριβέντων,
1509 2106 1566 2139 ως

29 2146 132 2219 μηδὲ
159 2144 379 2216 πυρφόρον
406 2144 451 2188 τὸ
481 2162 554 2188 του
584 2142 704 2213 λόγου
732 2148 989 2197 λελεῖφθαι.
1029 2163 1115 2196 ,ως
1143 2145 1188 2189 δὲ
1217 2147 1261 2189 οἱ
1286 2145 1360 2201 μὲν
1382 2144 1566 2189 ἕκποδων

28 2199 159 2260 ἦσαν,
198 2205 268 2246 καὶ
296 2219 448 2257 ταυτην
475 2206 552 2245 τοῦ
579 2199 765 2254 θρασους
803 2202 937 2244 ἔτισαν
973 2177 1114 2257 δίκην,
1150 2202 1179 2246 ἃ
1205 2207 1287 2246 τῶν
1315 2202 1446 2246 αλλων
1474 2204 1567 2258 πέρι

30 2279 168 2312 κακως
196 2258 509 2334 ἕβουλευσαντο,
538 2256 668 2301 ταῦθ’
694 2255 771 2300 υπ’
801 2259 966 2302 ἐκείνων
995 2258 1111 2304 αὐτοὶ
1137 2265 1272 2312 καλῶς
1297 2259 1564 2312 πεπονθότες,

33 2320 115 2362 ἔδει
144 2318 188 2362 δὲ
214 2335 313 2370 τους
341 2314 633 2373 κεκρατηκότας
662 2313 735 2370 οὔχ
770 2313 867 2358 οσον
894 2314 1029 2360 οπλων
1056 2319 1125 2361 καὶ
1163 2320 1320 2370 ιπποον,
1366 2313 1467 2360 om&
1494 2317 1566 2358 καὶ

31 2374 195 2420 πόλεων
231 2377 302 2419 καὶ
340 2380 505 2431 χωρῶν,
544 2374 614 2416 καὶ
649 2390 815 2415 παντων
843 2377 924 2416 τῶν
953 2375 1122 2426 ἐκείνοις
1149 2373 1383 2448 προσόντων
1417 2371 1566 2423 αὐτοῦς

32 2431 249 2507 γεγονότας
274 2436 464 2488 κυρίους,
503 2427 628 2474 ἔπειτ’
657 2431 702 2473 ἐν
731 2432 871 2484 σφίσιν
899 2428 1038 2483 αυτοῖς
1063 2434 1178 2476 ταυτὶ
1205 2432 1434 2481 διελέσθαι,
1470 2431 1566 2473 διεί-

34 2496 153 2534 λοντο
181 2491 253 2534 καὶ
279 2494 407 2533 ταῦτα
433 2487 567 2562 τρόπῳ
597 2490 752 2561 τοιῷδε.
783 2489 828 2530 οἱ
845 2487 921 2560 μὲν
947 2489 993 2532 ἐκ
1011 2492 1198 2540 Σικελίας
1222 2485 1464 2560 ὁρμώμενοι,
1493 2503 1567 2538 τας

34 2545 171 2599 πολεις
199 2545 373 2598 ἑλόντες,
414 2545 544 2590 αὐτοῦ
572 2563 654 2588 που
684 2545 820 2599 μένειν
849 2542 912 2588 ἔτ’
938 2545 1067 2618 ᾤοντο
1095 2549 1203 2599 δεῖν,
1242 2543 1333 2588 οἷντὶ
1354 2547 1438 2586 τοῖν
1466 2539 1568 2587 ἄπο-

36 2602 224 2648 λωλότοον
251 2609 341 2656 ταῖς
367 2621 522 2648 τουτων
550 2603 709 2674 γυναιξὶ
737 2603 805 2645 καὶ
833 2604 975 2646 παισὶν
997 2601 1113 2647 αυτοὶ
1137 2599 1418 2651 καταστάντες·
1447 2601 1569 2644 ἵπποι

37 2662 83 2705 δὲ
109 2663 180 2704 καὶ
208 2661 333 2715 οπλα,
382 2663 453 2705 καὶ
479 2659 593 2705 πᾶσοὶ
621 2678 681 2710 τις
717 2659 816 2714 πρὸς
843 2658 976 2715 μάχην
1012 2658 1246 2718 παρασκευή
1284 2657 1461 2713 Πέρσαις
1495 2653 1566 2711 ἦν.

39 2721 102 2761 Ex
127 2720 207 2760 hac
236 2695 438 2761 The'oduli
468 2720 704 2761 narratione
738 2719 869 2772 liquet
897 2720 1062 2772 Persas,
1104 2732 1175 2759 seu
1201 2716 1331 2771 (quod
1360 2715 1466 2756 idem
1490 2713 1567 2770 est)

84 2831 125 2877 *)
147 2831 190 2867 m
213 2835 269 2868 est
289 2831 381 2868 feria
402 2831 567 2875 amuda,
590 2842 652 2867 seu
675 2829 732 2866 die
751 2831 882 2867 Lunae.
906 2831 955 2867 At
977 2829 1159 2868 annoChr.
1184 2825 1383 2864 Meceni.
1398 2825 1474 2864 dies
1489 2825 1570 2863 XV.

41 2878 166 2916 Martii
188 2891 260 2915 ιιοιι
279 2878 406 2916 incidit
426 2878 464 2915 ἰιι
484 2879 609 2915 feriam
630 2877 838 2922 secundm,
860 2877 924 2914 ned
946 2878 982 2914 in
1006 2877 1207 2913 sabbatum.
1251 2883 1390 2911 toxvm.
