1794 3172
245 155 380 209 1034
651 159 968 209 NICEPHORI
995 158 1323 205 GREGORAE

26 289 64 323 Α.
78 285 125 321 Μ.
142 283 233 320 6859
245 277 470 330 πλείστων,
509 272 685 331 ἐχόντων
717 271 821 327 μετὰ
853 270 1006 329 σοφίας
1033 266 1237 326 ἀνάλογον
1268 269 1335 312 καὶ
1365 267 1442 325 τὴν
1474 267 1517 311 ἓν
1549 264 1724 324 δόγμασι

76 335 147 369 ῙΜ·
162 328 186 368 4
246 354 405 406 πεῖραν,
438 343 494 396 ὥς
512 344 612 400 ἔχειν
628 342 728 392 τούς
750 341 1023 396 διωκομένους
1041 344 1237 382 πλατεῖαν
1256 338 1332 395 τὴν
1350 336 1509 394 χώραν,
1539 338 1582 379 ἐκ
1603 339 1726 393 τῆσδε

245 423 320 474 τῆς
342 414 497 465 πόλεως
517 411 677 471 φεύγειν
697 414 753 462 εἷς
774 411 850 467 τὴν
869 409 1035 466 ἑτέραν,
1075 409 1264 452 κάκεῖθεν
1287 410 1344 459 εἷς
1371 407 1524 463 ἄλλην,
1559 407 1627 450 καὶ
1649 401 1726 449 αὖ·

244 492 318 537 θις
348 487 502 528 ἐκεῖθεν
528 484 742 525 ἐντεῦθεν·
778 482 845 523 καὶ
865 477 1076 523 δύνασθαι
1098 483 1173 521 τοῦ
1198 479 1273 532 μὲν
1300 475 1391 528 ἑνὸς
1421 473 1728 526 κινδυνεύοντος

242 555 418 613 μέρους,
458 557 540 597 τῶν
564 551 606 594 δ’
633 550 770 594 ἄλλων
794 547 1058 607 ὑγιαινόντων
1082 547 1139 591 ἔτι
1172 550 1238 590 καὶ
1264 547 1595 602 ἀνθισταμένων,
1624 546 1756 602 {fil-5

247 629 396 684 ρεσθαι
423 622 472 667 τὸ
504 619 728 671 πεπτωκός.
775 624 848 664 νῦν
877 618 921 663 δ’
947 620 989 663 ἓν
1014 616 1130 677 μόνῳ
1151 622 1209 677 τῷ
1231 617 1447 675 Βυζαντίῳ
1476 615 1622 672 σχεδὸν
1654 619 1731 671 τῆς

205 695 435 747 Βέξουσίας
455 691 765 745 καθισταμένης
786 687 975 745 ἁπάσης,
1014 691 1322 745 πατριαρχικῶν
1346 689 1372 730 δ
1377 686 1391 703 ’
1414 687 1637 742 ἐκκλησιῶν
1662 686 1731 728 καὶ

244 766 514 809 ἐπισκοπικῶν
526 794 539 815 ,
577 761 714 816 ὀλίγου
734 759 813 803 δέω
836 759 962 816 λέγειν
981 756 1156 802 ἁπασῶν
1166 789 1179 811 ,
1213 756 1440 814 γενομένων
1456 754 1537 814 ὑφ’
1560 752 1730 812 ἡγεμόσι

244 831 501 891 βαρβάροις,
541 831 608 874 καὶ
631 830 699 873 διὰ
725 833 859 872 ταῦτα
877 833 961 872 τῶν
983 826 1215 871 διωκόντων
1235 825 1341 882 ὁμοῦ
1361 828 1428 869 καὶ
1455 824 1727 880 διωκομένων,

245 904 401 948 ταύτὸν
435 902 479 945 δ’
511 902 634 944 εἰπεῖν
659 897 792 942 λύκων
819 896 925 954 ὁμοῦ
960 900 1028 941 καὶ
1058 897 1232 955 ἀρνίων,
1265 898 1308 942 ἐν,
1334 894 1502 956 μάνδρᾳ
1531 898 1631 954 μιᾷ,
1669 897 1729 952 τῷ
1746 900 1788 935 10

246 973 462 1031 Βυζαντίῳ
496 971 625 1028 φημὶ,
665 969 1041 1026 συγκλεισθέντων,
1078 967 1183 1023 μετὰ
1220 970 1375 1022 πολλῆς
1404 966 1543 1015 ἀδείας
1576 963 1624 1007 τὸ
1657 967 1731 1006 τοῦ

246 1046 438 1101 Χριστοῦ
468 1043 703 1084 δαπανᾶται
723 1040 934 1093 ποίμνιον,
970 1037 1148 1094 μηδενὸς
1164 1039 1340 1094 μηδαμῆ
1367 1036 1573 1092 μηδεμίαν
1601 1050 1732 1077 κατα-·

210 1112 388 1172 Εφυγὴν
411 1111 580 1168 ἀσφαλῆ
602 1108 874 1164 κεκτημένου,
911 1108 1015 1164 μηδ’
1044 1109 1086 1151 ε’ν
1112 1111 1230 1165 ψυχῇ
1259 1110 1402 1161 λαβεῖν
1432 1103 1626 1149 ὁπωσοῦν
1657 1105 1732 1145 δυ·-

95 1194 138 1232 V.
157 1194 227 1231 525
250 1181 427 1238 ναμένου
447 1180 496 1224 τὸ
514 1178 662 1222 εὔελπι.
703 1179 771 1221 καὶ
789 1178 940 1233 γίνεται
965 1177 1013 1220 τὸ
1037 1181 1206 1234 πρᾶγμα
1234 1180 1374 1235 πολλῷ
1394 1172 1627 1231 βιαιότερον
1643 1176 1732 1225 νῦν,

245 1251 272 1309 ἢ
298 1250 404 1295 κατὰ
425 1249 497 1293 τὸν
512 1246 753 1292 Αἰσώπειον
773 1252 916 1302 μῦθον
943 1247 1114 1300 ἐκεῖνον,
1153 1240 1185 1305 ᾧ
1209 1246 1272 1288 ἐπὶ
1294 1248 1441 1303 καιροῦ
1464 1245 1684 1292 Βασίλειος
1710 1239 1790 1286 ὄ15

245 1322 373 1378 με’γας
401 1316 604 1377 ἐχρήσατο
630 1318 932 1376 παραδείγματι
964 1316 1068 1374 πρὸς
1100 1313 1363 1373 παράστασιν
1397 1318 1472 1370 τῆς
1501 1312 1736 1370 θηριωδίας

248 1395 334 1435 τῶν
355 1387 449 1434 τότε
470 1391 667 1432 διωκτῶν.
741 1385 844 1446 (Η.)
876 1386 985 1430 ’.Επεὶ
1004 1387 1049 1430 δὲ
1069 1387 1136 1428 καὶ
1155 1390 1230 1441 τῆς
1258 1384 1316 1428 δι’
1354 1384 1521 1441 ὀνείρων
1553 1378 1735 1438 ἡναγκά-

249 1458 393 1516 σμεθά
414 1476 502 1509 πως
524 1460 725 1513 μαντικῆς
751 1454 826 1500 ὑπ’
860 1456 999 1500 αὐτῶν
1033 1455 1101 1499 διὰ
1122 1453 1289 1511 μνήμης
1319 1455 1480 1506 ἐλθεῖν,
1517 1452 1574 1496 δι’
1599 1445 1657 1494 ὧν
1679 1452 1733 1501 εἰς

212 1530 309 1578 Ὲτὰ
327 1526 510 1584 μάλιστα
531 1531 607 1584 τῆς
626 1531 699 1570 τοῦ
717 1526 922 1582 βασιλέως
939 1524 1105 1583 γνώμης
1125 1524 1201 1581 τὴν
1230 1525 1418 1567 εὐκολίαν
1443 1519 1665 1577 ἒξέπληξάν
1693 1537 1736 1563 τε

251 1599 407 1660 ῥαδίως
430 1600 499 1641 καὶ
517 1594 776 1653 ὑπηγάγοντο
788 1629 802 1649 ,
842 1596 939 1654 φέρε
959 1597 1028 1639 καὶ
1055 1595 1146 1652 περὶ
1179 1592 1339 1638 τούτων
1365 1592 1513 1651 με’τρια
1542 1592 1732 1645 λέξωμεν,
1747 1601 1793 1636 20

250 1670 319 1712 καὶ
346 1667 427 1712 ὅσα
448 1667 564 1724 παρὰ
584 1671 659 1710 τοῦ
680 1666 958 1723 προτεθέντος
991 1665 1144 1722 ἀρτίως
1168 1661 1266 1720 ἡμῖν
1288 1665 1344 1714 εἰς
1368 1663 1598 1720 ἀρχέτυπον
1623 1659 1736 1718 ἀφη-

251 1736 409 1795 γήσεως
429 1737 650 1780 Βασιλείου
675 1740 749 1779 τοῦ
770 1736 888 1779 θείου
914 1736 1191 1793 ἕρανίσασθαι
1223 1734 1498 1790 δυνηθείημεν
1523 1729 1587 1774 ἄν.
1638 1729 1738 1779 τούς

252 1807 332 1865 γὰρ
354 1807 506 1857 ἄλλους
527 1806 596 1849 διὰ
613 1807 840 1859 συντομίαν
860 1803 1105 1862 παρήκαμεν
1114 1837 1128 1857 ,
1167 1802 1257 1847 ὅσοι
1277 1816 1320 1846 τε
1338 1802 1413 1858 τὴν
1433 1805 1517 1844 τῶν
1540 1798 1632 1842 τότε
1654 1801 1737 1841 δει-

253 1881 338 1921 νῶν
368 1876 605 1936 τραγῳδίαν
641 1876 708 1919 καὶ
737 1874 828 1919 ὅσοι
850 1874 926 1925 τὰς
945 1873 1089 1918 ἄλλοτ’
1111 1872 1247 1923 ἄλλως
1266 1871 1396 1922 ἄλλας
1417 1869 1512 1927 ἑξῆς
1537 1869 1736 1927 ἀναφυεί-

252 1985 451 2021 eruditione
470 1986 568 2020 iuxta
588 1996 630 2020 ac
648 1985 844 2031 dogmatum
861 1996 927 2020 usu
943 1986 1176 2030 praestarent,
1198 1983 1365 2030 patebant
1381 1980 1596 2027 fugientibus
1613 1990 1740 2025 magna

253 2032 408 2067 locorum
428 2033 561 2079 spatia,
584 2037 624 2066 ut
646 2033 736 2078 pulsi
756 2034 821 2067 hac
847 2033 935 2067 urbe
952 2032 988 2065 in
1007 2031 1107 2065 aliam
1127 2032 1308 2076 fugerent,
1335 2033 1372 2064 et
1389 2029 1471 2063 inde
1496 2028 1531 2062 in
1559 2027 1677 2068 aliam,
1702 2031 1739 2060 et

254 2090 372 2114 rursus
399 2079 481 2114 inde
500 2080 727 2113 alioversum:
755 2080 932 2124 adeoque,
958 2078 988 2112 si
1006 2089 1089 2123 pars
1108 2088 1177 2113 una
1199 2078 1394 2118 laboraret,
1418 2075 1508 2110 aliae
1524 2086 1609 2109 vero
1628 2073 1739 2108 adhuc

254 2125 412 2160 valerent
433 2137 474 2160 ac
492 2125 713 2167 resisterent,
740 2131 860 2171 posset
877 2124 966 2170 erigi
985 2124 1021 2159 id
1050 2125 1143 2170 quod
1173 2123 1368 2159 cecidisset.
1418 2123 1494 2157 Hoc
1517 2126 1628 2156 autem
1652 2125 1740 2154 tem-

255 2182 364 2218 pore,
388 2183 464 2206 cum
488 2172 595 2206 omnis
614 2173 690 2207 fere
708 2171 924 2217 principatus
942 2172 978 2205 in
999 2172 1070 2205 solo
1097 2171 1269 2216 Byzantio
1289 2169 1467 2211 consistit,
1492 2180 1566 2203 cum
1587 2166 1739 2213 patriar-

258 2218 376 2252 chales
394 2218 581 2260 ecclesiae,
606 2223 643 2254 et
667 2218 883 2264 episcopales
899 2230 1009 2264 paene
1030 2218 1177 2252 dixerim
1195 2217 1400 2257 universae,
1426 2215 1639 2261 principibus
1657 2214 1739 2247 bar-

256 2264 354 2300 baris
377 2264 624 2307 subiiciuntur3
649 2269 753 2311 atque
775 2264 905 2299 idcirco
931 2269 1174 2311 persecutores
1200 2263 1298 2298 simul
1324 2267 1361 2298 et
1385 2262 1411 2296 ii
1435 2261 1495 2307 qui
1524 2259 1740 2307 persecutio-

258 2322 336 2346 nem
353 2311 542 2357 patiuntur,
565 2323 640 2352 seu,
664 2311 755 2357 quod
773 2310 863 2346 idem
887 2316 962 2354 est,
986 2311 1062 2357 lupi
1080 2311 1274 2358 promiscue
1294 2314 1331 2345 et
1349 2308 1428 2354 agni
1447 2309 1484 2342 in
1503 2308 1623 2342 eodem
1643 2305 1740 2347 ovili,

257 2357 429 2403 Byzantio
447 2358 553 2399 urbe,
575 2356 820 2400 includuntur3
851 2359 916 2393 hoc
936 2357 1072 2404 inquam
1089 2362 1246 2403 tempore
1267 2368 1351 2390 oves
1370 2353 1505 2389 Christi
1521 2364 1646 2399 magna
1662 2363 1740 2386 cum

259 2403 402 2439 licentia
421 2403 688 2451 disperduntur,
712 2404 796 2449 quia
812 2405 904 2439 nulla
921 2409 1029 2440 tutum
1048 2415 1188 2450 usquam
1206 2402 1399 2450 perfugium
1415 2402 1540 2445 habet,
1563 2410 1627 2435 nec
1644 2409 1740 2445 spem

259 2449 383 2486 bonam
404 2451 585 2497 concipere
609 2449 677 2484 ullo
699 2451 798 2485 modo
818 2456 946 2496 potest.
992 2451 1048 2486 Ita
1071 2452 1129 2492 fit,
1151 2455 1191 2485 ut
1210 2449 1375 2484 violentia
1393 2448 1499 2483 multo
1525 2458 1617 2482 nunc
1631 2445 1741 2480 maior

259 2496 415 2540 saeviat,
440 2508 540 2544 quam
563 2500 606 2531 ut
630 2501 791 2531 narratur
810 2497 845 2531 in
863 2498 922 2533 illa
944 2498 1073 2544 Aesopi
1099 2497 1239 2539 fabula,
1269 2506 1340 2542 qua
1368 2505 1511 2541 magnus
1532 2492 1681 2536 Basilius
1703 2491 1740 2526 in

259 2547 418 2589 tempore
437 2555 522 2578 usus
543 2547 618 2584 est,
640 2547 687 2597 ut·
702 2543 878 2580 immanem
900 2548 1156 2599 persecutorum
1177 2541 1358 2578 saevitiam
1379 2553 1420 2576 eo
1446 2541 1601 2586 exemplo
1623 2538 1741 2594 decla-

258 2592 367 2624 raret.
414 2589 549 2636 (vm.)
574 2589 744 2631 Quomam
769 2602 852 2625 vero
880 2603 952 2626 elus
980 2590 1091 2637 ipsius
1117 2601 1220 2636 quam
1243 2589 1372 2623 habent
1395 2599 1459 2634 per
1486 2587 1619 2622 somnia
1648 2586 1740 2620 dwl-

261 2636 368 2670 nandi
386 2636 564 2672 facultatis
579 2635 783 2671 mentionem
803 2637 920 2672 facere
938 2638 1050 2672 coacti
1065 2638 1109 2673 ab
1127 2636 1197 2671 illis
1218 2646 1332 2670 sumus
1345 2661 1355 2678 ,
1405 2646 1449 2670 ua
1467 2632 1678 2681 potissimum
1702 2642 1741 2666 re

261 2682 437 2718 credulam
459 2681 678 2730 imperatoris
702 2687 848 2718 mentem
868 2684 973 2719 facile
997 2684 1222 2730 perculerunt
1236 2709 1246 2727 ,
1276 2693 1320 2717 ac
1345 2693 1391 2716 ve
1404 2684 1443 2716 ut
1473 2681 1634 2716 domitam
1659 2678 1743 2713 sub-

261 2732 429 2774 egerunt,
454 2741 521 2774 age
544 2729 589 2764 de
615 2728 669 2763 his
697 2728 800 2763 etiam
829 2741 942 2775 pauca
961 2742 982 2766 a
997 2731 1096 2766 nobis
1115 2729 1292 2771 dicantur3
1331 2740 1374 2763 ea
1403 2727 1559 2770 scilicet,
1582 2735 1674 2772 quae
1697 2734 1742 2758 ex

261 2779 384 2809 sancto
399 2776 544 2818 Basilio,
567 2786 669 2822 quem
688 2775 787 2810 nobis
805 2776 841 2810 in
864 2777 918 2811 his
938 2778 1042 2812 rebus
1061 2775 1262 2812 enarrandis
1278 2774 1479 2810 imitandum
1496 2773 1596 2809 modo
1610 2782 1743 2818 propo-

261 2819 392 2856 suimus
403 2846 416 2864 ,
439 2833 625 2869 corrogare
642 2821 791 2857 licuerit.
834 2822 925 2857 Nam
943 2828 1120 2865 caeteros,
1143 2821 1202 2870 qui
1219 2821 1432 2857 calamitates
1446 2819 1600 2866 tragicas
1618 2829 1743 2853 recen·

261 2873 428 2912 suerunt,
460 2881 552 2916 quae
578 2868 634 2905 vel
663 2873 734 2905 tum
760 2868 950 2914 exstitere,
983 2871 1040 2907 vel
1064 2870 1143 2907 aliis
1169 2868 1387 2917 temporibus
1410 2867 1502 2905 aliae
1517 2866 1683 2913 deinceps
1704 2867 1742 2900 et
