1794 3172
334 86 652 176 mSToRIAE
669 130 1042 176 BYZANTINAE
1058 129 1220 176 xxm.
1239 136 1281 178 2.
1408 124 1542 174 1097

67 237 204 285 πάντα
223 239 267 284 ἓν
285 243 346 299 τῷ
366 236 534 283 πάντων
561 241 680 301 αι’τίῳ
699 242 926 297 μονοειδῶς
946 240 1015 283 καὶ
1043 237 1275 296 ἧνωμένως.
1329 239 1367 284 εἴ
1394 239 1443 284 δὲ
1467 242 1638 285 aaziae.
1656 247 1745 284 1351

67 308 90 355 ὅ
110 309 216 353 καθ’
233 307 345 365 ἡμᾶς
358 308 475 365 ἥλιος
491 309 568 360 τὰς
587 314 672 354 τῶν
689 313 907 367 αἰσθητῶν
927 308 1070 360 οὖσιάς
1089 311 1158 353 καὶ
1179 306 1417 366 ποιότητας,
1440 296 1762 378 nal-weg&

67 397 133 423 τοι
160 378 317 430 πολλὰς
347 381 415 422 καὶ
442 376 672 436 διαφόρους
701 379 853 433 οὔσας,
887 377 944 430 εἷς
966 378 1094 430 αὐτὸς
1119 377 1202 432 ὢν,
1234 379 1303 422 καὶ
1327 380 1576 434 μονοειδέςῐ)

68 446 312 503 {marinum
336 453 449 505 φῶς,
485 449 587 501 ζωοῖ
602 450 670 492 καὶ
690 449 855 507 τρέφει,
891 452 1033 508 πολλῷ
1053 452 1215 504 μᾶλλον
1234 448 1277 492 ἓν
1297 453 1357 508 τῷ
1374 451 1443 493 καὶ
1462 451 1542 494 αὖ·
1566 435 1609 470 v·
1626 436 1695 473 55⁵

38 522 148 561 5τοῦ
173 522 247 560 τοῦ
276 515 395 573 ἦλιόυ
422 518 491 560 καὶ
515 515 683 561 πάντων
709 524 794 562 τῶν
824 518 956 562 ὄντων
994 519 1113 578 αι’τίῳ
1147 515 1458 575 προϋφεστάναι
1486 519 1542 564 τὰ

66 584 234 630 πάντων
252 591 337 630 τῶν
364 585 495 630 ὄντων
515 588 829 644 παραδείγματα
850 587 958 631 κατὰ
982 588 1084 642 μίαν
1103 585 1351 645 ὖπερούσιον
1380 588 1540 644 ἕνωσιν,

66 656 375 714 συγχωρητέον·
410 653 604 713 καθάπερ
631 653 658 713 ἦ
687 657 806 715 φωνὴ
831 658 908 711 μία
939 659 1007 700 καὶ
1034 655 1061 713 ἦ
1097 656 1205 714 αὐτὴ
1245 656 1351 715 πρὸς
1375 662 1543 703 πολλῶν

67 725 205 769 ἀκοῶν
225 723 282 776 ὥς
297 726 373 780 μιά
388 724 641 780 μετέχεται.”
712 726 801 786 (Γ.)
833 726 941 770 Ἐπεὶ
966 726 1012 769 δὲ
1036 727 1106 769 καὶ
1124 727 1216 783 περὶ
1241 724 1372 770 τόπου
1393 729 1581 782 διαλα-Ε·

66 800 155 850 βεῖν
174 792 285 850 ἡμᾶς
302 796 346 838 ἓν
366 795 531 845 ἐκείνοις
557 795 874 851 συμπέπτωκεν,
897 795 971 839 ἅτε
997 797 1066 838 καὶ
1089 794 1221 839 αὐτοῦ
1240 801 1482 848 mamea«,-
1498 815 1544 842 τε

11 867 135 909 1οκαὶ
154 863 340 915 ἓνοειδῶς
360 864 414 908 τὰ
437 865 479 906 ἓν
501 863 614 923 αὐτῷ
633 866 890 922 περιέχοντος
910 864 1088 918 ἅπαντα,
1111 867 1180 908 καὶ
1205 865 1258 909 τὰ
1279 864 1464 924 διάφορα
1485 865 1546 910 εἶ-

64 951 134 978 ναι
157 935 384 986 δοκοῦντα,
422 933 645 990 ἀναγκαῖον
668 936 738 978 καὶ
767 932 918 978 τούτου
947 934 1026 991 τὴν
1046 938 1131 978 τῶν
1152 935 1282 978 θείων
1302 939 1379 992 τῆς
1398 937 1543 992 ἔκκλη-

64 1004 157 1053 σίας
176 1001 458 1057 διδασκάλων,
492 1001 686 1060 καθάπερ
707 1021 746 1047 τι
766 1009 848 1048 τῶν
867 1004 1100 1060 ἀναγκαίων
1115 1008 1265 1061 χρεῶν,
1296 1007 1544 1063 συμφωνίαν

65 1070 392 1128 ἀποπιμπλάναι.
422 1069 481 1126 „d
501 1072 604 1123 θεὸς
620 1072 746 1124 ἄϋλος
766 1073 839 1127 ὢν,
854 1075 923 1116 καὶ
940 1073 1255 1131 ἆπερίγραπτος,
1277 1075 1319 1117 ἐν
1329 1072 1443 1133 τόπῳ
1465 1075 1582 1118 οὖκΕ·

66 1140 189 1185 ἔστιν.
228 1141 355 1192 αὐτὸς
371 1140 451 1199 γὰρ
479 1139 631 1186 ἑαυτοῦ
651 1141 778 1194 τόπος
807 1144 940 1196 ἐστὶν,
974 1140 996 1187 ὅ
1028 1142 1082 1186 τὰ
1106 1140 1243 1186 πάντα
1276 1146 1446 1201 πληρῶν
1474 1145 1545 1188 καὶ

9 1218 56 1255 15
65 1209 168 1268 ὖπέρ
191 1210 243 1254 τὰ
262 1209 398 1255 πάντα
425 1210 482 1255 ὢν
492 1244 507 1265 ,
538 1210 615 1255 κᾶν
633 1211 759 1263 αὐτὸς
777 1213 958 1268 συνέχων
982 1211 1038 1256 τὰ
1065 1210 1214 1257 πάντα.
1259 1213 1396 1256 ἰστέον
1415 1214 1461 1257 δὲ
1479 1211 1544 1257 ὅτι

65 1281 115 1325 τὸ
136 1285 254 1324 θεῖον
273 1280 421 1339 ἀμερές
442 1282 576 1335 ἔστιν,
615 1280 711 1325 ὅλον
733 1280 879 1333 ὃλικῶς
898 1286 1111 1337 πανταχοῦ
1138 1280 1209 1335 ὃν,
1245 1283 1314 1325 καὶ
1336 1282 1385 1326 οὗ
1415 1283 1544 1340 μέρος

65 1350 109 1394 ἓν
138 1350 252 1408 μέρει
280 1355 526 1406 σωματικῶς
555 1349 864 1408 διαιρούμενον,
896 1350 995 1395 ἀλλ’
1024 1350 1121 1395 ὅλον
1149 1352 1193 1395 έν
1216 1356 1317 1395 πᾶσι
1344 1354 1413 1395 καὶ
1444 1352 1543 1396 ὅλον

64 1417 168 1478 ὑπὲρ
196 1419 246 1463 τὸ
274 1424 370 1465 πᾶν.
416 1418 438 1465 ὅ
464 1420 507 1464 δ’
534 1420 699 1477 ἅγγελος
717 1425 962 1475 σωματικῶς
981 1422 1059 1476 μὲν
1084 1421 1128 1464 ἐν
1154 1418 1270 1480 τόπῳ
1293 1420 1343 1464 οὗ
1365 1422 1546 1478 περιέχε-

64 1506 157 1543 ται,
190 1487 296 1533 ὥστε
315 1495 556 1534 τυποῦσθαι
575 1492 644 1533 καὶ
662 1492 989 1545 σχηματίζεσθαι
1003 1505 1013 1514 ·
1050 1489 1162 1544 ὅμως
1189 1490 1347 1546 λέγεται
1378 1488 1480 1533 εἶναι
1500 1492 1544 1534 ἐν

9 1556 182 1617 Ξοτόπῳ
196 1592 210 1611 ,
242 1558 377 1602 διὰ-τὸ
397 1567 585 1617 παρεῖναι
606 1564 766 1614 νοητῶς
783 1577 864 1603 που
882 1562 950 1602 καὶ
970 1561 1142 1616 ἐνεργῶν
1162 1559 1269 1602 κατὰ
1288 1558 1365 1615 τὴν
1388 1557 1540 1603 ἑαυτοῦ
1560 1571 1601 1607 Ρ,
1620 1572 1689 1608 689

694 1627 762 1648 u„

65 1625 215 1687 φύσιν,
244 1629 312 1671 καὶ
329 1628 390 1686 μὴ
411 1627 513 1673 εἶναι
533 1627 729 1684 ἂλλαχου.
831 1627 925 1688 (Δ.)
956 1629 1059 1686 Ἐγὼ
1082 1631 1109 1672 δ
1115 1628 1126 1644 “
1155 1629 1200 1672 ἐκ
1225 1631 1389 1672 πολλῶν
1409 1629 1544 1673 πολλὰ

161 1728 195 1763 1.
220 1726 258 1762 εἰ
282 1725 354 1772 γοῖρ
378 1723 398 1763 ὃ
431 1726 487 1762 ed.
599 1725 635 1763 4.
665 1726 789 1773 πολλῷ
813 1738 854 1773 γε
882 1725 939 1762 ed.
1053 1724 1116 1763 ἐπὶ
1147 1726 1215 1772 τῆς
1239 1723 1303 1761 καὶ
1327 1722 1451 1762 uiro&
1479 1725 1546 1764 ml

157 1772 309 1810 πάντων
328 1774 452 1816 αἰτίας
472 1773 529 1808 ed.
643 1776 675 1809 6.
695 1773 826 1810 πάντα
841 1773 897 1809 ed.
1009 1774 1045 1810 7.
1078 1766 1175 1810 οὖσα
1196 1778 1276 1819 post
1293 1774 1362 1818 μία
1383 1773 1463 1807 add.
1486 1774 1545 1809 ed.

156 1820 321 1914 (ἒξ-Ρῖὶιερὶ
339 1826 420 1856 ante
440 1818 579 1858 τούτου
598 1820 791 1856 addendum
811 1823 933 1856 eenset
950 1819 1064 1868 Capp.
1159 1820 1217 1857 15.
1239 1818 1311 1857 κάν
1327 1816 1434 1867 αὐτῷ
1452 1820 1543 1856 coni.

65 1947 283 1984 uniformiter
301 1953 338 1984 et
354 1947 450 1984 unite
468 1948 505 1984 in
524 1947 673 1985 omnium
691 1960 796 1984 causa
816 1947 1098 1996 supermundanis
1115 1946 1224 1984 oculis
1242 1946 1455 1994 conspicere.
1499 1946 1544 1982 Si

65 2007 150 2029 vero
170 1995 221 2029 sol
241 1999 359 2030 noster
383 1996 507 2030 multas
528 2008 570 2031 ac
589 1997 746 2031 diversas
767 2008 879 2031 rerum
900 1996 1073 2031 sensilium
1100 1995 1311 2030 substantias
1329 1999 1367 2031 et
1392 1993 1544 2041 qualita-

65 2047 143 2083 tes,
166 2053 255 2075 unus
272 2041 368 2087 ipse,
392 2047 430 2077 et
446 2042 614 2077 uniforme
637 2043 749 2078 lumen
774 2043 992 2085 diffundens,
1024 2042 1180 2078 vivificat
1208 2047 1245 2077 et
1273 2041 1404 2083 nutrit;
1438 2041 1544 2086 longe

66 2087 195 2135 potiori
221 2088 357 2122 ratione
384 2089 637 2124 concedendum
657 2095 731 2132 est,
754 2089 791 2124 in
810 2090 894 2125 solis
916 2090 1026 2136 ipsius
1051 2093 1088 2124 et
1113 2088 1259 2124 omnium
1275 2088 1406 2122 entium
1424 2098 1541 2129 causa,

66 2145 132 2181 per
148 2134 280 2169 unicam
298 2135 663 2181 supersubstantialem
684 2135 870 2171 unitionem
881 2163 893 2178 ‚
915 2136 1063 2171 omnium
1082 2147 1197 2171 rerum
1214 2134 1421 2180 exemplaria
1438 2145 1543 2179 prae-

67 2180 264 2216 exstitisse:
287 2181 565 2227 quemadmodum
585 2187 622 2217 et
642 2194 729 2225 vox,
754 2194 829 2217 cum
846 2194 914 2217 una
934 2183 980 2218 sit
999 2187 1036 2218 et
1055 2183 1195 2226 eadem,
1217 2193 1239 2216 a
1261 2181 1379 2216 multis
1405 2191 1543 2226 quoque

66 2227 219 2270 auribus,
242 2233 282 2262 ut
298 2239 380 2270 una,
400 2228 663 2274 participatur?
709 2229 811 2273 (ΙΙΙ.)
833 2229 904 2264 Sed
923 2229 1082 2276 quoniam
1099 2229 1156 2264 hic
1175 2239 1252 2264 sese
1272 2227 1371 2262 dedit
1390 2225 1542 2268 occasio,

66 2279 108 2308 ut
123 2274 167 2308 de
184 2274 259 2309 loco
279 2273 504 2317 dissererem,
527 2275 658 2321 quippe
685 2275 744 2321 qui
763 2275 977 2311 eontinenter
1001 2281 1038 2311 et
1060 2274 1276 2311 uniformiter
1294 2273 1542 2319 complectatur

66 2331 292 2366 quaecunque
312 2322 443 2356 suntin
460 2322 558 2368 ipso,
583 2322 684 2356 etiam
704 2333 795 2367 quae
811 2322 984 2358 contraria
1002 2322 1072 2357 sibi
1095 2322 1241 2357 invicem
1257 2332 1335 2356 esse
1353 2320 1541 2358 videntur3

66 2377 210 2401 neeesse
229 2372 303 2409 est,
327 2373 366 2402 ut
382 2367 575 2403 divinorum
594 2368 763 2403 eeclesiae
782 2368 959 2404 doctorum
978 2369 1044 2404 hac
1060 2380 1198 2415 quoque
1218 2368 1255 2402 in
1281 2379 1322 2402 re
1340 2369 1541 2418 concentum

66 2413 236 2458 expleam,
248 2419 286 2449 et
301 2414 400 2460 quasi
416 2415 646 2450 necessarium
666 2414 835 2461 quoddam
845 2415 997 2450 debitum
1012 2416 1197 2452 exsolvam.
1241 2413 1377 2456 ‚‚Deus,
1401 2422 1476 2444 cum
1493 2415 1542 2444 alt

66 2458 301 2494 immaterialis
320 2464 356 2495 et
380 2460 719 2508 incircumscriptus,
744 2461 781 2495 in
805 2461 881 2496 loco
904 2472 972 2497 non
999 2466 1064 2497 est.
1118 2462 1212 2496 Suus
1234 2460 1323 2495 enim
1349 2457 1415 2492 sibi
1442 2456 1542 2490 loeus

67 2511 124 2540 est
149 2505 245 2551 ipse,
268 2506 327 2552 qui
353 2507 465 2542 omnia
491 2509 624 2564 replet:
655 2519 763 2553 supra
787 2507 900 2542 omniu
918 2513 994 2551 est,
1015 2508 1099 2544 licet
1120 2507 1231 2543 omnia
1257 2506 1333 2552 ipse
1352 2501 1539 2557 contineat.

67 2551 253 2587 Sciendum
273 2558 328 2588 est
356 2565 481 2599 porro,
504 2555 719 2590 divinitatem
747 2566 825 2590 esse
850 2554 1000 2600 partium
1022 2560 1219 2601 expertem3
1251 2557 1356 2587 totam
1384 2549 1541 2584 totaliter

67 2610 146 2633 esse
169 2599 320 2645 ubique3
342 2611 410 2635 non
439 2601 515 2635 eius
539 2606 668 2647 partem
688 2601 725 2635 in
755 2605 877 2646 parte,
900 2601 1002 2647 quusi
1026 2600 1253 2648 corporaliter
1279 2596 1446 2636 divisam?
1476 2593 1540 2629 flod

66 2648 175 2679 totam
192 2644 229 2679 in
246 2645 418 2689 omnibus,
438 2652 475 2682 et
491 2652 599 2683 totam
619 2658 725 2693 supra
745 2647 869 2682 omnin.
916 2647 1068 2693 Angelus
1089 2652 1201 2682 autem
1218 2655 1285 2678 non
1301 2641 1438 2688 quidem
1461 2651 1541 2675 cor-

66 2691 236 2737 poraliter
254 2691 291 2726 in
306 2691 382 2727 loeo
408 2693 627 2735 continetur,
650 2694 702 2728 ita
721 2698 761 2727 ut
779 2693 1015 2748 corporalibus
1034 2693 1155 2739 figuris
1170 2690 1424 2729 conformetur3
1446 2691 1541 2721 atta·

67 2748 145 2772 men
161 2737 198 2771 in
217 2737 293 2772 loco
311 2749 388 2774 esse
411 2739 559 2782 dicitur;
582 2740 664 2786 quia
682 2738 855 2785 spirituali
873 2745 912 2775 et
925 2739 1136 2786 intelligibili
1156 2736 1303 2785 quodam
1318 2732 1417 2769 modo
1433 2743 1540 2778 prae-

67 2795 147 2818 sens
174 2782 209 2818 in
231 2784 306 2819 loeo
324 2785 482 2828 sistitur,
508 2786 626 2833 ibique
652 2786 837 2821 secundum
857 2786 1032 2832 propriam
1060 2797 1155 2821 susm
1182 2786 1339 2819 naturam
1361 2785 1540 2836 pperatur,

66 2840 132 2865 nec
146 2829 330 2866 estalibw
373 2832 477 2878 (lv.)
498 2832 578 2879 Ego
597 2844 681 2867 vero
698 2843 774 2868 oum
792 2832 938 2869 emultis
957 2833 1026 2869 SS.
1037 2831 1201 2868 Patribus
1216 2827 1323 2864 mult·
1337 2826 1397 2864 hle
1412 2835 1541 2861 com·

157 2888 376 2936 Nicephom
391 2890 542 2939 angor.
570 2890 644 2927 1⁷01.
657 2891 708 2926 11.
1205 2880 1263 2921 70
