<?xml version="1.0" encoding="UTF-8"?>
<!DOCTYPE html PUBLIC "-//W3C//DTD XHTML 1.0 Transitional//EN"
    "http://www.w3.org/TR/xhtml1/DTD/xhtml1-transitional.dtd">
<html xmlns="http://www.w3.org/1999/xhtml" xml:lang="en" lang="en">
 <head>
  <title>
</title>
<meta http-equiv="Content-Type" content="text/html;charset=utf-8" />
  <meta name='ocr-system' content='tesseract 3.04.00' />
  <meta name='ocr-capabilities' content='ocr_page ocr_carea ocr_par ocr_line ocrx_word'/>
</head>
<body>
  <div class='ocr_page' id='page_1' title='image "./corpusscriptorum39niebuoft_0773.png"; bbox 0 0 1754 3164; ppageno 0'>
   <div class='ocr_carea' id='block_1_1' title="bbox 444 164 1116 206">
    <p class='ocr_par' dir='ltr' id='par_1_1' title="bbox 444 164 1116 206">
     <span class='ocr_line' id='line_1_1' title="bbox 444 164 1116 206; baseline -0.001 -1"><span class='ocrx_word' id='word_1_1' title='bbox 444 164 694 206; x_wconf 88' lang='lat' dir='ltr'>NOMINUM</span> <span class='ocrx_word' id='word_1_2' title='bbox 720 164 787 206; x_wconf 88' lang='grc' dir='ltr'><strong>ΕΤ</strong></span> <span class='ocrx_word' id='word_1_3' title='bbox 815 165 1116 206; x_wconf 86' lang='lat' dir='ltr'><strong>VERBORUM.</strong></span> 
     </span>
    </p>
   </div>
   <div class='ocr_carea' id='block_1_2' title="bbox 8 266 766 2872">
    <p class='ocr_par' dir='ltr' id='par_1_2' title="bbox 53 266 766 2454">
     <span class='ocr_line' id='line_1_2' title="bbox 57 266 766 315; baseline 0.004 -14"><span class='ocrx_word' id='word_1_4' title='bbox 57 266 301 312; x_wconf 81' lang='lat' dir='ltr'><strong>imperatorem</strong></span> <span class='ocrx_word' id='word_1_5' title='bbox 330 279 407 303; x_wconf 81' lang='lat' dir='ltr'><strong>sese</strong></span> <span class='ocrx_word' id='word_1_6' title='bbox 442 269 601 315; x_wconf 86' lang='lat' dir='ltr'><strong>professo</strong></span> <span class='ocrx_word' id='word_1_7' title='bbox 614 294 627 311; x_wconf 94' lang='lat'><strong>,</strong></span> <span class='ocrx_word' id='word_1_8' title='bbox 668 269 766 304; x_wconf 84' lang='lat' dir='ltr'><strong>velut</strong></span> 
     </span>
     <span class='ocr_line' id='line_1_3' title="bbox 57 313 764 360; baseline 0.004 -12"><span class='ocrx_word' id='word_1_9' title='bbox 57 313 174 348; x_wconf 86' lang='lat' dir='ltr'><strong>victor</strong></span> <span class='ocrx_word' id='word_1_10' title='bbox 198 326 274 349; x_wconf 90' lang='lat' dir='ltr'><strong>cum</strong></span> <span class='ocrx_word' id='word_1_11' title='bbox 300 314 502 360; x_wconf 81' lang='lat' dir='ltr'><strong>patriarcha</strong></span> <span class='ocrx_word' id='word_1_12' title='bbox 528 315 663 350; x_wconf 82' lang='lat' dir='ltr'><strong>exultat</strong></span> <span class='ocrx_word' id='word_1_13' title='bbox 682 318 764 359; x_wconf 84' lang='grc'><strong>612,</strong></span> 
     </span>
     <span class='ocr_line' id='line_1_4' title="bbox 56 360 764 407; baseline 0.001 -11"><span class='ocrx_word' id='word_1_14' title='bbox 56 362 115 397; x_wconf 80' lang='grc'><strong>21.</strong></span> <span class='ocrx_word' id='word_1_15' title='bbox 149 360 252 395; x_wconf 85' lang='lat' dir='ltr'><strong>classi</strong></span> <span class='ocrx_word' id='word_1_16' title='bbox 279 362 501 407; x_wconf 73' lang='lat' dir='ltr'><strong>praefectus,</strong></span> <span class='ocrx_word' id='word_1_17' title='bbox 537 362 764 398; x_wconf 86' lang='lat' dir='ltr'><strong>Thessaloni-</strong></span> 
     </span>
     <span class='ocr_line' id='line_1_5' title="bbox 57 407 763 453; baseline 0.004 -12"><span class='ocrx_word' id='word_1_18' title='bbox 57 418 131 441; x_wconf 87' lang='lat' dir='ltr'><strong>cam</strong></span> <span class='ocrx_word' id='word_1_19' title='bbox 144 407 290 453; x_wconf 80' lang='lat' dir='ltr'><strong>appellit</strong></span> <span class='ocrx_word' id='word_1_20' title='bbox 308 407 389 447; x_wconf 85' lang='lat'><strong>634,</strong></span> <span class='ocrx_word' id='word_1_21' title='bbox 404 408 458 445; x_wconf 92' lang='lat'><strong>14.</strong></span> <span class='ocrx_word' id='word_1_22' title='bbox 484 408 591 443; x_wconf 83' lang='lat' dir='ltr'>aciem</span> <span class='ocrx_word' id='word_1_23' title='bbox 603 409 763 451; x_wconf 80' lang='lat' dir='ltr'><strong>instruit3</strong></span> 
     </span>
     <span class='ocr_line' id='line_1_6' title="bbox 57 453 765 498; baseline 0.004 -11"><span class='ocrx_word' id='word_1_24' title='bbox 57 453 221 498; x_wconf 83' lang='lat' dir='ltr'><strong>congredi</strong></span> <span class='ocrx_word' id='word_1_25' title='bbox 236 465 304 489; x_wconf 90' lang='lat' dir='ltr'><strong>non</strong></span> <span class='ocrx_word' id='word_1_26' title='bbox 329 455 434 490; x_wconf 81' lang='lat' dir='ltr'><strong>audet</strong></span> <span class='ocrx_word' id='word_1_27' title='bbox 456 457 537 498; x_wconf 87' lang='lat'><strong>637,</strong></span> <span class='ocrx_word' id='word_1_28' title='bbox 559 453 614 491; x_wconf 85' lang='lat'><strong>14.</strong></span> <span class='ocrx_word' id='word_1_29' title='bbox 639 456 765 491; x_wconf 78' lang='lat' dir='ltr'><strong>ductor</strong></span> 
     </span>
     <span class='ocr_line' id='line_1_7' title="bbox 56 500 764 548; baseline 0.006 -15"><span class='ocrx_word' id='word_1_30' title='bbox 56 500 238 546; x_wconf 86' lang='lat' dir='ltr'><strong>utriusque</strong></span> <span class='ocrx_word' id='word_1_31' title='bbox 276 500 421 544; x_wconf 84' lang='lat' dir='ltr'><strong>classis,</strong></span> <span class='ocrx_word' id='word_1_32' title='bbox 469 502 685 548; x_wconf 85' lang='lat' dir='ltr'><strong>Byzantinae</strong></span> <span class='ocrx_word' id='word_1_33' title='bbox 728 508 764 537; x_wconf 92' lang='lat' dir='ltr'><strong>et</strong></span> 
     </span>
     <span class='ocr_line' id='line_1_8' title="bbox 56 546 764 584; baseline 0.007 -5"><span class='ocrx_word' id='word_1_34' title='bbox 56 546 241 581; x_wconf 84' lang='lat' dir='ltr'><strong>Persicae:</strong></span> <span class='ocrx_word' id='word_1_35' title='bbox 275 548 554 583; x_wconf 86' lang='lat' dir='ltr'><strong>Cantacuzenum</strong></span> <span class='ocrx_word' id='word_1_36' title='bbox 583 550 764 584; x_wconf 86' lang='lat' dir='ltr'><strong>abeuntem</strong></span> 
     </span>
     <span class='ocr_line' id='line_1_9' title="bbox 56 593 766 639; baseline 0.004 -12"><span class='ocrx_word' id='word_1_37' title='bbox 56 593 281 639; x_wconf 70' lang='lat' dir='ltr'>persequitur</span> <span class='ocrx_word' id='word_1_38' title='bbox 305 595 387 636; x_wconf 89' lang='lat'><strong>658,</strong></span> <span class='ocrx_word' id='word_1_39' title='bbox 404 595 461 631; x_wconf 85' lang='grc'><strong>24.</strong></span> <span class='ocrx_word' id='word_1_40' title='bbox 487 595 627 630; x_wconf 86' lang='lat' dir='ltr'><strong>timidus</strong></span> <span class='ocrx_word' id='word_1_41' title='bbox 643 600 678 630; x_wconf 84' lang='lat' dir='ltr'><strong>et</strong></span> <span class='ocrx_word' id='word_1_42' title='bbox 702 596 766 630; x_wconf 88' lang='lat' dir='ltr'><strong>im-</strong></span> 
     </span>
     <span class='ocr_line' id='line_1_10' title="bbox 56 639 764 688; baseline 0.004 -14"><span class='ocrx_word' id='word_1_43' title='bbox 56 639 157 675; x_wconf 88' lang='lat' dir='ltr'><strong>bellis</strong></span> <span class='ocrx_word' id='word_1_44' title='bbox 173 640 255 682; x_wconf 88' lang='lat'><strong>660,</strong></span> <span class='ocrx_word' id='word_1_45' title='bbox 276 642 326 676; x_wconf 84' lang='lat'><strong>12.</strong></span> <span class='ocrx_word' id='word_1_46' title='bbox 349 641 510 676; x_wconf 88' lang='lat' dir='ltr'><strong>auxilium</strong></span> <span class='ocrx_word' id='word_1_47' title='bbox 530 642 619 688; x_wconf 88' lang='lat' dir='ltr'><strong>petit</strong></span> <span class='ocrx_word' id='word_1_48' title='bbox 636 655 656 677; x_wconf 90' lang='lat' dir='ltr'><strong>a</strong></span> <span class='ocrx_word' id='word_1_49' title='bbox 674 643 764 677; x_wconf 86' lang='lat' dir='ltr'><strong>Cra-</strong></span> 
     </span>
     <span class='ocr_line' id='line_1_11' title="bbox 55 686 765 724; baseline 0.004 -4"><span class='ocrx_word' id='word_1_50' title='bbox 55 686 110 720; x_wconf 74' lang='lat' dir='ltr'><strong>let</strong></span> <span class='ocrx_word' id='word_1_51' title='bbox 134 686 242 721; x_wconf 91' lang='lat' dir='ltr'><strong>munit</strong></span> <span class='ocrx_word' id='word_1_52' title='bbox 261 687 362 722; x_wconf 83' lang='lat' dir='ltr'><strong>fluvii</strong></span> <span class='ocrx_word' id='word_1_53' title='bbox 381 687 489 722; x_wconf 80' lang='lat' dir='ltr'><strong>ostia:</strong></span> <span class='ocrx_word' id='word_1_54' title='bbox 525 701 568 723; x_wconf 87' lang='lat' dir='ltr'><strong>ex</strong></span> <span class='ocrx_word' id='word_1_55' title='bbox 588 689 765 724; x_wconf 83' lang='lat' dir='ltr'><strong>Cantacu-</strong></span> 
     </span>
     <span class='ocr_line' id='line_1_12' title="bbox 56 732 764 781; baseline 0.007 -15"><span class='ocrx_word' id='word_1_56' title='bbox 56 744 141 767; x_wconf 84' lang='lat' dir='ltr'><strong>zeno</strong></span> <span class='ocrx_word' id='word_1_57' title='bbox 171 732 390 776; x_wconf 75' lang='lat' dir='ltr'><strong>sciscitatur,</strong></span> <span class='ocrx_word' id='word_1_58' title='bbox 432 734 515 780; x_wconf 83' lang='lat' dir='ltr'><strong>quid</strong></span> <span class='ocrx_word' id='word_1_59' title='bbox 549 736 592 770; x_wconf 92' lang='lat' dir='ltr'><strong>de</strong></span> <span class='ocrx_word' id='word_1_60' title='bbox 618 748 656 770; x_wconf 89' lang='lat' dir='ltr'><strong>se</strong></span> <span class='ocrx_word' id='word_1_61' title='bbox 688 737 764 781; x_wconf 87' lang='lat' dir='ltr'><strong>ipse</strong></span> 
     </span>
     <span class='ocr_line' id='line_1_13' title="bbox 55 781 764 828; baseline 0.006 -15"><span class='ocrx_word' id='word_1_62' title='bbox 55 783 188 814; x_wconf 86' lang='lat' dir='ltr'><strong>statuat</strong></span> <span class='ocrx_word' id='word_1_63' title='bbox 215 781 295 821; x_wconf 89' lang='grc'><strong>661,</strong></span> <span class='ocrx_word' id='word_1_64' title='bbox 320 783 354 817; x_wconf 84' lang='grc'><strong>2.</strong></span> <span class='ocrx_word' id='word_1_65' title='bbox 379 781 554 826; x_wconf 83' lang='lat' dir='ltr'><strong>Apocauci</strong></span> <span class='ocrx_word' id='word_1_66' title='bbox 581 795 652 816; x_wconf 89' lang='lat' dir='ltr'><strong>mos</strong></span> <span class='ocrx_word' id='word_1_67' title='bbox 676 794 764 828; x_wconf 89' lang='lat' dir='ltr'><strong>per-</strong></span> 
     </span>
     <span class='ocr_line' id='line_1_14' title="bbox 55 827 765 875; baseline 0.004 -15"><span class='ocrx_word' id='word_1_68' title='bbox 55 837 199 860; x_wconf 83' lang='lat' dir='ltr'><strong>versus:</strong></span> <span class='ocrx_word' id='word_1_69' title='bbox 225 827 434 863; x_wconf 87' lang='lat' dir='ltr'><strong>Berrhoeam</strong></span> <span class='ocrx_word' id='word_1_70' title='bbox 454 833 568 862; x_wconf 83' lang='lat' dir='ltr'><strong>tentat</strong></span> <span class='ocrx_word' id='word_1_71' title='bbox 587 841 650 875; x_wconf 87' lang='lat' dir='ltr'><strong>per</strong></span> <span class='ocrx_word' id='word_1_72' title='bbox 663 841 765 863; x_wconf 87' lang='lat' dir='ltr'><strong>exer-</strong></span> 
     </span>
     <span class='ocr_line' id='line_1_15' title="bbox 57 871 762 919; baseline 0.006 -13"><span class='ocrx_word' id='word_1_73' title='bbox 57 871 184 907; x_wconf 86' lang='lat' dir='ltr'><strong>citum:</strong></span> <span class='ocrx_word' id='word_1_74' title='bbox 226 873 301 919; x_wconf 89' lang='lat' dir='ltr'><strong>ipse</strong></span> <span class='ocrx_word' id='word_1_75' title='bbox 332 874 605 910; x_wconf 83' lang='lat' dir='ltr'><strong>Thessalonicae</strong></span> <span class='ocrx_word' id='word_1_76' title='bbox 637 880 762 918; x_wconf 80' lang='lat' dir='ltr'><strong>manet,</strong></span> 
     </span>
     <span class='ocr_line' id='line_1_16' title="bbox 56 919 763 965; baseline 0.007 -13"><span class='ocrx_word' id='word_1_77' title='bbox 56 930 225 964; x_wconf 81' lang='lat' dir='ltr'><strong>arrogans</strong></span> <span class='ocrx_word' id='word_1_78' title='bbox 249 919 339 954; x_wconf 89' lang='lat' dir='ltr'><strong>idem</strong></span> <span class='ocrx_word' id='word_1_79' title='bbox 368 926 404 955; x_wconf 88' lang='lat' dir='ltr'><strong>et</strong></span> <span class='ocrx_word' id='word_1_80' title='bbox 430 922 570 956; x_wconf 85' lang='lat' dir='ltr'><strong>timidus</strong></span> <span class='ocrx_word' id='word_1_81' title='bbox 598 924 678 965; x_wconf 87' lang='lat'><strong>668,</strong></span> <span class='ocrx_word' id='word_1_82' title='bbox 707 924 763 958; x_wconf 87' lang='lat'><strong>15.</strong></span> 
     </span>
     <span class='ocr_line' id='line_1_17' title="bbox 56 966 764 1012; baseline 0.006 -12"><span class='ocrx_word' id='word_1_83' title='bbox 56 966 273 1011; x_wconf 82' lang='lat' dir='ltr'><strong>sagittarium</strong></span> <span class='ocrx_word' id='word_1_84' title='bbox 299 967 488 1009; x_wconf 83' lang='lat' dir='ltr'><strong>submittit,</strong></span> <span class='ocrx_word' id='word_1_85' title='bbox 512 968 571 1012; x_wconf 87' lang='lat' dir='ltr'><strong>qui</strong></span> <span class='ocrx_word' id='word_1_86' title='bbox 591 971 764 1004; x_wconf 81' lang='lat' dir='ltr'><strong>Cantacu-</strong></span> 
     </span>
     <span class='ocr_line' id='line_1_18' title="bbox 54 1014 763 1061; baseline 0.006 -15"><span class='ocrx_word' id='word_1_87' title='bbox 54 1023 174 1046; x_wconf 87' lang='lat' dir='ltr'><strong>zenum</strong></span> <span class='ocrx_word' id='word_1_88' title='bbox 196 1018 299 1047; x_wconf 89' lang='lat' dir='ltr'><strong>noctu</strong></span> <span class='ocrx_word' id='word_1_89' title='bbox 319 1014 455 1048; x_wconf 87' lang='lat' dir='ltr'><strong>occidat</strong></span> <span class='ocrx_word' id='word_1_90' title='bbox 476 1016 556 1057; x_wconf 91' lang='lat'><strong>669,</strong></span> <span class='ocrx_word' id='word_1_91' title='bbox 583 1017 641 1052; x_wconf 91' lang='lat'><strong>21.</strong></span> <span class='ocrx_word' id='word_1_92' title='bbox 669 1016 763 1061; x_wconf 88' lang='lat' dir='ltr'><strong>peri-</strong></span> 
     </span>
     <span class='ocr_line' id='line_1_19' title="bbox 56 1059 763 1109; baseline 0.006 -16"><span class='ocrx_word' id='word_1_93' title='bbox 56 1059 134 1093; x_wconf 87' lang='lat' dir='ltr'><strong>cula</strong></span> <span class='ocrx_word' id='word_1_94' title='bbox 162 1059 395 1104; x_wconf 82' lang='lat' dir='ltr'><strong>impendentia</strong></span> <span class='ocrx_word' id='word_1_95' title='bbox 424 1062 528 1096; x_wconf 89' lang='lat' dir='ltr'><strong>celeri</strong></span> <span class='ocrx_word' id='word_1_96' title='bbox 546 1064 631 1107; x_wconf 80' lang='lat' dir='ltr'><strong>fuga</strong></span> <span class='ocrx_word' id='word_1_97' title='bbox 660 1075 763 1109; x_wconf 87' lang='lat' dir='ltr'><strong>prae-</strong></span> 
     </span>
     <span class='ocr_line' id='line_1_20' title="bbox 55 1105 761 1148; baseline 0.007 -9"><span class='ocrx_word' id='word_1_98' title='bbox 55 1105 218 1148; x_wconf 81' lang='lat' dir='ltr'><strong>vertitur,</strong></span> <span class='ocrx_word' id='word_1_99' title='bbox 242 1107 358 1141; x_wconf 83' lang='lat' dir='ltr'><strong>insciis</strong></span> <span class='ocrx_word' id='word_1_100' title='bbox 388 1108 761 1143; x_wconf 86' lang='lat' dir='ltr'><strong>Thessalonicensibus</strong></span> 
     </span>
     <span class='ocr_line' id='line_1_21' title="bbox 55 1153 763 1198; baseline 0.003 -10"><span class='ocrx_word' id='word_1_101' title='bbox 55 1153 137 1193; x_wconf 87' lang='lat'><strong>670,</strong></span> <span class='ocrx_word' id='word_1_102' title='bbox 174 1154 228 1188; x_wconf 88' lang='lat'><strong>13.</strong></span> <span class='ocrx_word' id='word_1_103' title='bbox 266 1154 499 1198; x_wconf 72' lang='lat' dir='ltr'><strong>patriarcham</strong></span> <span class='ocrx_word' id='word_1_104' title='bbox 537 1160 573 1190; x_wconf 89' lang='lat' dir='ltr'><strong>et</strong></span> <span class='ocrx_word' id='word_1_105' title='bbox 600 1156 763 1190; x_wconf 83' lang='lat' dir='ltr'><strong>Ioannem</strong></span> 
     </span>
     <span class='ocr_line' id='line_1_22' title="bbox 57 1199 762 1247; baseline 0.01 -15"><span class='ocrx_word' id='word_1_106' title='bbox 57 1199 228 1233; x_wconf 73' lang='lat' dir='ltr'><strong>Gabalum</strong></span> <span class='ocrx_word' id='word_1_107' title='bbox 248 1199 315 1234; x_wconf 86' lang='lat' dir='ltr'><strong>sibi</strong></span> <span class='ocrx_word' id='word_1_108' title='bbox 333 1201 528 1247; x_wconf 90' lang='lat' dir='ltr'><strong>mancipare</strong></span> <span class='ocrx_word' id='word_1_109' title='bbox 546 1203 668 1236; x_wconf 79' lang='lat' dir='ltr'><strong>statuit</strong></span> <span class='ocrx_word' id='word_1_110' title='bbox 680 1204 762 1245; x_wconf 90' lang='lat'><strong>696,</strong></span> 
     </span>
     <span class='ocr_line' id='line_1_23' title="bbox 54 1246 763 1284; baseline 0.001 -2"><span class='ocrx_word' id='word_1_111' title='bbox 54 1247 114 1282; x_wconf 81' lang='lat'><strong>21.</strong></span> <span class='ocrx_word' id='word_1_112' title='bbox 138 1246 256 1280; x_wconf 87' lang='lat' dir='ltr'><strong>Ioanni</strong></span> <span class='ocrx_word' id='word_1_113' title='bbox 281 1247 440 1282; x_wconf 80' lang='lat' dir='ltr'><strong>Gabalae</strong></span> <span class='ocrx_word' id='word_1_114' title='bbox 459 1248 564 1283; x_wconf 86' lang='lat' dir='ltr'><strong>filiam</strong></span> <span class='ocrx_word' id='word_1_115' title='bbox 585 1261 678 1283; x_wconf 89' lang='lat' dir='ltr'><strong>suam</strong></span> <span class='ocrx_word' id='word_1_116' title='bbox 701 1249 763 1284; x_wconf 87' lang='lat' dir='ltr'><strong>de-</strong></span> 
     </span>
     <span class='ocr_line' id='line_1_24' title="bbox 54 1295 764 1341; baseline 0.007 -15"><span class='ocrx_word' id='word_1_117' title='bbox 54 1304 258 1337; x_wconf 80' lang='lat' dir='ltr'><strong>sponsurum</strong></span> <span class='ocrx_word' id='word_1_118' title='bbox 273 1305 312 1327; x_wconf 89' lang='lat' dir='ltr'><strong>se</strong></span> <span class='ocrx_word' id='word_1_119' title='bbox 337 1295 528 1339; x_wconf 82' lang='lat' dir='ltr'><strong>promittit3</strong></span> <span class='ocrx_word' id='word_1_120' title='bbox 555 1295 638 1341; x_wconf 86' lang='lat' dir='ltr'><strong>quid</strong></span> <span class='ocrx_word' id='word_1_121' title='bbox 656 1296 764 1331; x_wconf 90' lang='lat' dir='ltr'><strong>vicis-</strong></span> 
     </span>
     <span class='ocr_line' id='line_1_25' title="bbox 54 1339 763 1386; baseline 0.006 -13"><span class='ocrx_word' id='word_1_122' title='bbox 54 1339 118 1373; x_wconf 88' lang='lat' dir='ltr'><strong>sim</strong></span> <span class='ocrx_word' id='word_1_123' title='bbox 131 1339 174 1373; x_wconf 91' lang='lat' dir='ltr'><strong>ab</strong></span> <span class='ocrx_word' id='word_1_124' title='bbox 185 1351 226 1374; x_wconf 94' lang='lat' dir='ltr'><strong>eo</strong></span> <span class='ocrx_word' id='word_1_125' title='bbox 245 1344 367 1386; x_wconf 88' lang='lat' dir='ltr'><strong>pactus</strong></span> <span class='ocrx_word' id='word_1_126' title='bbox 387 1343 468 1384; x_wconf 86' lang='lat'><strong>701,</strong></span> <span class='ocrx_word' id='word_1_127' title='bbox 483 1343 538 1377; x_wconf 90' lang='lat'><strong>19.</strong></span> <span class='ocrx_word' id='word_1_128' title='bbox 565 1342 763 1377; x_wconf 85' lang='lat' dir='ltr'><strong>Perinthum</strong></span> 
     </span>
     <span class='ocr_line' id='line_1_26' title="bbox 55 1386 764 1435; baseline 0.007 -16"><span class='ocrx_word' id='word_1_129' title='bbox 55 1386 132 1420; x_wconf 86' lang='lat' dir='ltr'><strong>abit</strong></span> <span class='ocrx_word' id='word_1_130' title='bbox 164 1398 238 1420; x_wconf 91' lang='lat' dir='ltr'><strong>cum</strong></span> <span class='ocrx_word' id='word_1_131' title='bbox 268 1387 466 1433; x_wconf 78' lang='lat' dir='ltr'><strong>patriarcha</strong></span> <span class='ocrx_word' id='word_1_132' title='bbox 494 1394 530 1423; x_wconf 88' lang='lat' dir='ltr'><strong>et</strong></span> <span class='ocrx_word' id='word_1_133' title='bbox 556 1389 764 1435; x_wconf 86' lang='lat' dir='ltr'><strong>imperatore</strong></span> 
     </span>
     <span class='ocr_line' id='line_1_27' title="bbox 53 1432 764 1480; baseline 0.007 -14"><span class='ocrx_word' id='word_1_134' title='bbox 53 1432 287 1477; x_wconf 80' lang='lat' dir='ltr'><strong>Palaeologo;</strong></span> <span class='ocrx_word' id='word_1_135' title='bbox 319 1446 418 1479; x_wconf 83' lang='lat' dir='ltr'><strong>quern</strong></span> <span class='ocrx_word' id='word_1_136' title='bbox 448 1435 675 1480; x_wconf 85' lang='lat' dir='ltr'><strong>Epibatarum</strong></span> <span class='ocrx_word' id='word_1_137' title='bbox 704 1448 764 1470; x_wconf 86' lang='lat' dir='ltr'><strong>ca-</strong></span> 
     </span>
     <span class='ocr_line' id='line_1_28' title="bbox 54 1479 763 1525; baseline 0.003 -11"><span class='ocrx_word' id='word_1_138' title='bbox 54 1479 154 1514; x_wconf 82' lang='lat' dir='ltr'><strong>stello</strong></span> <span class='ocrx_word' id='word_1_139' title='bbox 174 1479 350 1514; x_wconf 83' lang='lat' dir='ltr'><strong>includere</strong></span> <span class='ocrx_word' id='word_1_140' title='bbox 366 1481 500 1525; x_wconf 83' lang='lat' dir='ltr'><strong>cogitat</strong></span> <span class='ocrx_word' id='word_1_141' title='bbox 523 1482 604 1524; x_wconf 90' lang='lat'><strong>702,</strong></span> <span class='ocrx_word' id='word_1_142' title='bbox 624 1481 658 1518; x_wconf 98' lang='grc'><strong>4.</strong></span> <span class='ocrx_word' id='word_1_143' title='bbox 682 1483 763 1517; x_wconf 89' lang='lat' dir='ltr'><strong>bel-</strong></span> 
     </span>
     <span class='ocr_line' id='line_1_29' title="bbox 53 1526 761 1572; baseline 0.007 -13"><span class='ocrx_word' id='word_1_144' title='bbox 53 1526 122 1560; x_wconf 89' lang='lat' dir='ltr'><strong>lum</strong></span> <span class='ocrx_word' id='word_1_145' title='bbox 147 1532 316 1571; x_wconf 83' lang='lat' dir='ltr'><strong>apparat:</strong></span> <span class='ocrx_word' id='word_1_146' title='bbox 341 1527 617 1572; x_wconf 87' lang='lat' dir='ltr'><strong>Didymotichum</strong></span> <span class='ocrx_word' id='word_1_147' title='bbox 635 1528 761 1564; x_wconf 91' lang='lat' dir='ltr'><strong>infesto</strong></span> 
     </span>
     <span class='ocr_line' id='line_1_30' title="bbox 55 1573 762 1620; baseline 0.007 -15"><span class='ocrx_word' id='word_1_148' title='bbox 55 1573 211 1607; x_wconf 83' lang='lat' dir='ltr'><strong>exercitu</strong></span> <span class='ocrx_word' id='word_1_149' title='bbox 229 1573 319 1618; x_wconf 90' lang='lat' dir='ltr'><strong>petit</strong></span> <span class='ocrx_word' id='word_1_150' title='bbox 343 1575 423 1614; x_wconf 89' lang='lat'><strong>708,</strong></span> <span class='ocrx_word' id='word_1_151' title='bbox 445 1575 479 1608; x_wconf 87' lang='lat'><strong>2.</strong></span> <span class='ocrx_word' id='word_1_152' title='bbox 515 1575 675 1620; x_wconf 89' lang='lat' dir='ltr'><strong>Pythium</strong></span> <span class='ocrx_word' id='word_1_153' title='bbox 701 1588 762 1610; x_wconf 88' lang='lat' dir='ltr'><strong>ca-</strong></span> 
     </span>
     <span class='ocr_line' id='line_1_31' title="bbox 54 1618 762 1668; baseline 0.006 -16"><span class='ocrx_word' id='word_1_154' title='bbox 54 1618 188 1653; x_wconf 88' lang='lat' dir='ltr'><strong>stellum</strong></span> <span class='ocrx_word' id='word_1_155' title='bbox 215 1619 353 1653; x_wconf 91' lang='lat' dir='ltr'><strong>obsidet</strong></span> <span class='ocrx_word' id='word_1_156' title='bbox 378 1621 460 1661; x_wconf 88' lang='lat'><strong>708,</strong></span> <span class='ocrx_word' id='word_1_157' title='bbox 487 1622 541 1656; x_wconf 91' lang='lat'><strong>12.</strong></span> <span class='ocrx_word' id='word_1_158' title='bbox 575 1622 666 1668; x_wconf 89' lang='lat' dir='ltr'><strong>apud</strong></span> <span class='ocrx_word' id='word_1_159' title='bbox 692 1624 762 1656; x_wconf 89' lang='lat' dir='ltr'><strong>An-</strong></span> 
     </span>
     <span class='ocr_line' id='line_1_32' title="bbox 53 1667 762 1703; baseline 0.006 -4"><span class='ocrx_word' id='word_1_160' title='bbox 53 1677 131 1700; x_wconf 88' lang='lat' dir='ltr'><strong>nam</strong></span> <span class='ocrx_word' id='word_1_161' title='bbox 170 1670 350 1700; x_wconf 81' lang='lat' dir='ltr'><strong>accusatus</strong></span> <span class='ocrx_word' id='word_1_162' title='bbox 380 1667 424 1700; x_wconf 88' lang='lat' dir='ltr'><strong>ab</strong></span> <span class='ocrx_word' id='word_1_163' title='bbox 456 1667 582 1702; x_wconf 87' lang='lat' dir='ltr'><strong>Ioanne</strong></span> <span class='ocrx_word' id='word_1_164' title='bbox 625 1669 762 1703; x_wconf 81' lang='lat' dir='ltr'><strong>Gabala</strong></span> 
     </span>
     <span class='ocr_line' id='line_1_33' title="bbox 54 1713 761 1760; baseline 0.001 -12"><span class='ocrx_word' id='word_1_165' title='bbox 54 1714 136 1753; x_wconf 88' lang='grc'><strong>710,</strong></span> <span class='ocrx_word' id='word_1_166' title='bbox 170 1715 225 1749; x_wconf 88' lang='grc'><strong>17.</strong></span> <span class='ocrx_word' id='word_1_167' title='bbox 259 1713 463 1757; x_wconf 83' lang='lat' dir='ltr'><strong>Byzantium</strong></span> <span class='ocrx_word' id='word_1_168' title='bbox 493 1715 605 1749; x_wconf 83' lang='lat' dir='ltr'><strong>redit:</strong></span> <span class='ocrx_word' id='word_1_169' title='bbox 639 1717 761 1760; x_wconf 78' lang='lat' dir='ltr'><strong>Angu-</strong></span> 
     </span>
     <span class='ocr_line' id='line_1_34' title="bbox 55 1760 760 1804; baseline 0.009 -12"><span class='ocrx_word' id='word_1_170' title='bbox 55 1763 143 1793; x_wconf 87' lang='lat' dir='ltr'><strong>stam</strong></span> <span class='ocrx_word' id='word_1_171' title='bbox 155 1761 293 1804; x_wconf 77' lang='lat' dir='ltr'><strong>placat:</strong></span> <span class='ocrx_word' id='word_1_172' title='bbox 316 1760 411 1793; x_wconf 90' lang='lat' dir='ltr'><strong>urbis</strong></span> <span class='ocrx_word' id='word_1_173' title='bbox 428 1772 539 1795; x_wconf 89' lang='lat' dir='ltr'><strong>muros</strong></span> <span class='ocrx_word' id='word_1_174' title='bbox 549 1762 662 1796; x_wconf 85' lang='lat' dir='ltr'><strong>reficit</strong></span> <span class='ocrx_word' id='word_1_175' title='bbox 681 1765 760 1804; x_wconf 90' lang='lat'><strong>711,</strong></span> 
     </span>
     <span class='ocr_line' id='line_1_35' title="bbox 53 1805 763 1850; baseline 0.003 -9"><span class='ocrx_word' id='word_1_176' title='bbox 53 1807 89 1842; x_wconf 89' lang='lat'><strong>3.</strong></span> <span class='ocrx_word' id='word_1_177' title='bbox 122 1805 301 1840; x_wconf 86' lang='lat' dir='ltr'><strong>intestinos</strong></span> <span class='ocrx_word' id='word_1_178' title='bbox 332 1805 440 1850; x_wconf 87' lang='lat' dir='ltr'><strong>plebis</strong></span> <span class='ocrx_word' id='word_1_179' title='bbox 471 1815 582 1842; x_wconf 86' lang='lat' dir='ltr'><strong>motus</strong></span> <span class='ocrx_word' id='word_1_180' title='bbox 618 1814 763 1843; x_wconf 88' lang='lat' dir='ltr'><strong>veretur</strong></span> 
     </span>
     <span class='ocr_line' id='line_1_36' title="bbox 53 1853 760 1899; baseline 0.003 -11"><span class='ocrx_word' id='word_1_181' title='bbox 53 1854 134 1890; x_wconf 89' lang='grc'><strong>727,</strong></span> <span class='ocrx_word' id='word_1_182' title='bbox 157 1854 210 1888; x_wconf 85' lang='grc'><strong>12.</strong></span> <span class='ocrx_word' id='word_1_183' title='bbox 235 1853 396 1896; x_wconf 76' lang='lat' dir='ltr'><strong>quand0,</strong></span> <span class='ocrx_word' id='word_1_184' title='bbox 420 1854 502 1895; x_wconf 93' lang='lat' dir='ltr'><strong>ubi,</strong></span> <span class='ocrx_word' id='word_1_185' title='bbox 535 1859 572 1889; x_wconf 85' lang='lat' dir='ltr'><strong>et</strong></span> <span class='ocrx_word' id='word_1_186' title='bbox 595 1866 616 1888; x_wconf 84' lang='lat' dir='ltr'><strong>a</strong></span> <span class='ocrx_word' id='word_1_187' title='bbox 637 1855 760 1899; x_wconf 88' lang='lat' dir='ltr'><strong>quibus</strong></span> 
     </span>
     <span class='ocr_line' id='line_1_37' title="bbox 53 1898 762 1948; baseline 0.003 -14"><span class='ocrx_word' id='word_1_188' title='bbox 53 1911 175 1934; x_wconf 87' lang='lat' dir='ltr'><strong>caesus</strong></span> <span class='ocrx_word' id='word_1_189' title='bbox 201 1901 281 1941; x_wconf 83' lang='lat'><strong>729,</strong></span> <span class='ocrx_word' id='word_1_190' title='bbox 308 1898 364 1934; x_wconf 86' lang='lat'><strong>14.</strong></span> <span class='ocrx_word' id='word_1_191' title='bbox 395 1900 574 1944; x_wconf 76' lang='lat' dir='ltr'><strong>anxietas,</strong></span> <span class='ocrx_word' id='word_1_192' title='bbox 611 1903 762 1948; x_wconf 87' lang='lat' dir='ltr'><strong>stipato-</strong></span> 
     </span>
     <span class='ocr_line' id='line_1_38' title="bbox 54 1945 761 1990; baseline 0.006 -10"><span class='ocrx_word' id='word_1_193' title='bbox 54 1957 130 1988; x_wconf 86' lang='lat' dir='ltr'><strong>res,</strong></span> <span class='ocrx_word' id='word_1_194' title='bbox 167 1945 392 1980; x_wconf 78' lang='lat' dir='ltr'><strong>immoderata</strong></span> <span class='ocrx_word' id='word_1_195' title='bbox 419 1948 559 1981; x_wconf 88' lang='lat' dir='ltr'><strong>ambitio</strong></span> <span class='ocrx_word' id='word_1_196' title='bbox 595 1950 676 1990; x_wconf 85' lang='lat'><strong>729,</strong></span> <span class='ocrx_word' id='word_1_197' title='bbox 701 1951 761 1985; x_wconf 87' lang='grc'><strong>21.</strong></span> 
     </span>
     <span class='ocr_line' id='line_1_39' title="bbox 54 1993 761 2041; baseline 0.003 -13"><span class='ocrx_word' id='word_1_198' title='bbox 54 2004 175 2028; x_wconf 83' lang='lat' dir='ltr'><strong>carcer</strong></span> <span class='ocrx_word' id='word_1_199' title='bbox 196 1993 240 2027; x_wconf 91' lang='lat' dir='ltr'><strong>ab</strong></span> <span class='ocrx_word' id='word_1_200' title='bbox 253 2005 293 2027; x_wconf 95' lang='lat' dir='ltr'><strong>eo</strong></span> <span class='ocrx_word' id='word_1_201' title='bbox 306 1993 507 2034; x_wconf 83' lang='lat' dir='ltr'><strong>aedificatus</strong></span> <span class='ocrx_word' id='word_1_202' title='bbox 525 1996 604 2037; x_wconf 87' lang='grc'><strong>730,</strong></span> <span class='ocrx_word' id='word_1_203' title='bbox 614 1997 648 2031; x_wconf 87' lang='grc'><strong>9.</strong></span> <span class='ocrx_word' id='word_1_204' title='bbox 665 1997 761 2041; x_wconf 88' lang='lat' dir='ltr'><strong>Apo—</strong></span> 
     </span>
     <span class='ocr_line' id='line_1_40' title="bbox 55 2039 761 2087; baseline 0.006 -14"><span class='ocrx_word' id='word_1_205' title='bbox 55 2050 181 2074; x_wconf 87' lang='lat' dir='ltr'><strong>caucus</strong></span> <span class='ocrx_word' id='word_1_206' title='bbox 209 2039 428 2084; x_wconf 78' lang='lat' dir='ltr'><strong>imprudens,</strong></span> <span class='ocrx_word' id='word_1_207' title='bbox 471 2041 697 2087; x_wconf 85' lang='lat' dir='ltr'><strong>stipatoribus</strong></span> <span class='ocrx_word' id='word_1_208' title='bbox 723 2043 761 2077; x_wconf 91' lang='lat' dir='ltr'><strong>in</strong></span> 
     </span>
     <span class='ocr_line' id='line_1_41' title="bbox 55 2086 759 2132; baseline 0.006 -13"><span class='ocrx_word' id='word_1_209' title='bbox 55 2086 146 2120; x_wconf 86' lang='lat' dir='ltr'><strong>atrio</strong></span> <span class='ocrx_word' id='word_1_210' title='bbox 172 2086 304 2120; x_wconf 86' lang='lat' dir='ltr'><strong>relictis</strong></span> <span class='ocrx_word' id='word_1_211' title='bbox 332 2098 447 2120; x_wconf 86' lang='lat' dir='ltr'><strong>arcem</strong></span> <span class='ocrx_word' id='word_1_212' title='bbox 476 2087 654 2131; x_wconf 72' lang='lat' dir='ltr'><strong>ingressus</strong></span> <span class='ocrx_word' id='word_1_213' title='bbox 678 2090 759 2132; x_wconf 89' lang='lat'><strong>731,</strong></span> 
     </span>
     <span class='ocr_line' id='line_1_42' title="bbox 57 2132 760 2170; baseline 0.006 -4"><span class='ocrx_word' id='word_1_214' title='bbox 57 2133 113 2167; x_wconf 91' lang='lat'><strong>12.</strong></span> <span class='ocrx_word' id='word_1_215' title='bbox 137 2143 158 2166; x_wconf 90' lang='lat' dir='ltr'><strong>a</strong></span> <span class='ocrx_word' id='word_1_216' title='bbox 184 2132 296 2167; x_wconf 73' lang='lat' dir='ltr'><strong>Rat&#39;ile</strong></span> <span class='ocrx_word' id='word_1_217' title='bbox 313 2137 348 2167; x_wconf 89' lang='lat' dir='ltr'><strong>et</strong></span> <span class='ocrx_word' id='word_1_218' title='bbox 365 2133 442 2167; x_wconf 88' lang='lat' dir='ltr'><strong>aliis</strong></span> <span class='ocrx_word' id='word_1_219' title='bbox 462 2135 633 2169; x_wconf 88' lang='lat' dir='ltr'><strong>nobilibus</strong></span> <span class='ocrx_word' id='word_1_220' title='bbox 651 2135 760 2170; x_wconf 89' lang='lat' dir='ltr'><strong>inter-</strong></span> 
     </span>
     <span class='ocr_line' id='line_1_43' title="bbox 54 2178 760 2227; baseline 0.004 -14"><span class='ocrx_word' id='word_1_221' title='bbox 54 2178 174 2213; x_wconf 87' lang='lat' dir='ltr'><strong>imitur</strong></span> <span class='ocrx_word' id='word_1_222' title='bbox 211 2180 300 2221; x_wconf 88' lang='grc'><strong>732,</strong></span> <span class='ocrx_word' id='word_1_223' title='bbox 345 2181 379 2215; x_wconf 96' lang='grc'><strong>8.</strong></span> <span class='ocrx_word' id='word_1_224' title='bbox 416 2180 615 2227; x_wconf 86' lang='lat' dir='ltr'><strong>interempti</strong></span> <span class='ocrx_word' id='word_1_225' title='bbox 655 2186 760 2227; x_wconf 87' lang='lat' dir='ltr'><strong>caput</strong></span> 
     </span>
     <span class='ocr_line' id='line_1_44' title="bbox 54 2226 762 2273; baseline 0.006 -14"><span class='ocrx_word' id='word_1_226' title='bbox 54 2226 243 2260; x_wconf 84' lang='lat' dir='ltr'><strong>abscissum</strong></span> <span class='ocrx_word' id='word_1_227' title='bbox 273 2237 399 2261; x_wconf 88' lang='lat' dir='ltr'><strong>summo</strong></span> <span class='ocrx_word' id='word_1_228' title='bbox 426 2228 512 2261; x_wconf 87' lang='lat' dir='ltr'><strong>muri</strong></span> <span class='ocrx_word' id='word_1_229' title='bbox 532 2228 672 2273; x_wconf 83' lang='lat' dir='ltr'><strong>fastigio</strong></span> <span class='ocrx_word' id='word_1_230' title='bbox 697 2229 762 2263; x_wconf 91' lang='lat' dir='ltr'><strong>im-</strong></span> 
     </span>
     <span class='ocr_line' id='line_1_45' title="bbox 53 2272 762 2319; baseline 0.003 -13"><span class='ocrx_word' id='word_1_231' title='bbox 53 2272 195 2318; x_wconf 86' lang='lat' dir='ltr'><strong>ponitur</strong></span> <span class='ocrx_word' id='word_1_232' title='bbox 227 2272 309 2314; x_wconf 74' lang='lat'><strong>734,</strong></span> <span class='ocrx_word' id='word_1_233' title='bbox 337 2273 370 2309; x_wconf 90' lang='grc'><strong>5.</strong></span> <span class='ocrx_word' id='word_1_234' title='bbox 405 2274 581 2319; x_wconf 90' lang='lat' dir='ltr'><strong>Apocauci</strong></span> <span class='ocrx_word' id='word_1_235' title='bbox 614 2275 762 2308; x_wconf 85' lang='lat' dir='ltr'><strong>avaritia</strong></span> 
     </span>
     <span class='ocr_line' id='line_1_46' title="bbox 55 2315 762 2362; baseline 0 -7"><span class='ocrx_word' id='word_1_236' title='bbox 55 2320 137 2361; x_wconf 89' lang='lat'><strong>789,</strong></span> <span class='ocrx_word' id='word_1_237' title='bbox 166 2315 222 2354; x_wconf 83' lang='lat'><strong>14.</strong></span> <span class='ocrx_word' id='word_1_238' title='bbox 256 2319 332 2354; x_wconf 87' lang='lat' dir='ltr'><strong>eius</strong></span> <span class='ocrx_word' id='word_1_239' title='bbox 362 2319 464 2354; x_wconf 86' lang='lat' dir='ltr'><strong>liberi</strong></span> <span class='ocrx_word' id='word_1_240' title='bbox 488 2327 561 2356; x_wconf 85' lang='lat' dir='ltr'><strong>tres</strong></span> <span class='ocrx_word' id='word_1_241' title='bbox 589 2323 691 2362; x_wconf 88' lang='lat'><strong>1278,</strong></span> <span class='ocrx_word' id='word_1_242' title='bbox 726 2322 762 2356; x_wconf 88' lang='grc'><strong>3.</strong></span> 
     </span>
     <span class='ocr_line' id='line_1_47' title="bbox 54 2365 762 2410; baseline 0.004 -11"><span class='ocrx_word' id='word_1_243' title='bbox 54 2365 167 2409; x_wconf 83' lang='lat' dir='ltr'><strong>imago</strong></span> <span class='ocrx_word' id='word_1_244' title='bbox 205 2367 309 2402; x_wconf 86' lang='lat'><strong>1256.</strong></span> <span class='ocrx_word' id='word_1_245' title='bbox 340 2367 443 2410; x_wconf 89' lang='lat'><strong>1256,</strong></span> <span class='ocrx_word' id='word_1_246' title='bbox 473 2366 532 2405; x_wconf 88' lang='lat'><strong>24.</strong></span> <span class='ocrx_word' id='word_1_247' title='bbox 571 2368 762 2403; x_wconf 84' lang='lat' dir='ltr'><strong>medicinae</strong></span> 
     </span>
     <span class='ocr_line' id='line_1_48' title="bbox 55 2411 408 2454; baseline 0.011 -9"><span class='ocrx_word' id='word_1_248' title='bbox 55 2411 203 2446; x_wconf 87' lang='lat' dir='ltr'><strong>studium</strong></span> <span class='ocrx_word' id='word_1_249' title='bbox 228 2414 331 2454; x_wconf 86' lang='lat'><strong>1256,</strong></span> <span class='ocrx_word' id='word_1_250' title='bbox 349 2412 408 2449; x_wconf 86' lang='lat'><strong>24.</strong></span> 
     </span>
    </p>

    <p class='ocr_par' dir='ltr' id='par_1_3' title="bbox 8 2457 760 2735">
     <span class='ocr_line' id='line_1_49' title="bbox 8 2457 760 2506; baseline 0.004 -15"><span class='ocrx_word' id='word_1_251' title='bbox 8 2457 183 2504; x_wconf 84' lang='lat' dir='ltr'><strong>Apocauci</strong></span> <span class='ocrx_word' id='word_1_252' title='bbox 209 2458 300 2493; x_wconf 88' lang='lat' dir='ltr'><strong>filius</strong></span> <span class='ocrx_word' id='word_1_253' title='bbox 325 2459 599 2494; x_wconf 84' lang='lat' dir='ltr'><strong>Thessalonicae</strong></span> <span class='ocrx_word' id='word_1_254' title='bbox 630 2459 760 2506; x_wconf 87' lang='lat' dir='ltr'><strong>praefi-</strong></span> 
     </span>
     <span class='ocr_line' id='line_1_50' title="bbox 55 2504 760 2546; baseline 0.001 -7"><span class='ocrx_word' id='word_1_255' title='bbox 55 2505 167 2546; x_wconf 89' lang='lat' dir='ltr'><strong>citur,</strong></span> <span class='ocrx_word' id='word_1_256' title='bbox 198 2504 235 2538; x_wconf 84' lang='lat' dir='ltr'><strong>in</strong></span> <span class='ocrx_word' id='word_1_257' title='bbox 261 2506 430 2540; x_wconf 85' lang='lat' dir='ltr'><strong>Batatzae</strong></span> <span class='ocrx_word' id='word_1_258' title='bbox 452 2507 560 2541; x_wconf 87' lang='lat' dir='ltr'><strong>locum</strong></span> <span class='ocrx_word' id='word_1_259' title='bbox 592 2506 760 2540; x_wconf 80' lang='lat' dir='ltr'><strong>suffectus</strong></span> 
     </span>
     <span class='ocr_line' id='line_1_51' title="bbox 54 2549 760 2598; baseline 0 -12"><span class='ocrx_word' id='word_1_260' title='bbox 54 2549 136 2593; x_wconf 88' lang='grc'><strong>741,</strong></span> <span class='ocrx_word' id='word_1_261' title='bbox 160 2552 215 2587; x_wconf 88' lang='grc'><strong>13.</strong></span> <span class='ocrx_word' id='word_1_262' title='bbox 249 2557 382 2587; x_wconf 89' lang='lat' dir='ltr'><strong>mortuo</strong></span> <span class='ocrx_word' id='word_1_263' title='bbox 407 2559 508 2598; x_wconf 90' lang='lat' dir='ltr'><strong>patre</strong></span> <span class='ocrx_word' id='word_1_264' title='bbox 534 2552 760 2587; x_wconf 85' lang='lat' dir='ltr'><strong>Thessaloni-</strong></span> 
     </span>
     <span class='ocr_line' id='line_1_52' title="bbox 56 2597 758 2634; baseline 0 -2"><span class='ocrx_word' id='word_1_265' title='bbox 56 2609 130 2632; x_wconf 86' lang='lat' dir='ltr'><strong>cam</strong></span> <span class='ocrx_word' id='word_1_266' title='bbox 166 2597 305 2632; x_wconf 88' lang='lat' dir='ltr'><strong>tradere</strong></span> <span class='ocrx_word' id='word_1_267' title='bbox 332 2599 577 2634; x_wconf 85' lang='lat' dir='ltr'><strong>Cantacuzeno</strong></span> <span class='ocrx_word' id='word_1_268' title='bbox 615 2598 758 2633; x_wconf 85' lang='lat' dir='ltr'><strong>statuit:</strong></span> 
     </span>
     <span class='ocr_line' id='line_1_53' title="bbox 53 2645 759 2692; baseline 0.001 -14"><span class='ocrx_word' id='word_1_269' title='bbox 53 2655 167 2678; x_wconf 82' lang='lat' dir='ltr'><strong>arcem</strong></span> <span class='ocrx_word' id='word_1_270' title='bbox 196 2649 365 2690; x_wconf 81' lang='lat' dir='ltr'><strong>occupat:</strong></span> <span class='ocrx_word' id='word_1_271' title='bbox 398 2645 527 2692; x_wconf 88' lang='lat' dir='ltr'><strong>impetu</strong></span> <span class='ocrx_word' id='word_1_272' title='bbox 556 2646 668 2692; x_wconf 87' lang='lat' dir='ltr'><strong>plebis</strong></span> <span class='ocrx_word' id='word_1_273' title='bbox 696 2657 759 2691; x_wconf 83' lang='lat' dir='ltr'><strong>op-</strong></span> 
     </span>
     <span class='ocr_line' id='line_1_54' title="bbox 54 2690 391 2735; baseline 0.012 -12"><span class='ocrx_word' id='word_1_274' title='bbox 54 2690 214 2735; x_wconf 85' lang='lat' dir='ltr'><strong>primitur</strong></span> <span class='ocrx_word' id='word_1_275' title='bbox 231 2692 312 2733; x_wconf 88' lang='lat'><strong>740,</strong></span> <span class='ocrx_word' id='word_1_276' title='bbox 337 2694 391 2727; x_wconf 87' lang='lat'><strong>10.</strong></span> 
     </span>
    </p>

    <p class='ocr_par' dir='ltr' id='par_1_4' title="bbox 8 2731 760 2872">
     <span class='ocr_line' id='line_1_55' title="bbox 8 2731 760 2785; baseline -0.001 -13"><span class='ocrx_word' id='word_1_277' title='bbox 8 2736 187 2782; x_wconf 87' lang='lat' dir='ltr'><strong>Apocauci</strong></span> <span class='ocrx_word' id='word_1_278' title='bbox 210 2736 278 2770; x_wconf 89' lang='lat' dir='ltr'><strong>filia</strong></span> <span class='ocrx_word' id='word_1_279' title='bbox 292 2763 301 2777; x_wconf 91' lang='lat'>‚</span> <span class='ocrx_word' id='word_1_280' title='bbox 333 2741 440 2784; x_wconf 86' lang='lat' dir='ltr'><strong>nupta</strong></span> <span class='ocrx_word' id='word_1_281' title='bbox 460 2738 603 2785; x_wconf 88' lang='lat' dir='ltr'><strong>primum</strong></span> <span class='ocrx_word' id='word_1_282' title='bbox 623 2731 760 2772; x_wconf 83' lang='lat' dir='ltr'><strong>Andro-</strong></span> 
     </span>
     <span class='ocr_line' id='line_1_56' title="bbox 56 2783 759 2830; baseline 0.004 -14"><span class='ocrx_word' id='word_1_283' title='bbox 56 2783 133 2816; x_wconf 88' lang='lat' dir='ltr'><strong>nico</strong></span> <span class='ocrx_word' id='word_1_284' title='bbox 159 2783 367 2830; x_wconf 86' lang='lat' dir='ltr'><strong>Palaeologo</strong></span> <span class='ocrx_word' id='word_1_285' title='bbox 382 2810 394 2828; x_wconf 93' lang='lat'><strong>,</strong></span> <span class='ocrx_word' id='word_1_286' title='bbox 428 2785 546 2820; x_wconf 85' lang='lat' dir='ltr'><strong>Ioanni</strong></span> <span class='ocrx_word' id='word_1_287' title='bbox 572 2784 677 2819; x_wconf 88' lang='lat' dir='ltr'><strong>Asani</strong></span> <span class='ocrx_word' id='word_1_288' title='bbox 696 2796 759 2819; x_wconf 92' lang='lat' dir='ltr'><strong>nu-</strong></span> 
     </span>
     <span class='ocr_line' id='line_1_57' title="bbox 55 2828 261 2872; baseline 0.005 -10"><span class='ocrx_word' id='word_1_289' title='bbox 55 2828 107 2863; x_wconf 92' lang='lat' dir='ltr'><strong>bit</strong></span> <span class='ocrx_word' id='word_1_290' title='bbox 125 2830 208 2872; x_wconf 89' lang='lat'><strong>797,</strong></span> <span class='ocrx_word' id='word_1_291' title='bbox 228 2831 261 2865; x_wconf 92' lang='lat'><strong>7.</strong></span> 
     </span>
    </p>
   </div>
   <div class='ocr_carea' id='block_1_3' title="bbox 1431 158 1558 207">
    <p class='ocr_par' dir='ltr' id='par_1_5' title="bbox 1431 158 1558 207">
     <span class='ocr_line' id='line_1_58' title="bbox 1431 158 1558 207; baseline 0.008 -3"><span class='ocrx_word' id='word_1_292' title='bbox 1431 158 1558 207; x_wconf 84' lang='lat'><strong>1331</strong></span> 
     </span>
    </p>
   </div>
   <div class='ocr_carea' id='block_1_4' title="bbox 804 265 1563 2039">
    <p class='ocr_par' dir='ltr' id='par_1_6' title="bbox 809 265 1205 314">
     <span class='ocr_line' id='line_1_59' title="bbox 809 265 1205 314; baseline -0.005 -9"><span class='ocrx_word' id='word_1_293' title='bbox 809 265 1008 314; x_wconf 78' lang='grc' dir='ltr'><strong>Ἀπόγονος</strong></span> <span class='ocrx_word' id='word_1_294' title='bbox 1029 269 1130 310; x_wconf 89' lang='grc'><strong>1177,</strong></span> <span class='ocrx_word' id='word_1_295' title='bbox 1148 266 1205 304; x_wconf 88' lang='grc'><strong>42.</strong></span> 
     </span>
    </p>

    <p class='ocr_par' dir='ltr' id='par_1_7' title="bbox 809 313 1470 361">
     <span class='ocr_line' id='line_1_60' title="bbox 809 313 1470 361; baseline 0.002 -10"><span class='ocrx_word' id='word_1_296' title='bbox 809 313 1077 361; x_wconf 70' lang='grc' dir='ltr'><strong><em>Ἀπογραφικαὶ</em></strong></span> <span class='ocrx_word' id='word_1_297' title='bbox 1091 314 1269 360; x_wconf 80' lang='grc' dir='ltr'><strong><em>ἐμπορίαι</em></strong></span> <span class='ocrx_word' id='word_1_298' title='bbox 1291 316 1393 357; x_wconf 87' lang='grc'><strong>1278,</strong></span> <span class='ocrx_word' id='word_1_299' title='bbox 1411 317 1470 352; x_wconf 90' lang='grc'><strong>28.</strong></span> 
     </span>
    </p>

    <p class='ocr_par' dir='ltr' id='par_1_8' title="bbox 811 362 1422 409">
     <span class='ocr_line' id='line_1_61' title="bbox 811 362 1422 409; baseline 0.003 -11"><span class='ocrx_word' id='word_1_300' title='bbox 811 365 1058 409; x_wconf 80' lang='lat' dir='ltr'><strong>Apographum</strong></span> <span class='ocrx_word' id='word_1_301' title='bbox 1081 362 1227 406; x_wconf 75' lang='lat' dir='ltr'><strong>Regium</strong></span> <span class='ocrx_word' id='word_1_302' title='bbox 1246 364 1348 405; x_wconf 86' lang='lat'><strong>1279,</strong></span> <span class='ocrx_word' id='word_1_303' title='bbox 1365 363 1422 400; x_wconf 83' lang='lat'><strong>39.</strong></span> 
     </span>
    </p>

    <p class='ocr_par' dir='ltr' id='par_1_9' title="bbox 805 407 1265 451">
     <span class='ocr_line' id='line_1_62' title="bbox 805 407 1265 451; baseline -0.004 -6"><span class='ocrx_word' id='word_1_304' title='bbox 805 407 1087 445; x_wconf 76' lang='grc' dir='ltr'><em>Ἀποδύσασθαι</em></span> <span class='ocrx_word' id='word_1_305' title='bbox 1111 410 1212 451; x_wconf 84' lang='grc'><strong>1255,</strong></span> <span class='ocrx_word' id='word_1_306' title='bbox 1231 410 1265 444; x_wconf 91' lang='grc'><strong>7.</strong></span> 
     </span>
    </p>

    <p class='ocr_par' dir='ltr' id='par_1_10' title="bbox 804 453 1412 501">
     <span class='ocr_line' id='line_1_63' title="bbox 804 453 1412 501; baseline -0.003 -9"><span class='ocrx_word' id='word_1_307' title='bbox 804 453 1016 501; x_wconf 72' lang='grc' dir='ltr'><strong>Ἆποχρέως.</strong></span> <span class='ocrx_word' id='word_1_308' title='bbox 1048 456 1138 490; x_wconf 89' lang='lat' dir='ltr'><strong>Vide</strong></span> <span class='ocrx_word' id='word_1_309' title='bbox 1153 457 1311 501; x_wconf 75' lang='lat' dir='ltr'><strong>geniales</strong></span> <span class='ocrx_word' id='word_1_310' title='bbox 1328 457 1412 491; x_wconf 81' lang='lat' dir='ltr'><strong>dies.</strong></span> 
     </span>
    </p>

    <p class='ocr_par' dir='ltr' id='par_1_11' title="bbox 809 502 1239 549">
     <span class='ocr_line' id='line_1_64' title="bbox 809 502 1239 549; baseline 0 -12"><span class='ocrx_word' id='word_1_311' title='bbox 809 504 1045 549; x_wconf 74' lang='lat' dir='ltr'><strong>Apollinarius</strong></span> <span class='ocrx_word' id='word_1_312' title='bbox 1061 502 1161 544; x_wconf 86' lang='lat'><strong>1142,</strong></span> <span class='ocrx_word' id='word_1_313' title='bbox 1183 504 1239 539; x_wconf 89' lang='grc'><strong>17.</strong></span> 
     </span>
    </p>

    <p class='ocr_par' dir='ltr' id='par_1_12' title="bbox 811 550 1168 594">
     <span class='ocr_line' id='line_1_65' title="bbox 811 550 1168 594; baseline -0.003 -9"><span class='ocrx_word' id='word_1_314' title='bbox 811 550 1012 594; x_wconf 84' lang='lat' dir='ltr'><strong>Apollonius</strong></span> <span class='ocrx_word' id='word_1_315' title='bbox 1030 551 1088 592; x_wconf 89' lang='grc'><strong>55,</strong></span> <span class='ocrx_word' id='word_1_316' title='bbox 1112 551 1168 586; x_wconf 91' lang='grc'><strong>16.</strong></span> 
     </span>
    </p>

    <p class='ocr_par' dir='ltr' id='par_1_13' title="bbox 810 594 1563 964">
     <span class='ocr_line' id='line_1_66' title="bbox 810 594 1561 643; baseline -0.001 -12"><span class='ocrx_word' id='word_1_317' title='bbox 810 597 1075 643; x_wconf 86' lang='lat' dir='ltr'><strong>Apophthegma</strong></span> <span class='ocrx_word' id='word_1_318' title='bbox 1099 595 1230 631; x_wconf 86' lang='lat' dir='ltr'><strong>veteris</strong></span> <span class='ocrx_word' id='word_1_319' title='bbox 1248 594 1415 641; x_wconf 85' lang='lat' dir='ltr'><strong>sapientis</strong></span> <span class='ocrx_word' id='word_1_320' title='bbox 1436 594 1481 630; x_wconf 88' lang='lat' dir='ltr'><strong>de</strong></span> <span class='ocrx_word' id='word_1_321' title='bbox 1507 607 1561 637; x_wconf 89' lang='lat' dir='ltr'><strong>eo,</strong></span> 
     </span>
     <span class='ocr_line' id='line_1_67' title="bbox 857 642 1563 688; baseline 0 -11"><span class='ocrx_word' id='word_1_322' title='bbox 857 644 919 688; x_wconf 83' lang='lat' dir='ltr'><strong>qui</strong></span> <span class='ocrx_word' id='word_1_323' title='bbox 938 644 992 677; x_wconf 90' lang='lat' dir='ltr'><strong>bis</strong></span> <span class='ocrx_word' id='word_1_324' title='bbox 1009 643 1151 687; x_wconf 77' lang='lat' dir='ltr'><strong>navigat</strong></span> <span class='ocrx_word' id='word_1_325' title='bbox 1168 644 1250 684; x_wconf 87' lang='lat'><strong>591,</strong></span> <span class='ocrx_word' id='word_1_326' title='bbox 1270 645 1303 677; x_wconf 91' lang='lat'><strong>1.</strong></span> <span class='ocrx_word' id='word_1_327' title='bbox 1327 642 1486 676; x_wconf 83' lang='lat' dir='ltr'><strong>Thaletis</strong></span> <span class='ocrx_word' id='word_1_328' title='bbox 1505 643 1563 677; x_wconf 84' lang='lat' dir='ltr'><strong>vel</strong></span> 
     </span>
     <span class='ocr_line' id='line_1_68' title="bbox 856 689 1562 734; baseline 0 -11"><span class='ocrx_word' id='word_1_329' title='bbox 856 690 1010 724; x_wconf 84' lang='lat' dir='ltr'><strong>Platonis</strong></span> <span class='ocrx_word' id='word_1_330' title='bbox 1035 690 1078 724; x_wconf 92' lang='lat' dir='ltr'><strong>de</strong></span> <span class='ocrx_word' id='word_1_331' title='bbox 1097 703 1149 731; x_wconf 90' lang='lat' dir='ltr'><strong>eo,</strong></span> <span class='ocrx_word' id='word_1_332' title='bbox 1175 689 1234 734; x_wconf 87' lang='lat' dir='ltr'><strong>qui</strong></span> <span class='ocrx_word' id='word_1_333' title='bbox 1256 693 1357 723; x_wconf 86' lang='lat' dir='ltr'><strong>natus</strong></span> <span class='ocrx_word' id='word_1_334' title='bbox 1378 689 1426 723; x_wconf 88' lang='lat' dir='ltr'><strong>sit</strong></span> <span class='ocrx_word' id='word_1_335' title='bbox 1445 690 1562 723; x_wconf 84' lang='lat' dir='ltr'><strong>Grae-</strong></span> 
     </span>
     <span class='ocr_line' id='line_1_69' title="bbox 859 734 1561 780; baseline -0.001 -10"><span class='ocrx_word' id='word_1_336' title='bbox 859 748 920 771; x_wconf 92' lang='lat' dir='ltr'><strong>cus</strong></span> <span class='ocrx_word' id='word_1_337' title='bbox 947 738 1029 780; x_wconf 84' lang='lat'><strong>383,</strong></span> <span class='ocrx_word' id='word_1_338' title='bbox 1061 739 1094 772; x_wconf 91' lang='grc'><strong>8.</strong></span> <span class='ocrx_word' id='word_1_339' title='bbox 1134 734 1372 770; x_wconf 84' lang='lat' dir='ltr'><strong>Cantacuzeni</strong></span> <span class='ocrx_word' id='word_1_340' title='bbox 1394 735 1438 770; x_wconf 89' lang='lat' dir='ltr'><strong>de</strong></span> <span class='ocrx_word' id='word_1_341' title='bbox 1462 735 1561 769; x_wconf 89' lang='lat' dir='ltr'><strong>modo</strong></span> 
     </span>
     <span class='ocr_line' id='line_1_70' title="bbox 857 781 1562 827; baseline -0.003 -10"><span class='ocrx_word' id='word_1_342' title='bbox 857 783 1028 817; x_wconf 83' lang='lat' dir='ltr'><strong>servando</strong></span> <span class='ocrx_word' id='word_1_343' title='bbox 1052 783 1132 824; x_wconf 83' lang='grc'><strong>432,</strong></span> <span class='ocrx_word' id='word_1_344' title='bbox 1153 785 1185 819; x_wconf 89' lang='grc'><strong>5.</strong></span> <span class='ocrx_word' id='word_1_345' title='bbox 1211 782 1303 826; x_wconf 79' lang='lat' dir='ltr'><strong>regis</strong></span> <span class='ocrx_word' id='word_1_346' title='bbox 1326 781 1494 827; x_wconf 79' lang='lat' dir='ltr'><strong>Aegyptii</strong></span> <span class='ocrx_word' id='word_1_347' title='bbox 1516 783 1562 816; x_wconf 87' lang='lat' dir='ltr'><strong>de</strong></span> 
     </span>
     <span class='ocr_line' id='line_1_71' title="bbox 857 827 1561 872; baseline -0.003 -8"><span class='ocrx_word' id='word_1_348' title='bbox 857 830 964 864; x_wconf 79' lang='lat' dir='ltr'><strong>amico</strong></span> <span class='ocrx_word' id='word_1_349' title='bbox 983 830 1027 864; x_wconf 86' lang='lat' dir='ltr'><strong>ad</strong></span> <span class='ocrx_word' id='word_1_350' title='bbox 1048 835 1233 863; x_wconf 82' lang='lat' dir='ltr'><strong>extremam</strong></span> <span class='ocrx_word' id='word_1_351' title='bbox 1252 827 1400 872; x_wconf 84' lang='lat' dir='ltr'><strong>inopiam</strong></span> <span class='ocrx_word' id='word_1_352' title='bbox 1418 829 1561 863; x_wconf 85' lang='lat' dir='ltr'><strong>redacto</strong></span> 
     </span>
     <span class='ocr_line' id='line_1_72' title="bbox 855 875 1561 919; baseline -0.003 -8"><span class='ocrx_word' id='word_1_353' title='bbox 855 875 937 918; x_wconf 87' lang='grc'><strong>445,</strong></span> <span class='ocrx_word' id='word_1_354' title='bbox 959 878 993 913; x_wconf 90' lang='grc'><strong>3.</strong></span> <span class='ocrx_word' id='word_1_355' title='bbox 1032 876 1119 910; x_wconf 89' lang='lat' dir='ltr'><strong>Vide</strong></span> <span class='ocrx_word' id='word_1_356' title='bbox 1149 881 1186 911; x_wconf 90' lang='lat' dir='ltr'><strong>et</strong></span> <span class='ocrx_word' id='word_1_357' title='bbox 1218 876 1454 919; x_wconf 82' lang='lat' dir='ltr'><strong>Anacharsis,</strong></span> <span class='ocrx_word' id='word_1_358' title='bbox 1483 876 1561 910; x_wconf 80' lang='lat' dir='ltr'><strong>Da-</strong></span> 
     </span>
     <span class='ocr_line' id='line_1_73' title="bbox 854 924 1082 964; baseline 0 -8"><span class='ocrx_word' id='word_1_359' title='bbox 854 924 949 964; x_wconf 79' lang='lat' dir='ltr'><strong>rius,</strong></span> <span class='ocrx_word' id='word_1_360' title='bbox 975 924 1082 957; x_wconf 82' lang='lat' dir='ltr'><strong>Zeno.</strong></span> 
     </span>
    </p>

    <p class='ocr_par' dir='ltr' id='par_1_14' title="bbox 807 968 1402 1015">
     <span class='ocr_line' id='line_1_74' title="bbox 807 968 1402 1015; baseline -0.002 -11"><span class='ocrx_word' id='word_1_361' title='bbox 807 970 874 1004; x_wconf 86' lang='lat' dir='ltr'><strong>SS.</strong></span> <span class='ocrx_word' id='word_1_362' title='bbox 899 969 1072 1015; x_wconf 88' lang='lat' dir='ltr'><strong>Apostoli.</strong></span> <span class='ocrx_word' id='word_1_363' title='bbox 1097 968 1188 1003; x_wconf 88' lang='lat' dir='ltr'><strong>Vide</strong></span> <span class='ocrx_word' id='word_1_364' title='bbox 1210 969 1402 1014; x_wconf 80' lang='lat' dir='ltr'><strong>Templum.</strong></span> 
     </span>
    </p>

    <p class='ocr_par' dir='ltr' id='par_1_15' title="bbox 808 1015 1201 1062">
     <span class='ocr_line' id='line_1_75' title="bbox 808 1015 1201 1062; baseline -0.003 -11"><span class='ocrx_word' id='word_1_365' title='bbox 808 1015 1007 1062; x_wconf 86' lang='lat' dir='ltr'><strong>Apostolius</strong></span> <span class='ocrx_word' id='word_1_366' title='bbox 1026 1016 1127 1056; x_wconf 88' lang='lat'><strong>1155,</strong></span> <span class='ocrx_word' id='word_1_367' title='bbox 1143 1016 1201 1051; x_wconf 89' lang='lat'><strong>39.</strong></span> 
     </span>
    </p>

    <p class='ocr_par' dir='ltr' id='par_1_16' title="bbox 807 1060 1393 1109">
     <span class='ocr_line' id='line_1_76' title="bbox 807 1060 1393 1109; baseline 0.002 -13"><span class='ocrx_word' id='word_1_368' title='bbox 807 1063 993 1109; x_wconf 87' lang='lat' dir='ltr'><strong>Appendix</strong></span> <span class='ocrx_word' id='word_1_369' title='bbox 1013 1062 1184 1096; x_wconf 89' lang='lat' dir='ltr'><strong>Vaticana</strong></span> <span class='ocrx_word' id='word_1_370' title='bbox 1203 1063 1304 1102; x_wconf 89' lang='lat'><strong>1153,</strong></span> <span class='ocrx_word' id='word_1_371' title='bbox 1325 1060 1393 1098; x_wconf 66' lang='lat'><strong>43:</strong></span> 
     </span>
    </p>

    <p class='ocr_par' dir='ltr' id='par_1_17' title="bbox 808 1107 1561 1244">
     <span class='ocr_line' id='line_1_77' title="bbox 808 1107 1561 1156; baseline -0.003 -11"><span class='ocrx_word' id='word_1_372' title='bbox 808 1109 895 1156; x_wconf 86' lang='lat' dir='ltr'><strong>Apri</strong></span> <span class='ocrx_word' id='word_1_373' title='bbox 920 1109 1115 1155; x_wconf 90' lang='lat' dir='ltr'><strong>oppidulum</strong></span> <span class='ocrx_word' id='word_1_374' title='bbox 1131 1110 1212 1150; x_wconf 86' lang='grc'><strong>229,</strong></span> <span class='ocrx_word' id='word_1_375' title='bbox 1223 1110 1257 1145; x_wconf 95' lang='grc'><strong>7.</strong></span> <span class='ocrx_word' id='word_1_376' title='bbox 1283 1107 1363 1151; x_wconf 88' lang='grc'><strong>244,</strong></span> <span class='ocrx_word' id='word_1_377' title='bbox 1385 1110 1441 1144; x_wconf 88' lang='grc'><strong>19.</strong></span> <span class='ocrx_word' id='word_1_378' title='bbox 1465 1108 1561 1143; x_wconf 85' lang='lat' dir='ltr'><strong>Urbs</strong></span> 
     </span>
     <span class='ocr_line' id='line_1_78' title="bbox 855 1154 1561 1202; baseline 0 -11"><span class='ocrx_word' id='word_1_379' title='bbox 855 1154 936 1197; x_wconf 87' lang='grc'><strong>248,</strong></span> <span class='ocrx_word' id='word_1_380' title='bbox 958 1158 1012 1192; x_wconf 88' lang='grc'><strong>13.</strong></span> <span class='ocrx_word' id='word_1_381' title='bbox 1039 1155 1206 1202; x_wconf 85' lang='lat' dir='ltr'><strong>praelium</strong></span> <span class='ocrx_word' id='word_1_382' title='bbox 1227 1155 1271 1189; x_wconf 92' lang='lat' dir='ltr'><strong>ad</strong></span> <span class='ocrx_word' id='word_1_383' title='bbox 1299 1156 1412 1201; x_wconf 85' lang='lat' dir='ltr'><strong>Apros</strong></span> <span class='ocrx_word' id='word_1_384' title='bbox 1431 1156 1512 1197; x_wconf 86' lang='lat'><strong>299,</strong></span> <span class='ocrx_word' id='word_1_385' title='bbox 1527 1157 1561 1191; x_wconf 94' lang='grc'><strong>7.</strong></span> 
     </span>
     <span class='ocr_line' id='line_1_79' title="bbox 855 1201 1017 1244; baseline -0.006 -6"><span class='ocrx_word' id='word_1_386' title='bbox 855 1201 938 1244; x_wconf 86' lang='grc'><strong>244,</strong></span> <span class='ocrx_word' id='word_1_387' title='bbox 962 1204 1017 1238; x_wconf 91' lang='grc'><strong>19.</strong></span> 
     </span>
    </p>

    <p class='ocr_par' dir='ltr' id='par_1_18' title="bbox 808 1247 1559 1386">
     <span class='ocr_line' id='line_1_80' title="bbox 808 1247 1559 1290; baseline -0.004 -5"><span class='ocrx_word' id='word_1_388' title='bbox 808 1249 942 1285; x_wconf 85' lang='lat' dir='ltr'><strong>Arabes</strong></span> <span class='ocrx_word' id='word_1_389' title='bbox 959 1250 1017 1290; x_wconf 86' lang='lat'><strong>38,</strong></span> <span class='ocrx_word' id='word_1_390' title='bbox 1035 1250 1091 1283; x_wconf 91' lang='lat'><strong>11.</strong></span> <span class='ocrx_word' id='word_1_391' title='bbox 1124 1247 1182 1290; x_wconf 87' lang='lat'><strong>41,</strong></span> <span class='ocrx_word' id='word_1_392' title='bbox 1202 1248 1236 1283; x_wconf 90' lang='lat'><strong>2.</strong></span> <span class='ocrx_word' id='word_1_393' title='bbox 1261 1248 1318 1288; x_wconf 87' lang='lat'><strong>81,</strong></span> <span class='ocrx_word' id='word_1_394' title='bbox 1339 1249 1397 1284; x_wconf 91' lang='grc'><strong>20.</strong></span> <span class='ocrx_word' id='word_1_395' title='bbox 1425 1248 1503 1289; x_wconf 86' lang='grc'><strong>103,</strong></span> <span class='ocrx_word' id='word_1_396' title='bbox 1527 1249 1559 1284; x_wconf 89' lang='lat'><strong>7.</strong></span> 
     </span>
     <span class='ocr_line' id='line_1_81' title="bbox 857 1294 1559 1338; baseline 0 -8"><span class='ocrx_word' id='word_1_397' title='bbox 857 1295 1028 1330; x_wconf 84' lang='lat' dir='ltr'><strong>obsistunt</strong></span> <span class='ocrx_word' id='word_1_398' title='bbox 1047 1295 1182 1335; x_wconf 82' lang='lat' dir='ltr'><strong>Gallis,</strong></span> <span class='ocrx_word' id='word_1_399' title='bbox 1218 1294 1355 1338; x_wconf 86' lang='lat' dir='ltr'><strong>Syriam</strong></span> <span class='ocrx_word' id='word_1_400' title='bbox 1383 1301 1418 1329; x_wconf 89' lang='lat' dir='ltr'><strong>et</strong></span> <span class='ocrx_word' id='word_1_401' title='bbox 1445 1294 1559 1330; x_wconf 88' lang='lat' dir='ltr'><strong>Phoe-</strong></span> 
     </span>
     <span class='ocr_line' id='line_1_82' title="bbox 855 1341 1381 1386; baseline 0.002 -10"><span class='ocrx_word' id='word_1_402' title='bbox 855 1343 980 1376; x_wconf 88' lang='lat' dir='ltr'><strong>niciam</strong></span> <span class='ocrx_word' id='word_1_403' title='bbox 999 1341 1206 1386; x_wconf 80' lang='lat' dir='ltr'><strong>ingressuris</strong></span> <span class='ocrx_word' id='word_1_404' title='bbox 1228 1343 1307 1382; x_wconf 88' lang='lat'><strong>105,</strong></span> <span class='ocrx_word' id='word_1_405' title='bbox 1325 1342 1381 1377; x_wconf 86' lang='lat'><strong>18.</strong></span> 
     </span>
    </p>

    <p class='ocr_par' dir='ltr' id='par_1_19' title="bbox 809 1388 1314 1433">
     <span class='ocr_line' id='line_1_83' title="bbox 809 1388 1314 1433; baseline -0.006 -9"><span class='ocrx_word' id='word_1_406' title='bbox 809 1390 942 1424; x_wconf 86' lang='lat' dir='ltr'><strong>Arabes</strong></span> <span class='ocrx_word' id='word_1_407' title='bbox 970 1388 1134 1433; x_wconf 84' lang='lat' dir='ltr'><strong>Aegyptii</strong></span> <span class='ocrx_word' id='word_1_408' title='bbox 1162 1390 1238 1428; x_wconf 88' lang='lat'><strong>106,</strong></span> <span class='ocrx_word' id='word_1_409' title='bbox 1256 1389 1314 1423; x_wconf 85' lang='lat'><strong>23.</strong></span> 
     </span>
    </p>

    <p class='ocr_par' dir='ltr' id='par_1_20' title="bbox 808 1435 1258 1475">
     <span class='ocr_line' id='line_1_84' title="bbox 808 1435 1258 1475; baseline -0.002 -4"><span class='ocrx_word' id='word_1_410' title='bbox 808 1435 978 1471; x_wconf 87' lang='lat' dir='ltr'><strong>Arabicus</strong></span> <span class='ocrx_word' id='word_1_411' title='bbox 998 1435 1095 1468; x_wconf 81' lang='lat' dir='ltr'><strong>sinus</strong></span> <span class='ocrx_word' id='word_1_412' title='bbox 1121 1436 1198 1475; x_wconf 90' lang='grc'><strong>107,</strong></span> <span class='ocrx_word' id='word_1_413' title='bbox 1224 1436 1258 1470; x_wconf 90' lang='grc'><strong>6.</strong></span> 
     </span>
    </p>

    <p class='ocr_par' dir='ltr' id='par_1_21' title="bbox 808 1479 1352 1522">
     <span class='ocr_line' id='line_1_85' title="bbox 808 1479 1352 1522; baseline -0.002 -5"><span class='ocrx_word' id='word_1_414' title='bbox 808 1482 938 1517; x_wconf 85' lang='lat' dir='ltr'><strong>Arabia</strong></span> <span class='ocrx_word' id='word_1_415' title='bbox 956 1483 1013 1522; x_wconf 87' lang='lat'><strong>81,</strong></span> <span class='ocrx_word' id='word_1_416' title='bbox 1035 1482 1089 1516; x_wconf 89' lang='lat'><strong>16.</strong></span> <span class='ocrx_word' id='word_1_417' title='bbox 1112 1481 1198 1515; x_wconf 85' lang='lat' dir='ltr'><strong>felix</strong></span> <span class='ocrx_word' id='word_1_418' title='bbox 1217 1482 1296 1522; x_wconf 88' lang='lat'><strong>107,</strong></span> <span class='ocrx_word' id='word_1_419' title='bbox 1316 1479 1352 1516; x_wconf 86' lang='lat'><strong>4.</strong></span> 
     </span>
    </p>

    <p class='ocr_par' dir='ltr' id='par_1_22' title="bbox 808 1528 1143 1568">
     <span class='ocr_line' id='line_1_86' title="bbox 808 1528 1143 1568; baseline -0.009 -5"><span class='ocrx_word' id='word_1_420' title='bbox 808 1528 997 1563; x_wconf 85' lang='lat' dir='ltr'><strong>Arachosia</strong></span> <span class='ocrx_word' id='word_1_421' title='bbox 1011 1528 1069 1568; x_wconf 90' lang='lat'><strong>38,</strong></span> <span class='ocrx_word' id='word_1_422' title='bbox 1090 1530 1143 1562; x_wconf 90' lang='lat'><strong>10.</strong></span> 
     </span>
    </p>

    <p class='ocr_par' dir='ltr' id='par_1_23' title="bbox 807 1571 1559 1617">
     <span class='ocr_line' id='line_1_87' title="bbox 807 1571 1559 1617; baseline -0.005 -7"><span class='ocrx_word' id='word_1_423' title='bbox 807 1576 898 1610; x_wconf 86' lang='lat' dir='ltr'><strong>Arca</strong></span> <span class='ocrx_word' id='word_1_424' title='bbox 925 1574 1027 1609; x_wconf 88' lang='lat' dir='ltr'><strong>Noae</strong></span> <span class='ocrx_word' id='word_1_425' title='bbox 1053 1574 1134 1616; x_wconf 83' lang='lat'><strong>470,</strong></span> <span class='ocrx_word' id='word_1_426' title='bbox 1160 1572 1215 1609; x_wconf 89' lang='lat'><strong>14.</strong></span> <span class='ocrx_word' id='word_1_427' title='bbox 1253 1584 1336 1607; x_wconf 87' lang='lat' dir='ltr'><strong>arca.</strong></span> <span class='ocrx_word' id='word_1_428' title='bbox 1369 1571 1559 1617; x_wconf 84' lang='lat' dir='ltr'><strong>(foederis)</strong></span> 
     </span>
    </p>

    <p class='ocr_par' dir='ltr' id='par_1_24' title="bbox 806 1665 1558 1749">
     <span class='ocr_line' id='line_1_88' title="bbox 806 1665 1558 1711; baseline -0.003 -9"><span class='ocrx_word' id='word_1_429' title='bbox 806 1667 1099 1711; x_wconf 83' lang='lat' dir='ltr'><strong>Archistrategus.</strong></span> <span class='ocrx_word' id='word_1_430' title='bbox 1132 1665 1222 1700; x_wconf 88' lang='lat' dir='ltr'><strong>Vide</strong></span> <span class='ocrx_word' id='word_1_431' title='bbox 1247 1665 1402 1700; x_wconf 77' lang='lat' dir='ltr'><strong>Michael</strong></span> <span class='ocrx_word' id='word_1_432' title='bbox 1419 1669 1456 1700; x_wconf 89' lang='lat' dir='ltr'><strong>et</strong></span> <span class='ocrx_word' id='word_1_433' title='bbox 1479 1666 1558 1700; x_wconf 91' lang='grc' dir='ltr'><strong>Μο-</strong></span> 
     </span>
     <span class='ocr_line' id='line_1_89' title="bbox 854 1715 1057 1749; baseline -0.01 -1"><span class='ocrx_word' id='word_1_434' title='bbox 854 1715 1057 1749; x_wconf 69' lang='lat' dir='ltr'><strong>musterium.</strong></span> 
     </span>
    </p>

    <p class='ocr_par' dir='ltr' id='par_1_25' title="bbox 807 1758 1556 1805">
     <span class='ocr_line' id='line_1_90' title="bbox 807 1758 1556 1805; baseline -0.004 -8"><span class='ocrx_word' id='word_1_435' title='bbox 807 1761 992 1797; x_wconf 88' lang='lat' dir='ltr'><strong>Archivum</strong></span> <span class='ocrx_word' id='word_1_436' title='bbox 1011 1761 1177 1795; x_wconf 86' lang='lat' dir='ltr'><strong>Gamerae</strong></span> <span class='ocrx_word' id='word_1_437' title='bbox 1199 1761 1431 1805; x_wconf 87' lang='lat' dir='ltr'><strong>computorum</strong></span> <span class='ocrx_word' id='word_1_438' title='bbox 1455 1758 1556 1800; x_wconf 89' lang='grc'><strong>1170,</strong></span> 
     </span>
    </p>

    <p class='ocr_par' dir='ltr' id='par_1_26' title="bbox 806 1851 1557 1989">
     <span class='ocr_line' id='line_1_91' title="bbox 806 1851 1555 1894; baseline -0.007 -4"><span class='ocrx_word' id='word_1_439' title='bbox 806 1853 947 1890; x_wconf 87' lang='lat' dir='ltr'><strong>Arcturi</strong></span> <span class='ocrx_word' id='word_1_440' title='bbox 967 1856 1063 1887; x_wconf 86' lang='lat' dir='ltr'><strong>ortus</strong></span> <span class='ocrx_word' id='word_1_441' title='bbox 1083 1851 1142 1894; x_wconf 90' lang='grc'><strong>49,</strong></span> <span class='ocrx_word' id='word_1_442' title='bbox 1163 1854 1197 1887; x_wconf 87' lang='grc'><strong>6.</strong></span> <span class='ocrx_word' id='word_1_443' title='bbox 1221 1853 1302 1892; x_wconf 84' lang='grc'><strong>596,</strong></span> <span class='ocrx_word' id='word_1_444' title='bbox 1324 1851 1377 1886; x_wconf 90' lang='grc'><strong>12.</strong></span> <span class='ocrx_word' id='word_1_445' title='bbox 1403 1852 1506 1892; x_wconf 87' lang='grc'><strong>1260,</strong></span> <span class='ocrx_word' id='word_1_446' title='bbox 1521 1853 1555 1886; x_wconf 90' lang='grc'><strong>8.</strong></span> 
     </span>
     <span class='ocr_line' id='line_1_92' title="bbox 854 1899 1557 1944; baseline -0.009 -7"><span class='ocrx_word' id='word_1_447' title='bbox 854 1902 935 1942; x_wconf 88' lang='grc'><strong>813,</strong></span> <span class='ocrx_word' id='word_1_448' title='bbox 969 1901 1003 1934; x_wconf 93' lang='grc'><strong>7.</strong></span> <span class='ocrx_word' id='word_1_449' title='bbox 1046 1899 1175 1944; x_wconf 85' lang='lat' dir='ltr'><strong>primus</strong></span> <span class='ocrx_word' id='word_1_450' title='bbox 1217 1905 1357 1932; x_wconf 85' lang='lat' dir='ltr'><strong>exortus</strong></span> <span class='ocrx_word' id='word_1_451' title='bbox 1394 1903 1557 1932; x_wconf 87' lang='lat' dir='ltr'><strong>autumno</strong></span> 
     </span>
     <span class='ocr_line' id='line_1_93' title="bbox 853 1944 1123 1989; baseline 0 -7"><span class='ocrx_word' id='word_1_452' title='bbox 853 1946 965 1982; x_wconf 88' lang='lat' dir='ltr'><strong>medio</strong></span> <span class='ocrx_word' id='word_1_453' title='bbox 986 1944 1068 1989; x_wconf 88' lang='lat'><strong>245,</strong></span> <span class='ocrx_word' id='word_1_454' title='bbox 1089 1948 1123 1982; x_wconf 90' lang='lat'><strong>6.</strong></span> 
     </span>
    </p>

    <p class='ocr_par' dir='ltr' id='par_1_27' title="bbox 807 1993 1069 2039">
     <span class='ocr_line' id='line_1_94' title="bbox 807 1993 1069 2039; baseline -0.015 -9"><span class='ocrx_word' id='word_1_455' title='bbox 807 1993 1048 2039; x_wconf 86' lang='lat' dir='ltr'><strong>Argyrolimne</strong></span> <span class='ocrx_word' id='word_1_456' title='bbox 1058 2018 1069 2036; x_wconf 94' lang='lat'><strong>,</strong></span> 
     </span>
    </p>
   </div>
   <div class='ocr_carea' id='block_1_5' title="bbox 806 2067 1554 2872">
    <p class='ocr_par' dir='ltr' id='par_1_28' title="bbox 806 2067 1444 2127">
     <span class='ocr_line' id='line_1_95' title="bbox 806 2067 1444 2127; baseline -0.006 -6"><span class='ocrx_word' id='word_1_457' title='bbox 806 2067 975 2121; x_wconf 73' lang='lat' dir='ltr'><strong>Ariadne’s</strong></span> <span class='ocrx_word' id='word_1_458' title='bbox 995 2085 1153 2127; x_wconf 90' lang='lat' dir='ltr'><strong>Corona,</strong></span> <span class='ocrx_word' id='word_1_459' title='bbox 1178 2084 1271 2119; x_wconf 83' lang='lat' dir='ltr'><strong>sidus</strong></span> <span class='ocrx_word' id='word_1_460' title='bbox 1287 2083 1369 2124; x_wconf 87' lang='lat'><strong>542,</strong></span> <span class='ocrx_word' id='word_1_461' title='bbox 1389 2084 1444 2119; x_wconf 87' lang='lat'><strong>16.</strong></span> 
     </span>
    </p>

    <p class='ocr_par' dir='ltr' id='par_1_29' title="bbox 806 2130 1407 2176">
     <span class='ocr_line' id='line_1_96' title="bbox 806 2130 1407 2176; baseline -0.003 -9"><span class='ocrx_word' id='word_1_462' title='bbox 806 2133 1010 2168; x_wconf 88' lang='lat' dir='ltr'><strong>Arianorum</strong></span> <span class='ocrx_word' id='word_1_463' title='bbox 1032 2131 1207 2176; x_wconf 72' lang='lat' dir='ltr'><strong>argutatio</strong></span> <span class='ocrx_word' id='word_1_464' title='bbox 1227 2132 1330 2172; x_wconf 85' lang='lat'><strong>1310,</strong></span> <span class='ocrx_word' id='word_1_465' title='bbox 1348 2130 1407 2166; x_wconf 87' lang='lat'><strong>46.</strong></span> 
     </span>
    </p>

    <p class='ocr_par' dir='ltr' id='par_1_30' title="bbox 807 2178 1408 2224">
     <span class='ocr_line' id='line_1_97' title="bbox 807 2178 1408 2224; baseline -0.003 -11"><span class='ocrx_word' id='word_1_466' title='bbox 807 2179 976 2214; x_wconf 89' lang='lat' dir='ltr'><strong>Aridaeus</strong></span> <span class='ocrx_word' id='word_1_467' title='bbox 1001 2178 1219 2224; x_wconf 88' lang='lat' dir='ltr'><strong>(Philippus)</strong></span> <span class='ocrx_word' id='word_1_468' title='bbox 1244 2178 1325 2218; x_wconf 89' lang='lat'><strong>366,</strong></span> <span class='ocrx_word' id='word_1_469' title='bbox 1353 2180 1408 2212; x_wconf 81' lang='grc'><strong>10.</strong></span> 
     </span>
    </p>

    <p class='ocr_par' dir='ltr' id='par_1_31' title="bbox 807 2221 1553 2269">
     <span class='ocr_line' id='line_1_98' title="bbox 807 2221 1553 2269; baseline -0.007 -9"><span class='ocrx_word' id='word_1_470' title='bbox 807 2226 908 2260; x_wconf 87' lang='lat' dir='ltr'><strong>Aries</strong></span> <span class='ocrx_word' id='word_1_471' title='bbox 920 2225 1001 2268; x_wconf 88' lang='lat'><strong>548,</strong></span> <span class='ocrx_word' id='word_1_472' title='bbox 1013 2228 1067 2262; x_wconf 93' lang='grc'><strong>10.</strong></span> <span class='ocrx_word' id='word_1_473' title='bbox 1086 2225 1166 2259; x_wconf 88' lang='lat' dir='ltr'><strong>anni</strong></span> <span class='ocrx_word' id='word_1_474' title='bbox 1177 2228 1296 2269; x_wconf 81' lang='lat' dir='ltr'><strong>portas</strong></span> <span class='ocrx_word' id='word_1_475' title='bbox 1304 2223 1419 2269; x_wconf 85' lang='lat' dir='ltr'><strong>aperit</strong></span> <span class='ocrx_word' id='word_1_476' title='bbox 1427 2221 1506 2264; x_wconf 87' lang='lat'><strong>834,</strong></span> <span class='ocrx_word' id='word_1_477' title='bbox 1519 2223 1553 2257; x_wconf 90' lang='lat'><strong>3.</strong></span> 
     </span>
    </p>

    <p class='ocr_par' dir='ltr' id='par_1_32' title="bbox 807 2272 1207 2317">
     <span class='ocr_line' id='line_1_99' title="bbox 807 2272 1207 2317; baseline 0 -11"><span class='ocrx_word' id='word_1_478' title='bbox 807 2272 1030 2317; x_wconf 83' lang='lat' dir='ltr'><strong>Aristagoras</strong></span> <span class='ocrx_word' id='word_1_479' title='bbox 1050 2273 1128 2313; x_wconf 89' lang='lat'><strong>155,</strong></span> <span class='ocrx_word' id='word_1_480' title='bbox 1153 2273 1207 2308; x_wconf 89' lang='lat'><strong>13.</strong></span> 
     </span>
    </p>

    <p class='ocr_par' dir='ltr' id='par_1_33' title="bbox 807 2316 1554 2454">
     <span class='ocr_line' id='line_1_100' title="bbox 807 2316 1554 2359; baseline -0.008 -6"><span class='ocrx_word' id='word_1_481' title='bbox 807 2319 1011 2354; x_wconf 86' lang='lat' dir='ltr'><strong>Aristoteles</strong></span> <span class='ocrx_word' id='word_1_482' title='bbox 1027 2318 1070 2352; x_wconf 92' lang='lat' dir='ltr'><strong>de</strong></span> <span class='ocrx_word' id='word_1_483' title='bbox 1088 2318 1156 2352; x_wconf 91' lang='lat' dir='ltr'><strong>Dei</strong></span> <span class='ocrx_word' id='word_1_484' title='bbox 1175 2316 1366 2352; x_wconf 85' lang='lat' dir='ltr'><strong>substantia</strong></span> <span class='ocrx_word' id='word_1_485' title='bbox 1378 2318 1414 2350; x_wconf 89' lang='lat' dir='ltr'><strong>et</strong></span> <span class='ocrx_word' id='word_1_486' title='bbox 1430 2325 1554 2359; x_wconf 84' lang='lat' dir='ltr'><strong>opera-</strong></span> 
     </span>
     <span class='ocr_line' id='line_1_101' title="bbox 854 2360 1554 2408; baseline -0.009 -9"><span class='ocrx_word' id='word_1_487' title='bbox 854 2366 950 2400; x_wconf 92' lang='lat' dir='ltr'><strong>tione</strong></span> <span class='ocrx_word' id='word_1_488' title='bbox 980 2367 1082 2408; x_wconf 79' lang='lat'><strong>1089,</strong></span> <span class='ocrx_word' id='word_1_489' title='bbox 1118 2364 1151 2399; x_wconf 88' lang='lat'><strong>5.</strong></span> <span class='ocrx_word' id='word_1_490' title='bbox 1184 2364 1228 2399; x_wconf 87' lang='lat' dir='ltr'><strong>de</strong></span> <span class='ocrx_word' id='word_1_491' title='bbox 1257 2368 1369 2398; x_wconf 88' lang='lat' dir='ltr'><strong>mente</strong></span> <span class='ocrx_word' id='word_1_492' title='bbox 1397 2360 1554 2406; x_wconf 86' lang='lat' dir='ltr'><strong>perfecta</strong></span> 
     </span>
     <span class='ocr_line' id='line_1_102' title="bbox 855 2412 1014 2454; baseline -0.019 -6"><span class='ocrx_word' id='word_1_493' title='bbox 855 2412 957 2454; x_wconf 88' lang='lat'><strong>1091,</strong></span> <span class='ocrx_word' id='word_1_494' title='bbox 979 2413 1014 2447; x_wconf 89' lang='lat'><strong>2.</strong></span> 
     </span>
    </p>

    <p class='ocr_par' dir='ltr' id='par_1_34' title="bbox 806 2451 1552 2502">
     <span class='ocr_line' id='line_1_103' title="bbox 806 2451 1552 2502; baseline -0.009 -9"><span class='ocrx_word' id='word_1_495' title='bbox 806 2458 1051 2493; x_wconf 82' lang='lat' dir='ltr'><strong>Aristotelicae</strong></span> <span class='ocrx_word' id='word_1_496' title='bbox 1075 2456 1215 2502; x_wconf 84' lang='lat' dir='ltr'><strong>linguae</strong></span> <span class='ocrx_word' id='word_1_497' title='bbox 1249 2452 1434 2500; x_wconf 84' lang='lat' dir='ltr'><strong>labyrinthi</strong></span> <span class='ocrx_word' id='word_1_498' title='bbox 1470 2451 1552 2494; x_wconf 88' lang='lat'><strong>478,</strong></span> 
     </span>
    </p>

    <p class='ocr_par' dir='ltr' id='par_1_35' title="bbox 806 2544 1551 2646">
     <span class='ocr_line' id='line_1_104' title="bbox 806 2544 1551 2592; baseline -0.012 -6"><span class='ocrx_word' id='word_1_499' title='bbox 806 2551 908 2586; x_wconf 83' lang='lat' dir='ltr'><strong>Arius</strong></span> <span class='ocrx_word' id='word_1_500' title='bbox 928 2550 1029 2592; x_wconf 83' lang='lat'><strong>1142,</strong></span> <span class='ocrx_word' id='word_1_501' title='bbox 1041 2551 1095 2587; x_wconf 91' lang='lat'><strong>17.</strong></span> <span class='ocrx_word' id='word_1_502' title='bbox 1110 2549 1213 2583; x_wconf 87' lang='lat' dir='ltr'><strong>filium</strong></span> <span class='ocrx_word' id='word_1_503' title='bbox 1226 2546 1340 2581; x_wconf 87' lang='lat' dir='ltr'><strong>aiebat</strong></span> <span class='ocrx_word' id='word_1_504' title='bbox 1349 2556 1424 2580; x_wconf 84' lang='lat' dir='ltr'><strong>esse</strong></span> <span class='ocrx_word' id='word_1_505' title='bbox 1441 2544 1551 2589; x_wconf 83' lang='grc' dir='ltr'>ποίη-</span> 
     </span>
     <span class='ocr_line' id='line_1_105' title="bbox 852 2599 1432 2646; baseline -0.007 -14"><span class='ocrx_word' id='word_1_506' title='bbox 852 2610 905 2642; x_wconf 86' lang='grc' dir='ltr'><strong>μα</strong></span> <span class='ocrx_word' id='word_1_507' title='bbox 924 2599 1028 2640; x_wconf 88' lang='grc'><strong>1130,</strong></span> <span class='ocrx_word' id='word_1_508' title='bbox 1050 2599 1102 2633; x_wconf 87' lang='grc'><strong>13.</strong></span> <span class='ocrx_word' id='word_1_509' title='bbox 1424 2638 1432 2646; x_wconf 44' lang='grc' dir='ltr'>Ι</span> 
     </span>
    </p>

    <p class='ocr_par' dir='ltr' id='par_1_36' title="bbox 806 2638 1552 2739">
     <span class='ocr_line' id='line_1_106' title="bbox 806 2638 1552 2683; baseline -0.011 -4"><span class='ocrx_word' id='word_1_510' title='bbox 806 2644 928 2679; x_wconf 86' lang='lat' dir='ltr'><strong>Ariani</strong></span> <span class='ocrx_word' id='word_1_511' title='bbox 946 2644 1083 2680; x_wconf 86' lang='lat' dir='ltr'><strong>aiebant</strong></span> <span class='ocrx_word' id='word_1_512' title='bbox 1102 2654 1140 2676; x_wconf 90' lang='lat' dir='ltr'><strong>se</strong></span> <span class='ocrx_word' id='word_1_513' title='bbox 1155 2640 1339 2675; x_wconf 82' lang='lat' dir='ltr'><strong>secundum</strong></span> <span class='ocrx_word' id='word_1_514' title='bbox 1354 2638 1552 2683; x_wconf 80' lang='lat' dir='ltr'><strong>Scnpturas</strong></span> 
     </span>
     <span class='ocr_line' id='line_1_107' title="bbox 852 2688 1440 2739; baseline -0.007 -14"><span class='ocrx_word' id='word_1_515' title='bbox 852 2691 971 2726; x_wconf 85' lang='lat' dir='ltr'><strong>dicere</strong></span> <span class='ocrx_word' id='word_1_516' title='bbox 990 2692 1072 2731; x_wconf 87' lang='lat'><strong>918,</strong></span> <span class='ocrx_word' id='word_1_517' title='bbox 1095 2688 1149 2724; x_wconf 84' lang='lat'><strong>14.</strong></span> <span class='ocrx_word' id='word_1_518' title='bbox 1375 2731 1382 2739; x_wconf 35' lang='grc' dir='ltr'><strong><em>ο</em></strong></span> <span class='ocrx_word' id='word_1_519' title='bbox 1400 2730 1408 2739; x_wconf 53' lang='lat'><strong>·</strong></span> <span class='ocrx_word' id='word_1_520' title='bbox 1432 2730 1440 2738; x_wconf 95' lang='lat'><strong>.</strong></span> 
     </span>
    </p>

    <p class='ocr_par' dir='ltr' id='par_1_37' title="bbox 806 2730 1552 2872">
     <span class='ocr_line' id='line_1_108' title="bbox 806 2730 1551 2777; baseline -0.012 -5"><span class='ocrx_word' id='word_1_521' title='bbox 806 2737 965 2772; x_wconf 86' lang='lat' dir='ltr'><strong>Armenia</strong></span> <span class='ocrx_word' id='word_1_522' title='bbox 989 2739 1070 2777; x_wconf 85' lang='lat'><strong>285,</strong></span> <span class='ocrx_word' id='word_1_523' title='bbox 1096 2735 1129 2770; x_wconf 86' lang='lat'><strong>8.</strong></span> <span class='ocrx_word' id='word_1_524' title='bbox 1154 2731 1236 2774; x_wconf 87' lang='grc'><strong>348,</strong></span> <span class='ocrx_word' id='word_1_525' title='bbox 1254 2730 1308 2768; x_wconf 90' lang='grc'><strong>14.</strong></span> <span class='ocrx_word' id='word_1_526' title='bbox 1343 2731 1485 2765; x_wconf 73' lang='lat' dir='ltr'><strong>C11101ae</strong></span> <span class='ocrx_word' id='word_1_527' title='bbox 1510 2730 1551 2764; x_wconf 87' lang='lat' dir='ltr'><strong>fi-</strong></span> 
     </span>
     <span class='ocr_line' id='line_1_109' title="bbox 852 2776 1552 2823; baseline -0.013 -4"><span class='ocrx_word' id='word_1_528' title='bbox 852 2783 971 2819; x_wconf 85' lang='lat' dir='ltr'><strong>nitima</strong></span> <span class='ocrx_word' id='word_1_529' title='bbox 999 2784 1076 2823; x_wconf 84' lang='lat'><strong>193,</strong></span> <span class='ocrx_word' id='word_1_530' title='bbox 1103 2782 1157 2815; x_wconf 89' lang='lat'><strong>19.</strong></span> <span class='ocrx_word' id='word_1_531' title='bbox 1182 2779 1290 2813; x_wconf 86' lang='lat' dir='ltr'><strong>maior</strong></span> <span class='ocrx_word' id='word_1_532' title='bbox 1317 2779 1375 2818; x_wconf 83' lang='grc'><strong>38,</strong></span> <span class='ocrx_word' id='word_1_533' title='bbox 1396 2779 1453 2811; x_wconf 77' lang='grc'><strong>25.</strong></span> <span class='ocrx_word' id='word_1_534' title='bbox 1485 2776 1552 2810; x_wconf 87' lang='lat' dir='ltr'><strong>Ar-</strong></span> 
     </span>
     <span class='ocr_line' id='line_1_110' title="bbox 852 2823 1552 2872; baseline -0.014 -6"><span class='ocrx_word' id='word_1_535' title='bbox 852 2831 986 2866; x_wconf 89' lang='lat' dir='ltr'><strong>meniae</strong></span> <span class='ocrx_word' id='word_1_536' title='bbox 1005 2840 1068 2864; x_wconf 87' lang='lat' dir='ltr'><strong>rex</strong></span> <span class='ocrx_word' id='word_1_537' title='bbox 1087 2837 1250 2872; x_wconf 81' lang='lat' dir='ltr'><strong>generum</strong></span> <span class='ocrx_word' id='word_1_538' title='bbox 1275 2824 1381 2859; x_wconf 85' lang='lat' dir='ltr'><strong>ambit</strong></span> <span class='ocrx_word' id='word_1_539' title='bbox 1398 2823 1552 2858; x_wconf 83' lang='lat' dir='ltr'><strong>Michae-</strong></span> 
     </span>
    </p>
   </div>
   <div class='ocr_carea' id='block_1_6' title="bbox 1134 1991 1558 2038">
    <p class='ocr_par' dir='ltr' id='par_1_38' title="bbox 1134 1991 1558 2038">
     <span class='ocr_line' id='line_1_111' title="bbox 1134 1991 1558 2038; baseline -0.007 -11"><span class='ocrx_word' id='word_1_540' title='bbox 1134 2003 1223 2038; x_wconf 90' lang='lat' dir='ltr'><strong>quae</strong></span> <span class='ocrx_word' id='word_1_541' title='bbox 1272 1995 1309 2025; x_wconf 87' lang='lat' dir='ltr'><strong>et</strong></span> <span class='ocrx_word' id='word_1_542' title='bbox 1361 1991 1558 2036; x_wconf 72' lang='lat' dir='ltr'><strong>Gyrolc&#39;mne</strong></span> 
     </span>
    </p>
   </div>
  </div>
 </body>
</html>
