1794 3172
218 136 320 186 692
569 179 572 182 .
629 138 946 186 MCEPHoffl
974 106 1298 184 GREGORAE

0 264 36 297 A·
56 261 205 297 M·6852
324 261 378 310 α’.
414 247 577 308 Ἀλλιὶ
609 268 743 307 ταῦτα
772 263 847 318 μὲν
878 260 1052 320 ὕστερον
1080 261 1123 304 ἐν
1161 266 1249 310 τοΐς
1285 257 1540 318 προσήκουσι
1562 258 1706 314 τόποις

0 308 199 392 ΑΙέῨὶὲΞιι
222 335 421 387 λελέξεται
449 333 745 392 διαρκέστερον.
783 336 857 375 νῦν
886 331 929 374 δ’
966 330 1168 374 ἐπανιέναι
1187 328 1285 386 ἡμῖν
1318 330 1539 387 ἀναγκαῖον
1558 331 1609 375 ἂν
1629 332 1712 395 εἴη,

0 406 134 446 hup-1⁰·
155 405 377 450 Ρξι’ὁπόθεν
400 407 456 454 εἷς
485 408 618 447 ταῦτα
648 400 918 460 προήχθημεν
947 402 1015 445 καὶ
1039 398 1119 456 ὅπη
1148 399 1220 442 τὸν
1256 401 1352 458 πρὶν
1382 399 1500 457 ἡμεῖς
1531 400 1705 445 κατελύ-

45 450 212 531 {aopi-,332
222 492 350 530 σαμεν
369 472 502 531 λόγον.
539 468 591 529 ἦν
610 475 635 515 δ
642 473 654 488 ³
676 471 702 528 ἡ
726 473 817 529 περὶ
835 471 888 514 τὰ
906 476 982 526 τῆς
994 466 1344 527 Χριστουπόλεως
1360 471 1481 514 στενὰ
1499 476 1574 515 τοῦ
1585 474 1706 515 Καν-

94 543 472 600 V·350wnov2,‘⁷qvoz”1
502 540 694 597 διάβασις
726 539 831 597 ὄμοῧ
862 544 920 600 τῷ
946 539 1126 598 Ἀμοὺρ,
1164 543 1224 598 τῷ
1253 544 1337 585 τῶν
1366 544 1546 598 Περσῶν
1566 542 1734 602 ἐκείνῳὸ

218 612 424 672 σατράπῃ.
463 610 654 667 διαβάντι
677 611 755 669 γὰρ
776 610 888 662 ἔδοξε
911 618 1055 668 πεῖραν
1079 607 1299 667 προσάγειν
1320 618 1413 661 ταῖς
1430 609 1613 665 πόλεσι,
1636 613 1706 654 καὶ

184 684 186 693 ’
217 682 280 735 οἷς
301 684 376 739 μὲν
411 682 516 726 καθ’
551 679 772 738 ὁμολογίαν
799 678 1075 737 παραδιδόναι
1097 679 1137 723 οἳ
1170 686 1282 737 σφᾶς
1305 680 1458 731 αὐτοὺς
1481 681 1706 732 ἐθελοντὰς

176 753 320 811 Βπρὸς
340 750 578 808 βουλήσεως
605 752 665 808 εἴη
698 755 750 809 τῇ
780 752 931 794 ἐκείνου
957 750 1089 807 χειρὶ,
1134 753 1220 793 τῶν
1255 748 1554 808 προσηκόντων·
1575 756 1706 810 γερῶν

219 824 359 875 ἀξιοῦν
374 836 383 846 ·
422 820 484 872 οἷς
507 822 551 864 δὲ
573 821 812 865 τούναντίον
825 853 838 875 ,
877 818 1040 870 τούτοις
1060 820 1105 862 δὲ
1124 819 1378 865 τούναντίον.
1441 820 1534 881 (Β.)
1571 820 1703 865 Μεθ’

216 892 374 951 ἡμέρας
393 887 466 936 οὖν
487 891 709 943 ἀναλαβών
727 890 803 940 τὰς
824 887 1015 946 δυνάμεις
1036 884 1130 946 ἦγεν
1151 890 1215 932 ἐπὶ
1242 890 1317 947 τὴν
1344 887 1487 945 πόλιν,
1526 884 1553 949 ᾗ
1573 895 1706 950 Περι-
1718 902 1771 954 10>

218 961 368 1020 θόριον
391 961 535 1017 ὄνομα.
574 960 626 1018 ἣν
658 960 708 1017 δὴ
734 961 802 1004 καὶ
831 958 1374 1018 περιστρατοπεδεύσαντες,
1414 962 1498 1005 ἐπεὶ
1528 961 1705 1005 κάκεῖνοι

221 1037 408 1087 πολεμεῖν
438 1033 642 1088 ἔγνωσαν,
680 1027 958 1088 ἐπολιόρκουν.
999 1031 1082 1072 ἐπεὶ
1115 1029 1159 1072 δ’
1195 1031 1260 1073 ἐπὶ
1282 1034 1455 1081 πολλαῖς
1483 1029 1706 1087 κάμνοντες

183 1109 314 1153 Οταΐς
340 1100 510 1159 ἡμέραις
537 1101 749 1159 ἐπέραινον
773 1101 891 1143 οὐδὲν
903 1133 916 1154 ,
958 1098 1170 1157 ἄπρακτος
1190 1100 1334 1144 λοιπὸν
1353 1099 1576 1154 ἀναζεύξας
1599 1103 1706 1145 ’ἐκεῖ-

220 1177 299 1216 θεν
326 1172 517 1232 οὐδεμιᾷ
548 1175 631 1214 τῶν
661 1170 798 1214 ἄλλων
827 1170 884 1213 ἔτι
914 1169 1134 1228 προσάγειν
1155 1169 1435 1228 βεβούληταιῇ
1469 1171 1564 1214 ἀλλ’
1591 1170 1707 1223 ὅλαις

221 1240 354 1299 ἡνίαις
373 1241 547 1297 ἤλαυνεν
568 1242 632 1284 ἐπὶ
650 1238 964 1296 Λιδυμότειχον,
990 1239 1065 1283 οὗκ
1083 1240 1246 1297 ἀγαθὸν
1268 1240 1347 1285 κοῖν
1367 1238 1459 1291 ταῗς
1481 1240 1626 1293 ἄλλαις
1648 1240 1705 1285 εἶ-
1718 1248 1762 1285 15

222 1330 290 1356 ναι
330 1312 471 1370 κρίνας
511 1311 656 1355 οἰωνὸν
690 1311 766 1367 τὴν
799 1310 1024 1367 ἀποτυχίαν
1058 1310 1186 1362 εὐθὺς
1216 1312 1259 1363 ἐξ
1290 1311 1421 1369 ἀρχῆς
1452 1312 1604 1369 ἐκείνης
1622 1317 1707 1375 ,τῆς

222 1380 392 1432 πόλεως.
462 1380 550 1440 (Γ.)
581 1379 780 1425 Αὖτόθεν
812 1382 947 1425 τοίνυν
978 1384 1181 1438 λαμπρῶς
1211 1381 1466 1437 αὐλιζόμενοι
1477 1415 1491 1436 ,
1531 1384 1599 1425 καὶ
1631 1386 1706 1438 τῆς

222 1455 387 1509 μακρᾶς
405 1452 556 1508 ἐκείνης
578 1453 646 1494 καὶ
667 1449 860 1495 ἐπιπόνου
893 1451 1052 1506 διαίτης
1074 1451 1150 1508 τὴν
1184 1450 1387 1509 ἀνάλογον
1409 1449 1706 1507 ἇλλαττόμενοι

181 1522 435 1577 Βθυμηδίαν
456 1538 500 1564 τε
530 1523 597 1564 καὶ
626 1519 842 1582 ῥαστώνην
852 1555 867 1575 ,
905 1519 1117 1579 φρουρούς
1137 1539 1180 1565 τε
1203 1514 1378 1573 ἐκείνους
1402 1524 1706 1578 Διδυμοτείχου

221 1596 297 1647 τῆς
325 1589 481 1642 πόλεως
500 1593 567 1634 καὶ
595 1589 683 1646 ἅμα
715 1589 973 1650 στρατιώτας
993 1593 1060 1634 καὶ
1080 1592 1339 1650 στρατηγοὺς
1355 1599 1447 1643 ταῖς
1467 1591 1703 1650 προσηκού-
1717 1600 1763 1635 20

222 1677 316 1711 σαις
342 1660 530 1717 ἠμείβετο
563 1659 769 1712 δεξιώσεσι
801 1663 869 1704 καὶ
891 1660 1218 1720 φιλοφροσύναις
1234 1677 1244 1687 ·
1282 1664 1350 1706 καὶ
1380 1660 1461 1720 πρό
1479 1679 1521 1720 γε
1539 1661 1707 1706 πάντων

221 1729 377 1789 Εἰρήνῃ
396 1735 447 1789 τῇ
465 1732 648 1786 βασιλίδι
668 1731 846 1783 πολλοὺς
867 1731 947 1775 ἀπὸ
965 1729 1150 1789 γλώττης
1168 1733 1267 1783 τοὺς
1287 1735 1331 1777 ἐκ
1349 1737 1490 1788 ψυχῆς
1509 1731 1707 1776 ἀπεδίδου

217 1802 526 1860 χαριστηρίους,
564 1795 621 1845 ὧν
642 1819 684 1846 τε
704 1802 948 1861 ἐκαρτέρησε
965 1806 1138 1861 μακρῶν
1157 1801 1261 1859 ὅμοῦ
1283 1804 1351 1847 καὶ
1371 1804 1565 1848 ποικίλων
1586 1802 1706 1847 ἀνια-

315 1909 371 1947 14.
396 1908 450 1947 ἔτι
472 1911 547 1948 cod.
565 1912 669 1957 vat„
694 1909 755 1951 ὅτι
777 1925 899 1960 apogr.
922 1913 1008 1948 Par.

228 2011 262 2045 1.
295 1991 381 2047 Sed
406 2010 493 2046 haec
517 2012 652 2057 quidem
672 2013 766 2048 infra
786 2013 860 2048 suis
886 2024 1043 2059 quaeque
1063 2012 1151 2048 loeis
1179 2012 1289 2047 fusius
1315 2015 1545 2059 exponentur.
1591 2012 1706 2048 Nobis
1750 2044 1752 2046 ,

226 2067 310 2091 vero
330 2068 418 2091 nunc
437 2070 578 2093 necesse
596 2065 651 2094 est
673 2060 752 2096 illuc
779 2061 940 2105 regredi,
966 2060 1056 2094 unde
1078 2061 1124 2095 ad
1144 2060 1231 2094 haec
1254 2060 1404 2105 digressi
1430 2072 1567 2103 sumus,
1591 2065 1629 2095 et
1647 2061 1708 2095 ubi

228 2103 415 2148 superioris
442 2105 646 2141 narrationis
672 2119 809 2142 cursum
838 2107 1093 2153 interrupimus.
1149 2106 1239 2142 Erat
1265 2112 1378 2142 autem
1406 2107 1504 2142 nobis
1529 2119 1638 2142 sermo
1663 2107 1708 2143 de

229 2149 463 2185 Cantacuzeni
483 2155 518 2186 et
537 2152 669 2187 Persici
696 2154 788 2189 illius
809 2158 971 2200 satrapae
992 2154 1123 2189 Amurii
1145 2154 1292 2188 transitu
1313 2166 1377 2200 per
1395 2153 1708 2200 Christopolitanas

229 2198 418 2241 angustias.
465 2198 703 2245 Transgresso
727 2200 837 2246 igitur
864 2201 1063 2247 imperatori
1086 2201 1198 2237 visum
1218 2206 1273 2236 est
1293 2201 1422 2247 oppida
1438 2201 1646 2243 sollicitare3
1672 2205 1709 2236 et

229 2254 273 2278 ea
291 2243 440 2288 quidem,
462 2256 550 2290 quae
566 2246 759 2282 voluntaria
778 2247 951 2283 deditione
976 2249 1013 2282 in
1036 2248 1128 2283 illius
1153 2260 1285 2283 manum
1305 2248 1496 2283 concedere
1515 2249 1605 2283 ultro
1621 2248 1709 2282 mal-

229 2289 320 2331 lent,
345 2291 475 2326 meritis
494 2293 654 2336 praemiis
682 2294 841 2329 afficere:
872 2307 961 2340 quae
984 2299 1097 2330 autem
1121 2307 1220 2330 secus
1247 2295 1383 2330 factura
1406 2299 1544 2338 essent,
1568 2307 1643 2331 cum
1663 2294 1709 2329 iis

230 2348 330 2371 secus
351 2349 468 2382 agere.
515 2339 598 2383 (11.)
623 2340 849 2381 Quamobrem
873 2347 952 2388 post
970 2342 1104 2387 aliquot
1124 2343 1199 2377 dies
1217 2348 1356 2377 coactas
1379 2343 1499 2389 copias
1520 2342 1564 2377 ad
1587 2343 1709 2377 urbem

230 2382 338 2425 ducit,
363 2384 419 2418 cui
437 2384 633 2420 Perithorio
655 2398 774 2422 nomen
795 2393 857 2422 est.
892 2389 981 2423 Eam
997 2389 1105 2435 primo
1126 2390 1364 2424 circumsidet:
1389 2402 1467 2424 mox
1483 2389 1551 2424 illis
1571 2389 1615 2424 ad
1633 2389 1709 2423 bel-

227 2429 297 2463 lum
316 2442 394 2465 sese
411 2430 683 2477 accingentfflus,
708 2438 896 2480 oppugnat.
943 2436 1014 2470 Sed
1035 2436 1116 2482 quia
1137 2436 1252 2471 multis
1271 2436 1322 2470 ibi
1345 2435 1466 2470 diebus
1497 2437 1631 2471 exactis
1655 2436 1709 2470 la-

229 2476 314 2511 bore
329 2476 466 2512 assiduo
483 2478 531 2512 nil
546 2480 752 2524 profecerat,
778 2481 877 2515 motis
894 2481 975 2517 inde
995 2484 1120 2517 castris
1140 2483 1303 2529 deinceps
1322 2482 1410 2517 nihil
1425 2483 1519 2528 egit,
1543 2494 1607 2517 nec
1627 2486 1708 2517 cae-

226 2525 382 2558 terarum
404 2524 539 2559 urbium
559 2526 660 2561 ullam
676 2527 820 2572 aggredi
841 2528 963 2571 voluit,
985 2530 1046 2564 sed
1063 2529 1342 2576 Didymotichum
1357 2529 1445 2563 laxis
1463 2529 1606 2564 habenis
1626 2541 1709 2564 con-

227 2569 363 2613 tendit,
387 2571 490 2606 etiam
512 2571 550 2606 in
573 2572 650 2607 aliis
664 2579 758 2608 ratus
776 2574 911 2619 augurii
933 2588 1010 2610 esse
1026 2588 1094 2610 non
1116 2577 1216 2619 boni,
1240 2576 1331 2622 quod
1349 2576 1392 2612 ab
1413 2576 1473 2611 illa
1491 2578 1576 2611 urbe
1599 2576 1709 2622 primo

226 2616 343 2650 statim
369 2621 494 2652 conatu
519 2619 677 2665 repulsus
705 2620 808 2655 foret.
864 2621 964 2666 (111.)
989 2622 1179 2658 Confestim
1204 2624 1324 2669 itaque
1351 2622 1532 2669 splendide
1557 2622 1710 2669 hospitio

231 2662 470 2708 excipiunturz
495 2665 688 2701 diuturnam
707 2666 799 2701 illam
818 2670 855 2702 et
871 2668 1044 2703 molestam
1067 2670 1162 2705 vitae
1179 2669 1417 2704 austeritatem
1437 2670 1515 2716 pari
1534 2670 1711 2705 hilaritate

230 2713 268 2742 et
287 2709 436 2745 iucunda
462 2711 564 2746 animi
589 2713 802 2748 relaxatione
829 2720 979 2749 mutant:
1012 2715 1244 2762 Didymotichi
1266 2717 1363 2752 urbis
1385 2717 1605 2759 custodibus,
1627 2717 1710 2751 item

229 2755 394 2791 militibus
411 2760 448 2792 et
466 2757 623 2802 ducibus,
642 2772 710 2806 qua
726 2772 790 2806 par
809 2765 863 2794 est
882 2761 1042 2796 comitate
1062 2768 1098 2797 et
1114 2763 1339 2809 humanitate,
1350 2764 1615 2798 Cantacuzenus
1627 2775 1711 2809 gra-

228 2806 302 2836 tum
321 2815 358 2837 se
377 2804 535 2839 exhibet:
561 2807 597 2841 in
613 2806 732 2853 primis
752 2807 873 2841 Irenae
893 2807 1104 2854 imperatrici
1129 2810 1290 2845 maximas
1315 2810 1447 2856 gratias
1469 2810 1589 2856 lingua
1612 2814 1649 2845 et
1667 2821 1710 2844 ex

229 2848 341 2885 animo
359 2851 544 2898 persolvit,
568 2854 661 2901 quod
681 2853 860 2889 diuturnas
878 2857 915 2890 et
932 2855 1139 2903 multiplices
1157 2869 1338 2894 aerumnas
1366 2870 1404 2894 m
1428 2857 1498 2892 inis
1523 2857 1583 2905 qui
1599 2857 1710 2892 inter-
