1754 3164
148 195 152 199 >
198 158 331 209 1340

195 270 430 307 Cantacuzeni
451 269 673 316 imperatoris
695 270 790 306 filiae
814 271 950 306 Helena

243 324 278 353 et
311 317 438 353 Maria.
486 318 576 352 Vide
608 317 646 352 in
679 318 726 353 Η.
760 322 797 353 et
829 319 865 353 in
896 318 948 353 M.

240 367 368 402 Mater.
404 363 494 399 Vide
521 365 777 399 Cantacnzena.
815 365 950 400 Conso-

239 413 351 446 brina.
386 411 478 446 Vide
505 412 619 446 Guido
643 413 838 449 Armenius.

194 459 378 494 Canticum
402 458 611 493 canticorum
628 459 709 501 750,
736 461 791 494 10.

194 506 331 551 Capha,
355 517 415 539 seu
426 505 580 550 CaphaS,
602 506 840 540 Genuensium
853 505 949 540 colo-

238 553 297 586 nia
307 553 388 594 683,
403 554 454 589 17.
477 552 666 586 incolarum
679 552 791 586 fastus
801 554 883 596 685,
897 555 954 590 10.

239 599 366 634 bellum
380 610 454 633 cum
463 599 673 645 Scytharum
689 599 850 646 principe
869 600 951 642 685,

193 691 419 739 Cappadocia
441 692 500 734 81,
524 689 582 728 24.

194 738 498 786 Capperonnerius
521 737 729 784 (Claudius)
758 739 860 781 1253,
893 740 951 776 30.

194 787 350 822 Carases
361 791 517 832 satrapa,
545 785 636 820 filius
651 786 827 830 Calamae,
851 787 953 822 Wol-

238 834 285 869 fio
315 834 461 868 Cerasus
485 832 566 875 214,
589 834 649 868 22.
900 857 901 860 ¹

193 880 446 916 Cardianorum
463 880 546 915 urbs
566 884 668 926 capta
679 891 700 914 a
715 879 843 915 Ioanne
853 880 953 916 Duca

240 930 299 970 29,
326 929 381 964 13.

194 974 380 1010 Carmania
403 975 463 1015 38,
489 973 545 1008 10.

194 1022 390 1105 Carmlpnus5
407 1020 590 1062 Alisurius,
614 1018 791 1066 Phrygiae
808 1022 954 1067 satrapa

193 1094 482 1161 Carnisprivium.
516 1113 608 1148 Vide
629 1109 844 1157 Ἀπόκρεως.

194 1162 353 1204 Carolus,
387 1173 448 1197 rex
471 1160 608 1202 Italiae,
640 1160 746 1194 filiam
769 1173 866 1195 suam
890 1160 953 1195 de-

242 1209 391 1255 spondet
413 1207 571 1242 Balduini
595 1207 667 1240 filio
689 1208 747 1249 98,
768 1209 803 1243 3.
829 1207 953 1241 foedus

239 1256 327 1291 facit
351 1268 427 1290 cum
450 1254 621 1289 Balduino
649 1255 737 1295 123,
762 1255 796 1289 5.
834 1255 953 1289 Caroli

239 1303 444 1349 prudentia,
478 1300 640 1343 ambitio,
671 1300 818 1336 bellicae
840 1301 954 1336 virtu-

239 1355 311 1384 tes:
337 1349 423 1395 quid
444 1347 540 1382 illum
563 1347 737 1392 impulerit
758 1348 802 1381 ad
828 1348 952 1382 bellum

239 1396 450 1441 Palaeologo
496 1393 712 1429 inferendum
756 1395 846 1436 123,
895 1397 952 1430 12.

240 1443 322 1479 belli
347 1446 559 1488 apparatus:
594 1441 716 1486 copiae
744 1444 952 1476 terrestres:

240 1489 362 1525 classis
394 1487 479 1531 124,
515 1486 549 1524 4.
581 1499 650 1522 non
674 1487 813 1521 desistit
836 1488 954 1523 incoe-

239 1542 302 1584 pto
335 1535 414 1578 124,
447 1536 505 1571 22.
539 1534 685 1569 Carolus
710 1539 746 1568 et
769 1535 954 1569 Palaeolo-

204 1586 206 1588 '
240 1596 326 1631 gns:
358 1582 516 1620 ‚diversis
548 1582 683 1616 artibus
716 1592 840 1626 pare5‚
886 1581 953 1616 sibi

239 1630 388 1666 invicem
445 1628 622 1670 officiunt,
689 1628 837 1663 Carolus
890 1630 954 1663 ho-

241 1679 307 1712 stis
342 1681 530 1724 perpetuus
555 1675 776 1720 Palaeologi,
811 1675 873 1710 sed
903 1676 954 1710 ir-

239 1725 308 1760 rito
356 1735 491 1768 semper
538 1730 683 1757 conatu:
739 1722 952 1766 Byzantinos

239 1775 338 1806 terra
390 1769 544 1815 marique
597 1768 824 1814 aggreditur,
880 1781 953 1804 rem

239 1819 408 1854 adversus
461 1828 521 1851 eos
569 1817 656 1851 male
700 1815 813 1861 gerit,
870 1815 952 1850 item

240 1866 410 1900 adversus
451 1863 608 1897 Siculos:
655 1862 760 1897 filium
802 1862 952 1897 amittit:

236 1923 397 1957 moerore
419 1910 596 1945 confectus
611 1909 773 1951 moritur,
805 1909 952 1945 omnium

240 1959 405 1994 malorum
421 1961 536 2003 ,caput
559 1955 639 1999 174,
667 1959 723 1993 19.

195 2005 356 2048 Carolus,
378 2004 500 2039 Italiae
523 2015 608 2046 rex,
632 2003 822 2048 (diversus
848 2013 870 2037 a
893 2015 952 2038 su-

241 2049 952 2143 εεῇοῑῑὲεῑςὲὲῑῑε)

241 2145 638 2227 ἷᾶἳῑῗῖἒ“ἓῖρὲΐῖ.ῗὲῖξὲ.
662 2109 951 2226 ἕῗὲἦ5ιὲ’ἃέἶῖἰὲἔ

242 2203 753 2329 :iaziffiffssizepz‘zfs‘ss

243 2337 300 2367 sta
323 2330 489 2366 discedit:
523 2331 648 2365 bellum
672 2338 836 2376 reparat:
866 2331 952 2366 vin-

242 2379 354 2414 citur:
392 2388 512 2423 pacem
556 2389 578 2411 a
611 2377 756 2412 Siciliae
793 2389 881 2424 rege
916 2382 953 2413 et

243 2425 448 2461 affinitatem
471 2423 563 2470 petit
585 2424 665 2466 219,
690 2426 747 2460 20.

197 2472 356 2514 Carolus,
380 2470 503 2506 Italiae
525 2482 587 2506 rex
612 2471 728 2515 (immo
753 2472 952 2519 Robertus)

197 2545 348 2612 Caspiae
371 2563 554 2610 angustiae
576 2565 636 2606 37,
662 2565 717 2600 13.

196 2612 359 2658 Caspium
385 2623 489 2646 mare.
516 2611 610 2646 >Vide
636 2611 748 2646 Mare.
854 2639 856 2641 .
905 2638 908 2641 .

196 2657 408 2694 Cassandria
429 2656 512 2701 245,
537 2659 592 2694 11.
619 2657 701 2701 246,
720 2660 774 2694 17.
795 2660 899 2703 1209,
915 2660 951 2695 9.

196 2706 338 2740 Cassius
365 2706 442 2747 178,
462 2708 496 2741 9.

197 2751 428 2792 Castellanus,
441 2751 603 2796 Byzantii
619 2751 778 2798 proditor
797 2751 881 2795 419,
895 2753 951 2790 13.

197 2798 360 2833 Castoria
381 2797 438 2838 48,
462 2800 522 2834 20.

763 168 928 209 INDEX
960 152 1163 222 RERUM,

1042 271 1200 318 hospites
1211 274 1247 307 et
1254 271 1369 308 socios
1377 275 1509 307 vexant
1515 273 1596 314 220,
1610 273 1663 308 12.
1674 272 1754 307 Phi-

1043 317 1254 365 ladelphiam
1273 320 1448 355 obsessam
1457 319 1607 354 liberant
1622 322 1704 361 221,
1726 321 1754 355 7.

1045 366 1228 411 stipendiis
1252 366 1430 408 fraudati,
1455 366 1627 401 Romanas
1652 368 1754 400 urbes

1043 413 1164 447 hostili
1183 425 1276 448 more
1292 413 1509 459 pervadunt:
1535 424 1654 447 eorum
1679 424 1754 450 cru-

1045 459 1170 494 delitas
1196 461 1289 501 222,
1316 461 1385 495 12.>
1409 458 1615 505 Calliupolin
1648 459 1754 494 caesis

1046 506 1229 551 oppidanis
1254 507 1432 541 muniunt:
1472 509 1570 540 terra
1605 510 1640 541 et
1674 506 1754 540 inari

1045 553 1170 587 bellum
1195 557 1387 598 apparant:
1419 552 1506 587 mari
1529 553 1714 588 vincuntur
1739 564 1754 587 a

1047 600 1294 635 Genuensibus
1327 600 1419 640 227,
1453 598 1487 634 4.
1525 611 1642 634 eorum
1677 611 1754 634 con-

1047 647 1233 681 sternatio:
1266 646 1378 681 omnia
1402 646 1491 692 ipsis
1513 646 1665 681 infesta:
1703 651 1754 680 to-

1046 693 1212 728 lerandae
1253 693 1427 742 obsidioni
1470 705 1508 727 se
1551 693 1754 738 accingunt:

1046 740 1183 774 Turcos
1209 740 1337 775 auxilio
1371 744 1572 775 arcessunt:
1612 739 1754 786 praedas

1047 791 1157 831 agunt
1186 789 1278 829 227,
1322 789 1382 822 21.
1421 787 1626 821 Michaelem
1641 812 1652 827 ,
1699 787 1754 820 im-

1047 838 1241 879 peratorem
1297 833 1485 875 iuniorem,
1546 834 1591 868 ad
1646 833 1754 879 Apros

1045 881 1190 915 vincunt
1223 881 1315 922 230,
1349 883 1383 916 6.
1423 880 1546 914 ducum
1581 880 1754 914 dissidium

1046 928 1138 969 232,
1174 931 1230 962 10.
1267 939 1344 961 cum
1386 926 1597 972 Turcopulis
1635 927 1754 969 iuncti,

1047 973 1267 1019 Massagetas
1285 974 1477 1020 profligant
1487 975 1570 1016 233,
1583 973 1616 1009 4.
1639 973 1754 1008 Thra-

1046 1021 1134 1056 ciam
1165 1026 1326 1067 vastant3
1365 1019 1478 1055 locum
1515 1023 1685 1066 quaerunt
1723 1020 1754 1054 in

1047 1080 1116 1114 quo
1141 1068 1351 1102 consistant:
1381 1070 1532 1114 quantae
1557 1078 1675 1101 eorum
1698 1079 1754 1102 co-

1046 1115 1130 1162 piae
1155 1115 1287 1149 fnerint
1309 1113 1404 1157 244,
1437 1115 1492 1150 17.
1524 1113 1561 1148 in
1593 1113 1754 1148 Macedo-

1046 1162 1106 1196 nia
1138 1161 1229 1207 apud
1266 1161 1511 1195 Cassandriam
1553 1160 1754 1195 hibernant:

1048 1209 1192 1243 urbibus
1218 1207 1453 1242 Macedonicis
1476 1207 1672 1249 imminent,
1694 1207 1754 1241 im-

1047 1255 1167 1301 primis
1193 1254 1463 1289 Thessalonicae
1486 1254 1576 1298 245,
1603 1256 1635 1290 6.
1667 1265 1754 1288 com-

1046 1306 1162 1336 meatu
1186 1301 1369 1344 destituti,
1402 1301 1550 1335 reditum
1579 1300 1614 1334 in
1640 1300 1754 1335 Thra-

1047 1350 1136 1383 ciam
1169 1353 1316 1395 parant:
1366 1347 1510 1383 audiunt
1540 1347 1754 1393 praeclusum

1046 1395 1114 1429 sibi
1139 1395 1208 1430 iter
1231 1395 1323 1437 246,
1347 1396 1406 1431 21.
1440 1395 1477 1428 in
1509 1406 1632 1439 magno
1667 1398 1754 1429 metu

1046 1446 1251 1476 versantur:
1290 1440 1506 1476 Thessaliam
1532 1445 1654 1487 petunt
1674 1441 1754 1483 248,

1048 1491 1103 1525 15.
1127 1488 1222 1522 iuxta
1244 1488 1430 1534 Olympum
1449 1492 1754 1522 castrametantur:

1047 1547 1153 1581 agros
1177 1535 1339 1569 finitimos
1364 1535 1574 1581 populantur
1598 1534 1690 1576 248,
1724 1537 1754 1570 1.

1047 1582 1108 1628 qui
1132 1587 1168 1617 et
1192 1586 1276 1628 quot
1298 1582 1409 1617 Turci
1442 1583 1478 1616 in
1510 1592 1626 1616 eorum
1657 1593 1754 1616 exer-

1046 1630 1119 1664 citu
1142 1629 1275 1664 fuerint
1298 1627 1389 1670 248,
1412 1629 1445 1664 5.
1481 1628 1610 1663 Turcis
1634 1628 1754 1662 dimis—

1046 1676 1095 1711 sis
1109 1701 1120 1718 ,
1156 1676 1193 1710 in
1216 1676 1436 1710 Thessaliam
1458 1674 1652 1720 irrumpunt
1674 1673 1754 1718 249,

1045 1724 1081 1759 4.
1105 1723 1355 1758 Thessalorum
1380 1721 1560 1768 pecuniam
1586 1727 1622 1756 et
1645 1722 1754 1756 socie-

1045 1774 1151 1805 tatem
1175 1770 1332 1804 incertae
1357 1769 1434 1816 spei
1456 1769 1657 1815 praeferunt
1674 1770 1754 1811 251,

1046 1818 1080 1853 5.
1106 1816 1279 1862 superatis
1294 1815 1551 1861 Thermopylis,
1577 1815 1675 1850 iuxta
1688 1815 1754 1849 Ce-

1045 1864 1180 1911 phisum
1225 1866 1518 1897 castrametantur
1565 1863 1655 1904 251,
1701 1866 1754 1900 11.

1045 1910 1291 1945 Atheniensem
1316 1909 1507 1944 exercitum
1524 1908 1647 1943 callido
1666 1914 1754 1944 stra-

1045 1962 1222 2003 tagemate
1266 1956 1473 2002 profligant:
1529 1956 1671 1990 Thebas
1721 1959 1754 1990 et

1044 2004 1198 2039 Athenas
1222 2003 1385 2050 capiunt:
1410 2003 1446 2037 in
1467 2002 1513 2036 iis
1532 2002 1617 2037 locis
1641 2003 1754 2037 consi-

1044 2051 1131 2085 dunt
1164 2052 1247 2093 252,
1283 2051 1341 2086 21.
1385 2054 1518 2096 partem
1554 2049 1754 2085 Thessaliae

1045 2097 1229 2143 subigunt,
1254 2099 1387 2131 mortuo
1412 2097 1542 2132 Ioanne
1565 2096 1665 2130 Duca
1689 2096 1754 2130 Se·-

1044 2144 1283 2179 bastocratore
1304 2145 1373 2179 279
1384 2168 1396 2185 ,
1413 2145 1449 2180 5.
1469 2154 1542 2178 cum
1558 2143 1754 2188 Sphrantze

1042 2191 1255 2236 Palaeologo
1297 2190 1334 2224 in
1373 2189 1606 2225 Andronicum
1643 2189 1754 2224 iunio-

1044 2250 1116 2274 rem
1151 2237 1353 2284 conspirant
1386 2238 1479 2279 553,
1501 2237 1535 2271 5.
1574 2235 1686 2271 socios
1717 2248 1754 2271 se

1043 2284 1189 2320 Venetis
1213 2284 1407 2328 adiungunt
1429 2285 1509 2324 880,
1533 2283 1591 2318 20.

999 2331 1268 2374 Catalanorum,
1305 2329 1340 2364 in
1365 2328 1554 2364 Thessalia
1577 2329 1754 2364 dominan-

1044 2378 1143 2420 tium,
1166 2378 1260 2414 vires
1281 2376 1364 2411 luxu
1387 2375 1591 2411 debilitatae
1604 2377 1684 2418 657,
1698 2379 1754 2412 10.

999 2423 1165 2467 Catanes,
1191 2425 1262 2459 dux
1286 2424 1535 2465 Phocaeorum,
1561 2422 1754 2469 Mitylenen

1044 2472 1112 2507 sibi
1141 2471 1318 2512 vindicat,
1360 2469 1495 2505 navium
1528 2480 1667 2504 numero
1699 2482 1754 2504 so-

1045 2519 1110 2553 ciis
1147 2518 1322 2564 superior:
1367 2528 1508 2551 uxorem
1550 2521 1588 2552 et
1627 2516 1754 2552 liberos

1044 2566 1205 2601 Phocaea
1227 2562 1393 2606 arcessit3
1418 2574 1564 2609 quonam
1581 2563 1657 2598 iure
1674 2563 1754 2598 huic

1045 2612 1126 2647 urbi
1159 2610 1350 2658 praefuerit
1383 2610 1464 2652 525,
1496 2612 1555 2646 22.
1585 2610 1646 2645 ubi
1680 2610 1754 2645 vid.

1045 2662 1163 2694 annot.
1188 2658 1380 2704 Mitylenen
1402 2657 1513 2692 munit
1535 2658 1618 2699 529,
1641 2658 1677 2692 2.

999 2706 1154 2742 Cathara
1164 2705 1299 2745 ancilla,
1325 2716 1345 2740 a
1362 2703 1586 2739 Constantino
1599 2704 1754 2749 Despota

1045 2753 1130 2788 clam
1164 2763 1378 2798 compressa:
1422 2750 1514 2785 unde
1544 2755 1646 2785 natus
1684 2750 1754 2785 Mi-

1044 2799 1145 2835 chael
1168 2799 1339 2833 Catharus
1362 2799 1443 2841 293,
1467 2798 1501 2833 5.
1525 2797 1608 2838 294,
1634 2798 1687 2832 18.

199 2844 357 2881 Catalani
375 2843 532 2888 219,’2Ο.
557 2845 593 2881 ἰη
612 2845 727 2882 Asiam
751 2845 948 2882 traiiciunt:
996 2846 1170 2884 catharus
1186 2844 1374 2892 (Michael)
1390 2843 1606 2881 Constantini
1616 2843 1753 2890 Despo-
