1794 3172
236 123 338 176 834
643 128 959 176 NICEPHORI
987 128 1312 175 GREGORAE

14 253 54 289 Α.
70 253 117 289 Μ.
135 253 228 291 6856
239 240 427 300 παρέχειν
444 238 617 285 ἐδύνατο
637 239 889 296 συμμαχίαν.
913 240 982 282 καὶ
1003 243 1138 283 ταῦτα
1156 241 1231 296 μὲν
1250 232 1399 286 τοῦτον
1417 240 1508 299 ἴσχε
1527 243 1600 289 τὸν
1616 242 1717 303 τρό-

69 303 140 336 Ῑῃᾱ·
156 303 177 338 ¹
238 330 317 357 πον
335 326 346 337 ·
381 313 450 356 καὶ
472 310 493 355 ὃ
508 309 661 367 χειμὼν
682 311 724 352 ἐν
742 308 906 358 τούτοις
921 306 1121 353 ἐτελεύτα.

196 393 229 429 c
341 379 390 433 ς’.
420 381 537 439 ἶΆρτι
567 380 612 424 δὲ
639 383 715 423 τοῦ
742 377 860 435 ἡλίου
887 379 979 436 περὶ
1006 377 1166 435 τροπὰς
1191 379 1408 436 γενομένου
1429 380 1506 432 τὰς
1530 382 1716 437 ι’σημερι-

235 451 334 505 νὰς,
368 452 437 494 καὶ
458 454 533 495 τοῦ
556 453 672 507 κριοῦ
694 456 782 499 τοῖς
803 454 980 505 μακροῖς
999 448 1141 505 κέρασι
1162 448 1239 500 τὰς
1259 454 1335 493 τοῦ
1362 451 1552 494 ἐνιαυτοῦ
1577 449 1718 509 θύρας

236 523 279 572 ἐς
301 520 349 564 τὸ
378 524 455 576 τῆς
482 518 639 576 ’ἡμέρας
669 514 789 576 εὖρος
823 522 1024 574 λαμπρῶς
1054 519 1354 575 διανοίγοντος,
1392 520 1584 578 πρέσβεις
1610 521 1744 579 πρὸς5

236 591 309 635 τὸν
333 588 572 647 Τριβαλλὸν
595 586 617 631 ὅ
637 588 833 643 βασιλεὺς
856 585 1115 641 ἀπεστάλκει,
1145 587 1243 639 τοὺς
1266 588 1417 647 ὅρκους
1432 590 1595 641 καὶτὰς
1617 607 1718 634 συν-

235 658 377 716 θήκας
418 656 734 714 ἀναμνήσοντας
776 658 844 700 καὶ
872 656 949 712 τὴν
978 658 1133 700 ἐκεῖθεν
1173 658 1409 715 ἐλέγξοντας
1444 659 1714 718 παρέκβασιν.

236 729 321 772 ἐπεὶ
345 731 370 772 δ
377 728 390 744 ²
416 730 564 779 ἐκεῖνος
584 725 780 786 φρόνημα
799 726 992 783 μέγιστον
1011 727 1055 770 ἐκ
1073 731 1156 770 τῶν
1175 733 1356 785 συνεχῶν
1379 731 1588 787 τροπαίων
1610 729 1718 774 ἀνει-

235 799 380 857 ληφώς
408 797 621 856 ἄπρακτον
644 797 802 840 ἀπιέναι
832 796 961 848 εὐθὺς
993 797 1147 840 ἐκέλευε
1174 797 1251 854 τὴν
1280 800 1525 857 πρεσβείαν,
1557 799 1663 857 ἄρας
1695 797 1717 843 ὃ

234 868 431 924 βασιλεὺς
452 866 555 927 ἐξῄει
573 871 648 911 τοῦ
673 868 927 921 Βυζαντίου,
958 871 1184 922 μεσοῦντος
1205 867 1286 924 ἤδη
1300 859 1376 912 τοῦ
1395 864 1511 927 ἦρος,
1535 859 1717 927 στρατο-
1731 876 1785 912 10

196 936 426 995 Βλογήσων
442 955 487 981 τε
506 938 550 980 ἐκ
570 942 645 993 τῆς
669 934 839 997 Θρᾴκης
858 936 936 993 τὴν
955 935 1271 994 ἐνυπάρχουσαν
1294 936 1471 994 δύναμιν
1492 939 1592 983 κατ’
1616 940 1718 982 ἐκεί-

240 1026 314 1052 νου
351 1009 419 1051 καὶ
451 1007 525 1050 τὸν
555 1009 675 1064 φίλον
698 1006 853 1065 Ἀμοῦρ
888 1007 932 1059 ἐξ
956 1006 1095 1057 Ἀσίας
1123 1006 1495 1064 μεταπεμψόμενος
1515 1008 1620 1064 μετὰ
1641 1010 1719 1051 δυ-

240 1075 404 1132 νάμεων
425 1081 654 1134 Περσικῶν.
695 1074 716 1119 ὁ
746 1077 822 1132 μὲν
842 1071 917 1120 οὖν
943 1077 1139 1132 βασιλεὺς
1160 1076 1384 1133 ἑβδομαῖος
1411 1078 1454 1129 ἐς
1468 1076 1720 1134 Διδυμότει-

233 1165 311 1203 χον
334 1147 575 1205 ἀφικνεῖται.
634 1145 728 1204 (Β.)
769 1150 842 1206 Tap
862 1149 888 1189 δ
894 1146 907 1162 ³
925 1145 1082 1204 Ἀμοὺρ
1107 1146 1326 1205 ἠθροικότι
1350 1148 1545 1192 πλεῖστον
1575 1147 1718 1203 ὅμιλον

239 1218 410 1270 πεζικῶν
443 1234 488 1260 τε
521 1218 589 1260 καὶ
619 1216 794 1260 ἱππικῶν
825 1214 1041 1271 δυνάμεων
1073 1216 1187 1268 ἔδοξε
1201 1250 1215 1271 ,
1247 1219 1344 1276 πρὶν
1374 1218 1415 1268 ἐς
1449 1216 1621 1278 Θρᾴκην
1648 1219 1717 1260 καὶ
1733 1223 1775 1259 15

87 1286 228 1334 .V·425
239 1287 509 1331 Μακεδονίαν
530 1287 775 1342 διαβαίνειν,
809 1285 949 1330 ἄκοντι
970 1285 1285 1344 διαπράξασθαι
1305 1289 1374 1330 καὶ
1392 1285 1613 1346 πρόῤῥιζον
1632 1288 1719 1339 ἐξε-

237 1361 321 1400 λεῖν
332 1390 346 1411 ,
379 1358 415 1400 εἲ
439 1354 633 1410 δύναιτο,
665 1356 713 1399 τὸ
733 1357 776 1399 ἐν
797 1354 971 1414 Σμύρνῃ
996 1354 1197 1414 φρούριον
1218 1361 1302 1400 τῶν
1320 1358 1549 1410 Λατίνων,
1582 1354 1638 1407 ὥς
1656 1357 1717 1414 μὴ

238 1426 426 1485 ὀρφανὴν
451 1424 644 1476 ἀπιόντος
663 1426 792 1469 αὐτοῦ
812 1426 1180 1483 καταλελειμμένην
1199 1426 1276 1482 τὴν
1297 1424 1472 1485 πάτριον
1491 1430 1566 1483 γῆν
1586 1426 1718 1483 συχνὰ

238 1496 556 1554 κατατρέχοντες
587 1489 701 1539 οὗτοι
731 1497 953 1551 λη’ίζωνταί
979 1513 1022 1539 τε
1055 1498 1123 1539 καὶ
1151 1496 1204 1539 τὰ
1234 1496 1388 1551 ἔσχατα
1418 1497 1598 1554 δρῶντες
1617 1497 1718 1553 φαί-

109 1572 151 1607 Ρ.
161 1572 231 1609 526
243 1583 393 1610 νωνται
424 1569 508 1608 τῶν
536 1567 691 1610 δεινῶν.
728 1566 804 1621 τὴν
827 1565 904 1625 γὰρ
928 1566 1162 1622 Λατινικὴν
1183 1565 1316 1624 ὀφρὺν
1338 1565 1536 1610 οὐδέποτ’
1558 1563 1718 1624 ἧρεμή-
1729 1571 1776 1607 ΞΟ

239 1651 324 1679 σειν
343 1634 512 1692 ’ἤλπισεν
531 1635 572 1678 ἐν
596 1633 707 1692 ὅροις
722 1643 871 1691 μεῖναι,
904 1635 1049 1693 καιρὸν
1066 1636 1208 1687 ἐξιέναι
1227 1637 1294 1679 καὶ
1315 1635 1578 1693 κατατρέχειν
1600 1635 1719 1691 ἔχου-
1737 1684 1743 1692 ,

237 1721 328 1749 σαν.
366 1703 468 1748 ὅθεν
497 1703 759 1761 προσελάσας
788 1704 1059 1762 προύκαλεῖτο
1080 1706 1185 1763 πρὸς
1213 1704 1407 1760 πόλεμον.
1447 1705 1486 1748 οἳ
1516 1705 1561 1747 δὲ
1579 1723 1719 1763 παρα-

234 1779 379 1833 χρῆμα
398 1774 474 1824 τὰς
492 1776 722 1826 πανοπλίας
741 1773 1021 1830 ἀναλαβόντες
1042 1778 1098 1826 εἰς
1112 1774 1250 1832 μάχην
1271 1773 1440 1834 ἐξῄεσαν
1452 1807 1467 1829 ,
1496 1774 1572 1831 οὐχ
1592 1769 1718 1830 ἦττον

329 1873 366 1908 2.
389 1869 598 1917 ἕτελεύτᾱ.]
633 1873 688 1908 Ad
709 1872 800 1907 hunc
823 1872 995 1928 locum'in
1018 1884 1087 1918 mg.
1117 1873 1268 1908 eiusdem
1293 1884 1412 1918 apogr.
1440 1872 1526 1907 haec
1552 1874 1719 1906 annotata

335 1923 434 1975 sunt:
460 1918 653 1964 μετέπειτα
673 1920 743 1955 τοῦ
758 1932 1033 1964 πρωτογραφου
1059 1918 1103 1955 τὸ
1127 1918 1263 1966 ἥμισυ,
1287 1920 1351 1956 καὶ
1370 1918 1409 1964 ἐξ
1433 1917 1559 1966 ἑτέρου
1582 1918 1720 1965 μέρους

334 1978 437 2001 απαν
456 1965 496 2002 τὸ
517 1965 660 2012 φύλλον
679 1962 818 2013 εὑρέθη
839 1963 1097 2013 ἀγράμματον.

243 2056 318 2127 ζετο
342 2045 471 2081 afferre
490 2057 558 2082 non
578 2046 706 2094 potuit.
752 2046 802 2083 Et
829 2047 916 2083 haec
942 2046 1079 2095 quidem
1104 2047 1156 2083 ita
1179 2059 1218 2083 se
1240 2048 1455 2091 habuerunt3
1487 2058 1531 2082 ac
1551 2046 1660 2082 hiems
1682 2046 1719 2082 in

269 2092 298 2126 is
324 2092 444 2126 exivit.

338 2140 371 2174 6.
396 2138 481 2173 Cum
497 2139 548 2174 sol
565 2138 849 2185 aequinoctialem
866 2139 993 2175 flexum
1010 2140 1206 2186 attigisset,
1229 2144 1266 2175 et
1283 2139 1364 2175 anni
1383 2143 1522 2187 portas,
1542 2141 1587 2175 ad
1608 2140 1719 2187 expli-

245 2184 392 2219 candum
416 2185 522 2220 latius
546 2185 655 2229 diem,
680 2185 791 2230 longis
814 2186 974 2222 cornibus
995 2187 1096 2222 Aries
1116 2187 1290 2234 aperiret,
1315 2187 1451 2232 legatos
1469 2188 1656 2233 imperator
1674 2187 1719 2222 ad

248 2231 441 2266 Triballum
460 2231 563 2274 misit,
589 2233 650 2279 qui
670 2232 844 2267 foederum
866 2245 906 2268 ac
922 2234 1116 2280 pactionum
1133 2234 1460 2269 commonefacerent
1484 2239 1520 2269 et
1541 2234 1624 2268 fidei
1645 2233 1721 2267 vio-

249 2277 342 2313 latae
361 2284 560 2324 arguerent.
610 2280 732 2313 Verum
748 2278 798 2321 is,
821 2280 903 2325 quia
921 2281 1103 2316 continuae
1122 2281 1293 2316 victoriae
1313 2281 1476 2316 maximos
1502 2280 1553 2315 illi
1575 2280 1721 2327 spiritus

249 2324 450 2367 attulerant,
473 2325 607 2359 irritam
628 2324 833 2370 legationem
851 2327 1024 2363 facessere
1044 2328 1159 2363 statim
1176 2327 1287 2362 iussit.
1311 2328 1434 2372 Itaque
1452 2328 1638 2373 imperator
1647 2327 1720 2372 By-

250 2371 366 2406 zantio
387 2382 571 2418 egressus,
595 2372 707 2406 medio
732 2372 800 2407 iam
826 2385 929 2416 vere,
951 2380 1022 2409 tum
1040 2379 1080 2410 ut
1096 2375 1236 2421 copiae,
1261 2385 1349 2419 quae
1372 2373 1409 2408 in
1431 2373 1586 2408 Thracia
1607 2377 1729 2416 erant,-

250 2417 415 2452 adversus
432 2418 536 2454 istum
553 2422 697 2463 cogeret
708 2444 719 2460 ,
741 2424 812 2453 tum
830 2424 870 2454 ut
889 2421 1031 2455 amicum
1053 2421 1226 2456 Amuriurn
1242 2425 1278 2455 et
1293 2420 1386 2455 vires
1404 2432 1480 2455 cum
1500 2431 1540 2455 eo
1560 2419 1721 2454 Persicas

244 2476 290 2499 ex
309 2463 393 2499 Asia
419 2470 628 2507 arcesseret,
653 2465 799 2511 septimo
816 2471 895 2511 post
917 2467 974 2502 die
991 2468 1266 2514 Didymotichum
1291 2467 1460 2514 pervenit.
1508 2466 1592 2512 (ΙΙ.)
1616 2468 1721 2502 Amu-

245 2510 332 2552 lius,
356 2512 501 2546 maxima
523 2511 675 2558 peditum
696 2512 915 2559 equitumque
932 2519 1053 2550 coacta
1070 2514 1296 2556 multitudine,
1321 2513 1512 2554 constituit,
1536 2517 1720 2558 antequam

247 2557 283 2593 in
300 2558 487 2593 Thraciam
503 2569 545 2592 ac
559 2557 795 2593 Macedoniam
813 2561 989 2603 transiret,
1012 2562 1050 2596 vi
1066 2572 1267 2607 expugnare
1285 2566 1320 2595 et
1332 2560 1488 2594 funditus
1504 2559 1721 2602 exscindere,

249 2603 280 2638 si
294 2609 423 2650 posset,
442 2604 620 2640 castellum
630 2604 726 2647 illud,
744 2605 835 2651 quod
845 2607 961 2642 Latini
971 2609 1139 2654 Smyrnae
1148 2607 1340 2649 habebant3
1358 2618 1402 2641 ne
1416 2607 1443 2641 ii
1461 2607 1619 2653 patriam,
1632 2608 1722 2652 quae

249 2650 318 2685 isto
338 2652 490 2687 abeunte
506 2652 592 2687 orba
607 2651 886 2697 relinquebatur,
909 2655 1041 2689 crebris
1059 2653 1312 2689 incursionibus
1331 2658 1529 2695 vastantes,
1554 2651 1722 2699 gravissi-

251 2708 304 2731 ma
323 2709 482 2744 quaeque
499 2702 751 2745 perpetrarent.
779 2698 934 2741 Latinam
952 2701 1041 2737 enim
1061 2699 1292 2746 arrogantiam
1308 2700 1535 2746 praevidebat
1552 2711 1618 2734 non
1634 2704 1720 2733 tem·

190 2757 191 2760 ¹
251 2749 448 2789 paraturam
469 2745 536 2780 sibi
556 2757 647 2787 esse,
672 2745 723 2780 sic
742 2748 781 2779 ut
799 2745 914 2782 oblata
932 2748 1036 2782 semel
1054 2747 1202 2783 exeundi
1220 2746 1493 2793 excurrendique
1513 2745 1719 2793 opportuni-

250 2793 337 2832 tate,
361 2791 432 2826 suis
453 2804 491 2826 se
510 2792 634 2827 finibus
650 2791 855 2827 contineret.
886 2793 1043 2829 Admotis
1060 2794 1178 2840 itaque
1196 2793 1319 2840 copiis,
1338 2793 1383 2828 ad
1397 2805 1544 2840 pugnam
1562 2804 1622 2827 eos
1639 2803 1721 2838 pro-

250 2840 364 2873 vocat.
395 2838 444 2873 Hi
464 2839 581 2875 statim
600 2838 751 2886 arreptis
768 2839 871 2874 armis
889 2845 1076 2887 pugnatum
1093 2843 1242 2884 exeunt,
1264 2840 1398 2877 viribus
1412 2851 1481 2876 non
1495 2839 1605 2876 minus
1622 2849 1721 2885 quam
