1794 3172
276 132 409 183 1124
682 136 997 184 NICEPHORI
1030 136 1354 183 GREGORAE

53 258 91 292 Α.
110 258 155 291 Μ.
173 257 264 295 6859
276 246 470 308 προφήτῃ
499 243 710 305 λεγόμεναι
725 244 904 308 Ἡσαΐᾳ·
943 243 1215 303 ἐπιλήψονται
1245 247 1348 292 ἑπτὰ
1370 254 1554 306 γυναῖκες
1581 247 1753 307 ἀνθρώ-

106 305 215 341 md‘4
275 338 355 364 που
385 318 497 371 ἑνὸς,
536 316 750 374 λέγουσαι,
788 317 836 361 τὸ
869 315 1001 372 ὄνομά
1028 333 1104 361 σου
1135 316 1353 374 κεκλήσθω
1384 318 1454 377 ἐφ’
1483 317 1611 376 ἡμᾶς)
1649 317 1753 362 ἔπτὰ

121 396 165 433 Ρ.
183 395 253 434 704
275 384 488 443 πνεύματά
511 387 635 440 εἰσιν,
675 385 702 429 ἃ
722 386 870 444 μικρὸν
887 385 1061 444 ὕστερον
1085 384 1106 430 ὅ
1129 387 1254 438 αὐτὸς
1283 379 1404 438 οὗτος
1429 386 1648 446 προφήτης
1676 406 1753 431 κα-

274 461 576 515 ταριθμεῖσθαι
594 456 729 511 με’λλει
740 490 755 511 ,
787 454 843 507 ὥς
863 455 1210 512 ε’παναπαυόμενα
1229 458 1293 500 ἐπὶ
1322 457 1394 501 τὸν
1411 458 1455 500 ἐκ
1479 457 1590 516 ῥίζης
1603 458 1754 501 Ἰεσσαὶ

275 529 464 579 ἐξανθεῖν
493 526 697 581 μέλλοντα
711 539 721 551 ·
763 530 923 581 πνεῦμα
943 527 1095 584 σοφίας
1114 529 1182 569 καὶ
1202 526 1422 581 συνέσεως,
1460 531 1620 582 πνεῦμα
1643 532 1781 582 βου-5

274 601 349 653 λῆς
384 598 452 639 καὶ
476 593 640 651 ἴσχύος,
675 599 836 651 πνεῦμα
855 593 1042 653 γνώσεως
1067 597 1135 639 καὶ
1164 596 1372 651 εὐσεβείας
1381 630 1395 650 ,
1427 601 1588 652 πνεῦμα
1615 594 1752 654 φόβου

274 670 393 710 θεοῦ.
437 664 543 722 ἅπερ
563 664 632 708 διὰ
656 664 702 708 τὸ
723 663 881 716 πάντας
901 666 1100 718 ἐκκλῖναι,
1137 667 1204 709 καὶ
1224 665 1312 721 ἅμα
1336 665 1616 723 ἀχρειωθῆναι
1627 699 1641 719 ,
1680 666 1755 709 οὐκ

275 735 422 792 ἔχοντα
451 729 484 795 ᾧ
516 732 850 778 ἐπαναπαῦσεται
880 734 1123 792 ἀγαπητῶς,
1158 740 1233 779 τοῦ
1262 735 1369 779 κατὰ
1397 735 1469 779 τὸν
1504 734 1647 793 κύριον
1679 735 1756 778 ἀν-

275 803 454 864 θρώπου
473 802 699 859 λαβόμενα,
736 812 846 848 ποιεῖ
860 804 915 848 τὰ
934 804 1283 863 ἀναγεγραμμένα.
1321 805 1440 863 ἀργεῖ
1461 804 1539 863 γὰρ
1558 805 1607 849 τὸ
1631 809 1756 848 πνεῦ-

239 889 340 931 Βμα
365 879 441 932 τῆς
472 872 661 932 γνώσεως
683 875 845 930 καὶτῆς
866 874 1074 930 εὐσεβείας
1105 876 1147 918 ἐν
1176 881 1356 932 καιροῖς,
1397 873 1463 918 ὅτε
1493 874 1568 918 οὐκ
1595 874 1703 918 ἔστιν
1732 872 1794 922 611

277 945 456 997 συνιὼν,
496 943 570 987 οὐκ
598 942 708 987 ἔστιν
736 941 757 987 ὅ
789 945 966 1000 ἐκζητῶν
995 943 1068 988 τὸν
1096 942 1221 988 θεόν·
1255 946 1326 988 ’καὶ
1346 945 1467 988 οἱονεὶ
1487 943 1641 995 ὄνειδός
1671 945 1758 987 ε’στι

277 1021 371 1065 ταῖς
390 1014 555 1070 ἀρεταῖς
574 1013 620 1056 τὸ
641 1014 800 1069 μηδένα
821 1013 921 1058 εἶναι
943 1013 1016 1057 τὸν
1038 1012 1304 1070 ἀντεχόμενον
1327 1014 1489 1068 αὐτῶν,
1521 1013 1615 1056 ἀλλ’
1637 1014 1759 1058 οἱονεὶ

275 1081 462 1142 χηρεύειν
485 1082 615 1133 αὐτὰς
626 1116 640 1136 ,
678 1082 831 1144 ἀπορία
855 1088 929 1139 τῆς
947 1082 1252 1140 ὑποδεχομένης
1273 1084 1403 1134 αὐτὰς
1421 1088 1574 1140 ψυχῆς.
1609 1083 1659 1126 τὸ
1678 1083 1757 1140 γὰρ

280 1154 439 1210 μηδένα
463 1154 698 1208 δυνηθῆναι
720 1151 822 1196 ἑλεῖν
844 1158 903 1212 τῷ
927 1154 1059 1212 οῗκείῳ
1091 1152 1252 1207 κάλλει,
1291 1153 1388 1197 ἀλλ’
1422 1154 1683 1209 ἓναπομεΐναι
1705 1157 1758 1211 τῇ

282 1224 454 1283 ἐρημίᾳ,
494 1220 631 1280 ὥσπερ
669 1223 738 1265 καὶ
774 1226 857 1266 τῶν
890 1222 1047 1281 ἀρετῶν
1079 1225 1194 1266 δοκεΐ
1219 1221 1528 1266 καθάπτεσθαι.
1587 1221 1608 1266 ὃ
1638 1223 1680 1265 δ’
1714 1224 1757 1265 ἐν
1770 1235 1794 1270 1;

281 1291 417 1351 ἑαυτῷ
447 1295 529 1334 πᾶν
559 1290 667 1342 εἶδος
690 1292 839 1350 ἀρετῆς
868 1292 975 1335 κατὰ
1003 1292 1079 1348 τὴν
1103 1292 1234 1350 ἄκραν
1261 1294 1463 1336 τελείωσιν
1493 1289 1761 1335 ἐπιδεικνύναι

239 1376 271 1411 c
280 1362 441 1419 μέλλων
475 1361 646 1419 ἀφαιρεῖ
661 1361 733 1405 τὸν
754 1360 983 1417 ὀνειδισμὸν
1006 1361 1082 1404 ἀπ’
1106 1361 1286 1406 αὖτῶν.”
1334 1361 1425 1405 ἰδοὺ
1448 1363 1516 1404 καὶ
1544 1356 1666 1412 οὗτος
1685 1361 1761 1417 οὐχ

281 1431 377 1489 ἅγια
397 1428 611 1486 πνεύματα
628 1431 729 1487 λε’γει
747 1432 882 1484 ταυτὶ,
913 1431 1011 1474 ἀλλ’
1034 1430 1182 1490 ἀρετὰς
1201 1431 1469 1489 ἀνθρωπίνας
1496 1429 1761 1475 ἐπαναπαυό-

281 1519 385 1558 μενα
405 1504 577 1560 Χριστῷ
600 1500 705 1543 κατὰ
724 1500 772 1544 τὸ
797 1498 1073 1557 ἀνθρώπινον.
1146 1500 1241 1561 (Δ.)
1273 1503 1360 1545 Καὶ
1380 1499 1401 1544 ὃ
1420 1500 1546 1557 μέγας
1566 1503 1591 1543 δ
1597 1500 1610 1516 ²
1634 1496 1761 1551 αὖθις

275 1568 542 1623 Ἀθανάσιος,
566 1569 670 1624 πρὸς
688 1571 933 1628 Σεραπίωνα
951 1570 1024 1614 τὸν
1047 1571 1265 1614 ἐπίσκοπον
1286 1572 1377 1628 περὶ
1399 1575 1473 1614 τοῦ
1496 1568 1614 1628 ἁγίου
1635 1568 1794 1620 uveni-21

281 1657 415 1697 ματος
437 1638 611 1699 γράφων
646 1641 715 1684 καὶ
742 1639 842 1691 τοὺς
859 1638 1246 1698 Πνευματομάχους
1268 1641 1464 1698 ἐλέγχων,
1499 1641 1542 1684 ἐν
1569 1644 1629 1700 τῷ
1654 1657 1759 1699 προ-

374 1760 410 1798 4.
435 1759 772 1807 ἐπαναπαυσόμενα
799 1762 887 1797 coni.
915 1762 1050 1809 Capp.‚
1076 1761 1160 1810 quia
1179 1761 1282 1799 Iesai.
1299 1773 1334 1798 c.
1350 1772 1400 1798 xx.
1418 1764 1472 1799 est
1490 1757 1759 1799 ἀναπαύσεται.

375 1810 432 1846 18.
456 1807 789 1856 ἐπαναπαυομένας
807 1809 895 1845 coni.
914 1810 1028 1856 Capp.

284 1914 379 1959 ptem
387 1911 465 1947 illas
482 1913 652 1957 mulieres,
666 1913 729 1960 (de
748 1913 871 1960 quibus
888 1913 938 1948 ita
947 1912 1102 1960 loquitur
1109 1912 1240 1948 Iesaias
1257 1912 1446 1959 propheta=
1466 1911 1645 1948 Hominem
1656 1923 1759 1953 unum

285 1964 419 2004 septem
448 1961 709 2005 apprehendent
734 1961 892 1996 mulieres
921 1964 958 1994 et
986 1960 1125 1994 dicent:
1156 1960 1292 1994 Nomen
1316 1965 1411 1994 tuum
1435 1972 1539 2006 super
1563 1971 1625 1993 nos
1660 1959 1760 1993 invo-

287 2011 387 2040 cetur
397 2005 429 2050 ‚)
453 2011 583 2051 septem
601 2020 678 2042 esse
706 2007 866 2053 spiritus,
894 2018 982 2051 quos
1008 2007 1109 2052 paulo
1128 2010 1206 2052 post
1227 2011 1483 2041 enumeraturus
1498 2011 1551 2041 est
1577 2006 1759 2052 propheta,

285 2052 385 2086 velut
401 2064 506 2098 super
532 2065 607 2087 eum
624 2054 862 2099 requieturos,
886 2053 944 2098 qui
965 2053 1009 2087 de
1027 2053 1144 2088 radice
1163 2053 1256 2087 Iesse
1282 2052 1378 2087 floris
1398 2053 1433 2087 in
1450 2054 1582 2088 modum
1600 2063 1759 2097 egressu-

288 2109 349 2133 rus
365 2102 461 2139 erat3
487 2099 642 2144 spiritum
669 2100 831 2135 videlicet
855 2099 1048 2145 sapientiae
1069 2104 1104 2134 et
1131 2100 1351 2141 intellectus,
1379 2100 1536 2146 spiritum
1565 2098 1697 2134 consilii
1724 2102 1762 2132 et

289 2144 525 2188 fortitudinis,
549 2146 705 2192 spiritum
723 2146 888 2181 scientiae
909 2150 945 2180 et
962 2146 1124 2191 pietatis,
1149 2147 1307 2192 spiritum
1327 2146 1461 2181 timoris
1478 2146 1555 2181 Dei.
1587 2145 1659 2186 Qui
1683 2144 1761 2190 qui-

289 2191 368 2225 dem
386 2191 545 2236 spiritus,
580 2205 621 2227 eo
650 2193 741 2239 quod
771 2204 885 2227 omnes
909 2204 931 2226 a
956 2193 1163 2228 rectitudine
1183 2193 1411 2227 declinassent
1437 2196 1473 2227 et
1495 2192 1593 2227 simul
1619 2191 1761 2226 inutiles

290 2237 376 2272 facti
397 2242 531 2279 essent,
555 2250 627 2274 cum
644 2240 712 2274 iam
735 2239 820 2274 nihil
845 2239 1011 2274 haberent
1035 2239 1120 2282 loci,
1145 2240 1204 2274 ubi
1221 2240 1370 2274 iucunde
1386 2238 1663 2284 requiescerent3
1684 2249 1762 2271 eum

290 2283 353 2330 qui
369 2283 437 2318 fuit
454 2284 489 2318 in
505 2284 647 2320 Domino
666 2287 743 2320 Iesu
762 2285 926 2320 hominem
941 2286 1224 2332 apprehendunt,
1248 2290 1284 2321 et
1308 2286 1358 2320 ita
1382 2297 1604 2331 quaecunque
1631 2285 1762 2329 scripta

291 2334 377 2365 sunt
396 2330 592 2376 adimplent.
640 2333 742 2367 Tunc
757 2333 843 2367 enim
861 2333 1010 2367 feriatur
1023 2332 1169 2378 »spiritus
1182 2332 1348 2367 scientiae
1364 2337 1400 2366 et
1415 2332 1558 2378 pietatis
1569 2356 1578 2370 ‚
1600 2343 1673 2365 cum
1694 2342 1762 2364 non

290 2380 347 2411 est
367 2377 536 2423 quispiam
554 2377 772 2423 intelligens,
796 2391 909 2424 neque
929 2379 1101 2425 quispiam
1119 2379 1227 2414 Deum
1244 2379 1445 2424 requirent-‚3
1470 2384 1506 2413 et
1527 2378 1628 2423 quasi
1655 2377 1762 2411 dede-

290 2435 373 2458 core
394 2424 541 2458 virtutes
564 2424 784 2468 afficiuntur,
809 2437 883 2460 cum
909 2437 1006 2461 nemo
1034 2438 1094 2460 eas
1122 2425 1359 2471 amplectitur:
1383 2425 1446 2460 sed
1471 2425 1650 2459 viduarum
1669 2435 1761 2458 more

290 2470 415 2505 nullam
434 2476 577 2517 possunt
604 2471 758 2516 reperire
785 2472 949 2515 animam,
973 2484 1061 2517 quae
1079 2471 1177 2518 ipsas
1203 2472 1288 2506 velit
1308 2472 1493 2518 suscipere.
1541 2471 1645 2512 Quod
1673 2470 1762 2504 enim

290 2516 435 2562 propria
460 2528 523 2552 sua
549 2517 806 2564 pulchritudine
826 2530 951 2564 capere
979 2518 1142 2553 neminem
1163 2519 1315 2564 possint,
1340 2519 1401 2553 sed
1425 2519 1462 2553 in
1484 2518 1671 2552 solitudine
1701 2528 1764 2551 sua.

291 2568 538 2607 permaneant,
572 2564 638 2598 hoc
669 2564 819 2599 virtutes
854 2565 1121 2611 reprehensione
1157 2565 1301 2611 quadam
1335 2565 1572 2611 perstringere
1609 2564 1762 2598 videtur.

289 2609 419 2644 Verum
445 2610 505 2656 qui
528 2622 658 2646 omnem
676 2610 818 2646 virtutis
843 2611 882 2646 in
902 2623 942 2646 se
965 2612 1115 2656 speciem
1145 2613 1190 2646 ad
1219 2624 1366 2647 summae
1391 2609 1616 2658 perfectionis
1644 2610 1762 2654 apices

290 2661 492 2691 ostensurus
509 2661 582 2699 est,
606 2657 637 2692 is
659 2658 877 2703 opprobrium
894 2660 937 2692 ab
956 2659 1007 2693 eis
1027 2657 1173 2692 aufert?
1197 2659 1292 2693 Ecce
1310 2659 1366 2694 hic
1385 2670 1521 2705 quoque
1541 2660 1680 2691 sanctus
1699 2657 1763 2690 do-

290 2706 367 2737 ctor
392 2702 536 2748 spiritus
565 2704 629 2739 hos
654 2715 721 2739 non
746 2709 884 2739 sanctos
908 2705 1064 2751 appellat
1083 2705 1247 2750 spiritus,
1270 2717 1387 2739 verum
1414 2706 1579 2739 humanas
1601 2703 1763 2743 virtutes,

289 2749 433 2794 quaein
451 2749 594 2785 Christo
611 2755 781 2796 quatenus
804 2750 939 2785 homine
965 2751 1196 2796 requiescant.
1243 2752 1345 2797 (IV.)
1368 2751 1519 2797 Magnus
1546 2749 1627 2784 item
1656 2749 1764 2783 Atha-

291 2795 408 2829 nasius
421 2821 432 2840 ,
457 2796 606 2842 epistola
625 2797 734 2843 prima
751 2797 793 2832 ad
813 2798 1051 2842 Serapionem,
1072 2797 1313 2833 Thmuitenum
1336 2798 1553 2844 episcopum,
1579 2797 1623 2830 de
1642 2798 1763 2829 sancto

289 2841 426 2889 Spiritu
450 2843 630 2888 scribens,
651 2846 690 2881 et
715 2843 1043 2882 Pneumatouiachos
1067 2844 1248 2892 refellens,
1272 2844 1331 2892 qui
1347 2856 1425 2881 sese
1446 2843 1653 2882 iactitabant
1672 2840 1765 2888 apud
