1794 3172
327 124 648 174 HISTORIAE
673 119 1048 169 BYZANTINAE
1074 118 1233 166 XVIII.
1254 125 1298 169 7.
1435 112 1539 162 903

52 239 148 298 παρ’
171 238 272 295 ὅλην
290 239 441 294 μικροῦ
461 234 538 292 τὴν
555 234 767 293 ἱστορίαν,
805 231 885 278 ὅσα
907 232 983 288 μὲν
997 227 1118 289 φύσει
1144 246 1190 274 τε
1210 231 1278 274 καὶ
1304 229 1538 288 προαιρέσει
1561 241 1650 275 A.c.
1667 239 1758 277 1351

51 314 212 367 προσῆν
249 305 485 364 ἐγκλήματα
515 309 576 364 τῷ
607 309 793 360 βασιλεῖ,
838 306 932 361 σιγῇ
962 298 1218 358 κρύψαντες,
1266 301 1449 351 ἐπαίνοις
1486 289 1756 372 τὸῐᾛὶιὲοέὡ

52 383 191 422 πλεῖον
204 377 272 421 διὰ
287 379 428 435 φιλίαν
449 373 750 432 ἐχαρισάμεθα,
775 375 842 416 καὶ
863 372 951 428 ἅμα
971 370 1040 414 διὰ
1062 370 1109 414 τὸ
1131 368 1325 428 σύνεργον
1345 372 1413 414 καὶ
1431 375 1576 415 cvl-C
1669 360 1678 369 ⁰

53 447 242 504 λήπτορα
274 451 358 490 τῶν
388 449 464 501 τῆς
492 445 700 498 εὐσεβείας
738 442 840 498 ἔχειν
876 439 1046 499 ἀγώνων
1081 439 1234 494 αὐτὸν,
1278 431 1454 495 βασιλέα
1490 459 1534 485 τε
1551 425 1686 465 V·46⁰

24 518 162 563 5ὄντα
198 518 266 560 καὶ
294 514 343 559 τὸ
373 519 457 558 πᾶν
476 515 519 557 ἐν
539 518 590 572 τῇ
606 514 714 571 χειρὶ
737 517 813 568 τῆς
836 514 950 567 νίκης
968 507 1254 567 καρπούμενον
1274 510 1343 552 διὰ
1362 509 1439 566 τὴν
1457 509 1536 568 ἄρ·-

53 586 154 643 χήν·
190 590 264 630 νῦν
294 587 319 629 (5
327 585 340 601 ²
369 581 711 641 ἄνακαλυπτήρια
734 582 849 640 παρὰ
871 586 1010 625 πᾶσαν
1035 581 1272 638 προαίρεσιν
1299 577 1440 633 θύειν,
1480 578 1578 631 ὥςῙ)

54 659 177 700 εἰπεῖν
188 689 201 709 ,
250 654 399 712 ἥκιστα
427 651 594 697 πάντων
623 646 836 707 ὅκνοῦμεν.
897 654 1062 706 πρῶτον
1089 650 1166 704 μὲν
1192 649 1271 707 γὰρ
1313 651 1430 692 αἲδοῖ
1453 654 1537 694 τῶν

53 724 263 770 συνόντων
281 729 332 783 τῇ
353 721 548 782 ἀκροάσει
567 723 635 766 καὶ
653 720 752 778 ἡμῖν
773 720 1107 778 ἀγωνιζομένοις,
1144 717 1249 776 ὑπὲρ
1272 719 1371 769 τοὺς
1391 737 1541 777 τετρα-

54 796 220 846 κοσίους
250 811 330 838 που
363 791 531 844 πάντως
567 791 721 846 ὄντων,
771 790 936 850 ἀνδρῶν
971 789 1142 846 εὐγενῶν
1173 788 1326 843 ἀναμὶξ
1357 791 1425 831 καὶ
1455 794 1540 833 τῶν

0 873 44 910 10
54 865 192 916 ἄλλως
208 862 400 920 ἐχόντων,
427 864 496 906 καὶ
518 861 606 918 ἅμα
625 862 867 917 βασιλίδων,
889 862 958 904 καὶ
978 859 1073 903 ὅσαι
1093 856 1297 916 συνῄεσαν
1320 857 1444 901 ι’ίλλαι
1463 863 1540 915 τῆς

53 933 197 994 φήμης
227 931 576 990 δημαγωγούσης,
612 932 753 989 γένους
783 933 852 974 καὶ
880 930 1003 974 αὐταὶ
1024 928 1131 973 καθ’
1157 928 1295 986 ἕτερον
1323 925 1446 985 λόγον
1478 929 1533 972 τοὶ

53 1009 201 1062 πρῶτα
221 1004 445 1062 φέρουσαι,
483 1005 619 1045 λαλεῖν
639 1001 716 1057 τὴν
738 998 942 1057 ἀλήθειαν
966 997 1067 1043 εἶναι
1088 998 1247 1055 χρεὼν,
1284 997 1343 1054 μὴ
1366 1015 1537 1055 προφα-

52 1079 135 1125 νῶς
169 1074 287 1117 αὐτοὶ
317 1071 479 1123 ἑαυτοῖς
511 1069 806 1127 καταγνώσεως
839 1069 889 1113 οὗ
922 1066 1038 1125 μάλα
1071 1086 1135 1111 τοι
1164 1069 1383 1124 ἐλαχίστης
1412 1068 1535 1111 αἴτιοι

51 1147 318 1197 καθιστῶμεν
351 1143 420 1185 καὶ
456 1141 509 1185 τὰ
538 1145 613 1197 τῆς
633 1141 792 1184 ἐκείνων
808 1137 959 1196 χλεύης
991 1136 1149 1188 ἑκόντες
1179 1137 1249 1195 ἐφ’
1271 1136 1445 1188 ἑαυτοὺς
1464 1136 1576 1181 {Ji-E

0 1221 43 1259 15
54 1212 241 1268 κύσωμεν
265 1213 423 1256 δίκτυα.
461 1208 651 1267 δεύτερον
678 1211 723 1254 δὲ
750 1209 848 1252 κάπὶ
866 1210 942 1265 μὲν
970 1213 1054 1252 τῶν
1077 1207 1214 1251 ἄλλων
1243 1205 1439 1251 ἁπάντων
1449 1240 1463 1261 ,
1500 1210 1536 1251 εἲ

52 1284 170 1344 φιλίᾳ
188 1299 250 1333 τις
263 1283 511 1339 χαρίζεσθαι
534 1280 695 1333 θέλων,
731 1278 856 1323 ἔπειτ’
879 1280 1006 1323 ἐνίοτε
1037 1280 1105 1321 καὶ
1132 1279 1296 1333 ἐνιαχοῦ
1324 1274 1537 1333 ψευδόμε-

51 1369 123 1403 νος
153 1353 369 1410 φαίνοιτο,
406 1352 638 1408 συγχωροίη
668 1348 721 1393 ἂν
747 1347 867 1404 οἶμαί
893 1366 956 1400 τις
984 1348 1107 1401 ἴσως,
1143 1346 1257 1398 ὅστις
1277 1344 1438 1402 ὁμοίαις
1459 1348 1536 1403 ἐμ-

52 1422 236 1465 πέπτωκε
262 1419 408 1478 τύχαις
436 1422 504 1464 καὶ
530 1421 710 1477 πείραις·
747 1413 797 1462 οὗ
830 1420 876 1462 δὲ
902 1417 1004 1468 θεὸς
1031 1417 1078 1461 τὸ
1107 1414 1464 1471 κινδυνευόμενον,
1500 1418 1536 1460 εἴ

53 1489 388 1549 ἐγκαλύπτεσθαί
404 1507 467 1541 τις
487 1487 703 1534 &mannate
722 1486 943 1543 βούλοιτο,
965 1485 1132 1530 πάντων
1155 1485 1269 1542 οἶμαι
1291 1492 1383 1537 ταῖς
1399 1483 1534 1543 γλώτ-

0 1563 146 1612 ξοταις
179 1560 448 1618 ἦκονημέναις
475 1561 518 1611 ἐξ
545 1556 784 1614 αὐτομάτου
817 1557 922 1615 πρὸς
949 1556 1026 1607 τὰς
1054 1555 1186 1599 αὐτοῦ
1223 1557 1433 1613 λοιδορίας
1462 1556 1572 1602 {ze-11*

54 1628 290 1686 τυγχάνειν·
326 1631 396 1672 καὶ
428 1627 450 1672 ὅ
475 1626 613 1671 πάντα
642 1627 776 1671 τᾶλλα
803 1626 1120 1679 ἐπιεικέστατος,
1158 1627 1194 1669 εἷ
1216 1625 1276 1682 μὴ
1312 1623 1438 1676 λάλος
1465 1625 1533 1668 ἐν-

53 1704 200 1744 ταῦθα
228 1696 423 1754 βούλοιτο
453 1699 665 1756 γίγνεσθαι
699 1699 768 1741 καὶ
797 1694 998 1755 γλώτταις
1019 1694 1134 1746 ὅλαις
1162 1694 1307 1753 τάνδρὶ
1340 1698 1531 1756 νεμεσᾷν,

149 1788 207 1824 19.
228 1799 286 1829 τις
308 1798 373 1822 em.
391 1784 495 1821 Boiv.
516 1796 580 1831 pro
601 1796 654 1821 τε.

55 1858 140 1900 bra,
165 1868 207 1892 eo
229 1856 321 1902 quod
344 1855 379 1890 in
399 1859 477 1890 tota
495 1855 571 1889 fere
589 1853 755 1897 historia,
777 1863 1001 1901 quaecunqne
1019 1864 1081 1887 seu
1100 1856 1245 1888 naturae
1265 1862 1326 1886 seu
1343 1850 1533 1886 voluntatis

55 1904 143 1940 vitio
161 1904 304 1938 crimina
318 1902 369 1937 illi
386 1901 588 1949 imperatori
606 1901 761 1944 inerant,
785 1901 922 1936 silentio
943 1899 1189 1946 presserimus,
1214 1910 1255 1934 ac
1272 1898 1308 1932 in
1326 1909 1368 1932 eo
1386 1897 1534 1932 laudan-

56 1952 102 1986 do
121 1950 300 1997 plurimam
316 1959 454 1995 operam
471 1947 707 1994 posuerimus,
733 1959 807 1983 cum
823 1949 867 1983 ob
886 1947 1089 1989 amicitiam,
1116 1951 1187 1981 tum
1206 1950 1245 1980 ut
1265 1945 1377 1992 ipsum
1400 1945 1531 1980 socium

56 2005 95 2032 et
117 1996 308 2032 adiutorem
331 1996 366 2030 in
391 1994 578 2030 subeundis
601 2006 664 2041 pro
681 1995 852 2040 religione
877 1993 1123 2029 certaminibus
1149 1993 1351 2028 haberemus
1374 1991 1532 2038 (princi-

56 2055 135 2091 pem
150 2043 301 2089 quippe,
323 2041 360 2076 in
382 2041 481 2076 cuius
501 2053 600 2076 manu
618 2046 759 2088 propter
783 2053 944 2076 summam
970 2044 1176 2086 potestatem
1201 2044 1404 2074 momentum
1431 2050 1531 2073 omne

103 2090 205 2125 situm
228 2094 322 2124 esset
335 2088 380 2123 ad
401 2088 582 2123 victoriam
603 2089 884 2134 reportandam„
909 2093 1014 2133 atque
1032 2086 1139 2122 iidem
1170 2098 1258 2121 nunc
1273 2089 1401 2132 pperta
1414 2085 1531 2120 reclu-

56 2102 161 2179 ἔξω,
185 2140 240 2178 et,
263 2135 355 2182 quod
376 2139 517 2181 praeter
536 2135 742 2170 sententiam
763 2136 865 2182 plane
891 2134 1041 2176 accidit,
1064 2132 1230 2180 quaedam
1252 2133 1348 2168 velut
1364 2131 1530 2177 anacaly-

56 2183 173 2231 pteria
191 2183 367 2218 celebrare
381 2181 515 2216 minime
530 2181 754 2227 refugiamus.
800 2181 938 2217 Etenim
958 2181 1100 2226 primum
1119 2180 1163 2215 ob
1188 2191 1268 2222 eos,
1292 2179 1355 2225 qui
1376 2179 1530 2213 auditum

56 2235 289 2266 convenerant
305 2234 342 2263 et
361 2227 572 2263 certantibus
591 2228 691 2263 nobis
711 2228 877 2270 aderant,
905 2227 1067 2273 (affuere
1088 2232 1202 2262 autem
1228 2227 1344 2272 plures
1361 2224 1537 2272 quadrim-

56 2276 193 2322 gentis‚
216 2275 350 2315 nobiles
370 2274 563 2321 promiscue
583 2279 619 2309 et
643 2274 803 2310 diversae
821 2274 1026 2309 conditionis
1042 2274 1213 2316 homines;
1234 2274 1316 2308 item
1334 2271 1531 2318 imperatri-

57 2335 137 2364 ces,
162 2327 200 2358 et
215 2323 306 2358 aliae
320 2322 509 2363 foeminae,
532 2325 703 2367 quotquot
717 2322 809 2356 fama
833 2321 977 2356 allectae
998 2320 1253 2362 confluxerant,
1277 2330 1406 2365 genere
1429 2317 1530 2363 ipsae

57 2381 214 2415 quoque,
238 2380 432 2415 quanquam
449 2367 544 2403 haud
563 2367 685 2402 iisdem
707 2368 817 2402 titulis
829 2393 841 2410 ‚
863 2368 1055 2415 principem
1072 2367 1183 2402 locum
1203 2366 1379 2410 tenentes)
1397 2374 1529 2407 earum,

59 2415 210 2461 inquam,
230 2426 454 2462 personarum
470 2414 666 2449 reverentia
680 2414 837 2461 oportuit
852 2426 915 2449 nos
931 2425 1015 2450 vera
1033 2413 1164 2456 dicere,
1188 2425 1232 2448 ne
1250 2413 1319 2459 ipsi
1336 2411 1447 2457 palam
1465 2421 1530 2444 au-

59 2465 174 2496 ctores
191 2473 343 2497 essemus
359 2461 524 2496 ferendae
540 2461 578 2496 in
596 2473 659 2495 nos
679 2460 871 2496 sententiae
896 2473 964 2496 non
982 2459 1198 2502 lenissimae,
1222 2472 1263 2495 ac
1280 2471 1344 2500 ne,
1368 2463 1528 2503 tanquam

57 2507 96 2542 in
115 2507 225 2550 retia,
245 2508 283 2542 in
306 2507 441 2542 illorum
467 2507 571 2542 risum
595 2512 714 2542 nostra
732 2512 854 2553 sponte
870 2507 1136 2542 incurreremus.
1181 2506 1316 2541 Deinde
1332 2507 1368 2538 et
1385 2503 1420 2537 in
1449 2502 1530 2537 aliis

58 2553 213 2589 omnibus
232 2555 354 2596 rebus,
377 2554 408 2589 si
425 2553 502 2600 quis
519 2554 627 2589 amori
646 2554 827 2599 indulgens
843 2553 1030 2600 aliquando
1050 2559 1088 2588 et
1105 2553 1212 2589 certis
1234 2551 1372 2587 casibus
1390 2548 1530 2585 mentiri

58 2601 240 2642 videatur,
261 2605 375 2636 tamen
394 2600 427 2636 ei
445 2599 606 2647 (opinor)
629 2600 732 2635 facile
749 2601 946 2646 ignoverit,
970 2599 1124 2647 quisquis
1142 2600 1179 2634 in
1197 2598 1324 2634 similes
1349 2607 1450 2631 casus
1470 2595 1528 2630 in-

58 2647 185 2683 ciderit
217 2651 324 2693 atque
349 2646 592 2682 eiusdemmodi
621 2647 893 2693 experimentum
916 2646 1052 2682 fecerit.
1105 2647 1154 2681 At
1178 2645 1236 2680 ubi
1260 2656 1336 2685 res,
1367 2654 1457 2689 quae
1489 2643 1527 2676 in

58 2693 216 2739 periculo
231 2697 410 2738 versatur,
434 2693 529 2729 Deus
546 2693 624 2740 ipse
639 2698 714 2735 est,
746 2693 820 2728 illic
842 2694 876 2728 si
893 2693 971 2740 quis
998 2692 1242 2739 integumentis
1265 2690 1528 2737 quibuscunque

58 2739 112 2774 uti
129 2739 227 2782 velit,
248 2751 324 2774 eum
341 2744 425 2786 puto
435 2740 582 2775 omnium
599 2739 734 2785 linguas
754 2740 799 2774 ad
815 2739 1069 2776 convitiandum
1087 2743 1227 2785 paratas
1244 2742 1280 2773 et
1293 2740 1420 2781 suapte
1437 2746 1527 2781 qua-

59 2785 92 2820 si
109 2790 264 2821 exsertas
281 2786 515 2829 offensurum3
538 2791 643 2833 atque
656 2786 724 2821 etsi
744 2785 780 2821 in
799 2787 948 2823 caeteris
966 2786 1122 2822 omnibus
1146 2785 1250 2820 rebus
1267 2783 1392 2829 aliquis
1408 2782 1527 2816 mode-

58 2832 251 2869 ratissimus
275 2833 344 2876 sit,
369 2838 483 2870 tamen
507 2832 574 2869 nisi
590 2833 758 2870 adversus
775 2832 878 2870 istum
901 2833 1067 2882 garrulus
1088 2831 1170 2876 fiat,
1191 2830 1260 2867 uisi
1283 2828 1368 2867 totis
1390 2828 1528 2875 linguae
