1794 3172
370 140 686 194 HISTORIAE
702 145 1083 192 -ΒΥΖΑΝΤΙΝΑΕ
1107 143 1232 197 XVI.
1261 149 1303 193 5.
1466 140 1568 188 829

88 264 299 304 ποιεῖσθαι
317 258 492 315 βουλὴν,
514 259 574 315 μὴ
598 256 804 316 θόρυβον,
833 255 891 309 ὥς
913 251 1300 316 περιφρονούμενος,
1326 255 1449 300 ἓπιὼν
1466 255 1570 300 ἂνα-
1592 267 1678 300 Α.0.
1696 262 1788 301 1348

87 330 240 388 φλέξῃ,
276 327 354 384 τὴν
387 333 463 372 τοῦ
486 327 633 384 μύθου
663 332 739 371 τοῦ
764 327 952 371 Ἀττικοῦ
983 325 1237 382 μιμούμενος
1260 326 1375 384 Ἔριν
1400 314 1789 394 ἓκείνην,ωζέἓῖἓ““

86 398 139 455 ἣν
160 403 222 458 τῷ
242 396 463 452 τερατώδει
493 402 571 442 τοῦ·
598 394 735 454 μήλου
753 398 951 453 μεγίστην
980 394 1109 439 πάλαι
1129 397 1259 454 φασὶν
1275 394 1447 454 ὑφάψαι
1465 394 1568 440 στά-

86 485 191 520 σεως
213 466 350 526 φλόγα
381 470 448 511 καὶ
479 465 619 524 μάχην
648 471 708 526 τῷ
734 470 819 509 τῶν
849 469 964 509 θεῶν
987 467 1212 525 συνεδρίῳ,
1246 463 1310 509 ὅτι
1337 465 1396 522 μὴ
1429 467 1472 517 ἔς
1490 465 1608 522 τὴνΟ

49 537 226 595 5κοινὴν
261 538 425 592 ἐκείνην,
447 541 531 580 τῶν
566 541 643 593 τῆς
666 535 842 586 Θέτιδος
869 533 1013 593 γάμων
1038 533 1246 592 τράπεζαν
1275 533 1480 592 zoam-9⁷7
1499 538 1569 579 καὶ

85 606 207 662 αὕτη.
245 606 314 649 διὰ
333 606 387 661 δὴ
409 610 545 649 ταῦτα
564 602 857 661 μετάπεμπτος
877 606 921 647 ἐκ
937 605 1242 661 Διδυμοτείχου
1264 606 1333 648 καὶ
1352 608 1569 666 Παλαμᾶς

83 678 127 726 ἔς
154 674 384 729 Βυζάντιον
418 674 594 731 τάχιστα
630 676 795 732 γίνεται.
834 676 901 717 καὶ
925 675 996 717 *ἵνα
1028 674 1107 716 τᾶν
1135 675 1250 732 μέσῳ
1269 678 1344 717 τοῦ
1365 679 1565 733 φορτικοῦ

77 743 203 803 χάριν
227 745 452 802 παρέλθω,
483 745 588 803 πρὸς
606 744 706 796 τοῦς
724 744 823 787 κατ’
844 745 946 799 ἐμοῦ
968 745 1038 786 καὶ
1055 743 1183 794 αὐτὸς
1205 741 1372 798 ὁμοίως,
1401 748 1566 800 μᾶλλον

82 815 129 857 δ’
158 816 283 858 εἰπεῖν
311 811 552 871 οἰκειότερον
580 814 687 857 κατὰ
716 818 801 858 τῶν
831 819 907 870 τῆς
927 814 1144 869 ἐκκλησίας
1165 811 1405 870 δογμάτων,
1441 814 1565 858 πολέ-

12 892 72 925 ,10
82 901 191 939 μους
224 882 441 936 ὄπλίζεται.
479 884 548 925 καὶ
581 883 719 939 ἐπειδὴ
758 883 832 927 τὸν
870 883 1009 940 ἀγῶνα
1042 887 1188 938 θυμοῦ
1231 884 1301 926 καὶ
1331 884 1604 935 κενοδοξίαςῙ)

81 953 217 996 πνέων
238 951 361 1010 εῗσῄει
375 957 567 1009 μακρᾶς,
605 953 706 1006 ἐμοῦ
724 953 885 1009 μηδένα
907 950 1115 1009 πάρεδρον
1137 951 1305 1008 ἔχοντος
1326 950 1561 1009 σύμμαχον,

81 1023 192 1078 πλὴν
211 1021 343 1077 μόνου
362 1026 467 1065 θεοῦ
477 1055 493 1074 ,
530 1019 723 1077 καθάπερ
744 1024 811 1063 καὶ
830 1023 871 1072 ἐς
892 1022 991 1072 τοὺς
1007 1016 1210 1080 πρότριτα
1231 1019 1464 1079 διαλόγους,
1485 1022 1565 1066 αὗ-

80 1091 155 1142 rag
176 1089 284 1150 πρός
308 1109 352 1148 γε
374 1098 464 1141 τοῖς
486 1090 628 1141 ἄλλοις
650 1091 718 1132 καὶ
738 1089 866 1133 αὐτὸν
888 1091 1078 1144 βασιλέα,
1107 1091 1156 1135 τὸ
1175 1095 1252 1148 τῆς
1268 1089 1411 1147 ἰσχύος
1433 1090 1565 1150 κεφά-

82 1166 201 1205 λαιον
212 1195 226 1214 ,
265 1159 486 1218 κράτιστον
505 1158 583 1216 εἶχε
604 1157 839 1215 σύμμαχον.
876 1158 904 1202 ἃ
922 1161 999 1214 μὲν
1020 1155 1094 1203 οὖν
1114 1161 1208 1216 ε’μοί
1233 1179 1278 1204 τε
1299 1161 1498 1212 κάκείνοις
1521 1163 1565 1204 ἓν

25 1236 71 1271 15
83 1232 315 1289 προοιμίοις
325 1228 559 1286 λελάληται,
582 1231 789 1286 μηδεμιᾶς
807 1229 848 1279 ἒς
867 1228 943 1284 τὴν
962 1234 1181 1285 παροῦσαν
1199 1229 1407 1289 ἀφήγησιν
1419 1230 1567 1287 ἔχοντα

79 1301 221 1357 χρείας
242 1298 444 1356 ἀνάγκην,
478 1304 615 1357 σιωπῇ
638 1299 909 1358 παρατρέχειν
930 1300 1168 1356 κεκρίκαμεν
1188 1302 1285 1344 δεῖν.
1321 1300 1376 1344 τὰ
1399 1300 1444 1343 δ’
1466 1301 1606 1358 {cpe-E

82 1373 157 1426 ξῆς
177 1368 280 1426 εἶχεν
300 1369 424 1414 οὕτω.
481 1369 599 1429 (IB.)
634 1368 715 1424 Μὴ
732 1370 876 1426 χρείαν
898 1366 1079 1426 ἴᾳασκον
1099 1368 1222 1426 ἔγωγε
1241 1366 1342 1413 εἶναι
1363 1370 1565 1426 δευτέρων

82 1439 142 1483 ἔτι
171 1437 374 1496 διαλόγων
406 1440 474 1482 καὶ
504 1437 663 1497 κρότων
690 1437 771 1482 ἀπὸ
791 1435 977 1495 γλώττης
997 1438 1191 1494 μαχίμων
1210 1439 1315 1494 ἐμοὶ,
1348 1440 1384 1482 εἴ
1398 1439 1564 1494 βέβαιοι

83 1509 277 1564 μένουσιν
307 1509 352 1551 αἱ
379 1513 456 1564 τῆς
489 1508 692 1565 προτέρας
721 1508 872 1564 ἐκείνης
904 1507 1119 1558 διαλέξεως
1136 1505 1422 1558 καταστάσεις.
1460 1509 1496 1551 εἴ
1513 1508 1561 1559 δ’,

29 1580 218 1622 2οἒκεῖνα
242 1572 677 1621 παντάπασι’λέλυται
704 1578 772 1620 καὶ
802 1578 844 1627 ἐς
873 1575 974 1627 τούς
1003 1573 1143 1631 λήθης
1178 1576 1364 1634 ἴρῥιπται
1386 1574 1557 1634 ῥύακας,

85 1648 182 1690 οὐδ’
209 1646 319 1691 οὕτω
338 1665 411 1702 μοι
430 1645 554 1690 πάλιν
573 1646 773 1702 δευτέρων
795 1648 862 1691 δεῖ
874 1642 1133 1700 συζητήσεών
1148 1662 1193 1689 τε
1212 1647 1281 1688 καὶ
1301 1646 1557 1698 ἀποδείξεων.

85 1717 123 1760 εἳ
141 1717 220 1774 γὰρ
250 1716 277 1759 ἃ
309 1716 390 1774 πρὸ
417 1716 595 1774 βραχέος
620 1719 787 1771 βασιλεῖ’
811 1732 855 1759 τε
879 1715 947 1760 καὶ
973 1711 1208 1772 πατριάρχῃ
1236 1715 1450 1769 δέδοκται,
1484 1719 1601 1759 νῦνΡ

86 1786 294 1848 ἀραχνίων
326 1786 492 1830 λέλυται
520 1783 699 1844 τρόπον,
738 1788 827 1838 πῶς
856 1782 908 1828 ἂν
940 1780 1009 1828 οἷα
1041 1784 1110 1827 καὶ
1140 1787 1334 1847 Παλαμᾷ
1366 1786 1458 1848 περὶ
1476 1774 1561 1829 τιῖἷιΙ

84 1931 132 1955 ne
155 1919 187 1954 is
205 1920 397 1962 tumultum,
419 1919 518 1956 velut
532 1919 726 1967 despectus,
749 1920 947 1956 interventu
962 1931 1025 1955 suo
1043 1918 1231 1961 excitaret,
1252 1918 1344 1954 illam
1362 1919 1480 1955 fabula
1492 1919 1560 1955 At·-

83 1967 156 2001 tica
171 1966 388 2001 decantatam
403 1968 618 2001 Discordiam
636 1968 846 2008 imitaturus,
871 1979 962 2013 quae
980 1967 1071 2013 pomi
1090 1966 1250 2012 prodigio
1268 1966 1445 2001 maximam
1465 1966 1562 2001 sedi.-

83 2013 191 2047 tionis
213 2013 380 2048 flammam
400 2019 437 2048 et
454 2025 603 2059 pugnam
621 2013 656 2048 in
674 2013 818 2048 concilio
834 2015 982 2048 Deorum
1005 2013 1086 2047 ideo
1104 2012 1184 2047 olim
1200 2012 1399 2047 accendisse
1418 2012 1561 2055 dicitur,

83 2059 168 2104 quia
186 2059 231 2094 ad
254 2072 429 2094 commuue
446 2060 534 2094 illud
553 2064 597 2095 et'
610 2059 763 2106 nuptiale
774 2059 939 2094 Thetidis
955 2058 1152 2094 convivium
1170 2062 1294 2093 vooeta
1314 2058 1406 2093 haud
1422 2059 1559 2094 fuisset.

85 2106 318 2148 Quamobrem
344 2106 586 2151 Didymoticbo
612 2106 798 2142 arcessitus
821 2106 1029 2152 Byzantium
1049 2105 1201 2140 accurrit
1219 2109 1256 2140 et
1272 2105 1450 2140 Palamas:
1492 2107 1561 2141 At-

84 2163 154 2198 que
173 2157 214 2187 ut
233 2152 369 2187 fastidii
387 2151 523 2187 vitandi
547 2164 653 2188 causa
677 2165 719 2187 ea
739 2153 912 2194 omittam,
936 2164 1026 2199 quae
1044 2151 1227 2187 interiecto
1244 2154 1399 2198 tempore
1419 2151 1560 2186 accide-

82 2203 180 2241 runt,
204 2199 358 2245 accingit
376 2199 479 2234 etiam
499 2199 558 2233 ille
574 2211 614 2233 se
631 2198 676 2233 ad
690 2199 815 2234 bellum
833 2198 929 2242 mihi,
951 2199 1052 2234 immo
1073 2199 1132 2244 (ut
1149 2198 1398 2244 congruentius
1414 2198 1560 2244 loquar)

83 2245 196 2280 sacris
215 2245 384 2280 ecclesiae
403 2245 575 2291 dogmatis
596 2245 825 2280 inferendum.
873 2245 1030 2291 Cumque
1045 2244 1090 2280 in
1109 2248 1283 2280 certamen
1304 2244 1559 2287 descendisset,

83 2291 261 2338 ingentem
277 2293 436 2338 spiritum
452 2296 488 2327 et
507 2303 664 2337 magnam
684 2291 914 2337 arrogantiam
932 2303 1019 2338 prae
1035 2303 1074 2326 se
1091 2291 1227 2334 serens,
1249 2303 1316 2337 ego
1333 2291 1471 2338 quidem
1494 2301 1559 2325 ue—

84 2338 207 2372 minem
226 2338 413 2381 habebam,
437 2339 499 2384 qui
517 2338 600 2373 mihi
617 2338 758 2373 adesset
774 2350 816 2373 ac
835 2342 1073 2381 succurreret,
1094 2338 1170 2373 Deo
1191 2344 1358 2384 excepto,
1378 2338 1471 2372 sicut
1493 2344 1559 2371 uec

84 2383 123 2418 in
149 2384 212 2419 ina
235 2385 492 2431 disputatione,
515 2396 605 2431 quae
624 2385 743 2420 habita
768 2384 885 2432 triduo
913 2390 995 2420 aute
1014 2385 1147 2427 fuerat3
1169 2383 1238 2419 iste
1257 2391 1393 2426 autem,
1415 2387 1558 2429 praeter

84 2435 266 2474 caeteros,
289 2432 402 2478 ipsum
421 2443 560 2477 quoque
576 2432 840 2477 imperatorem,
862 2432 901 2466 in
919 2443 989 2477 quo
1006 2442 1135 2466 summa
1150 2431 1288 2466 roboris
1306 2436 1400 2472 erat,
1423 2428 1558 2464 acerri-

84 2487 175 2510 mum
193 2478 343 2513 habebat
362 2481 663 2524 propugnatorem.
713 2478 817 2519 Quae
833 2477 942 2524 igitur
958 2489 1024 2523 ego
1041 2483 1079 2513 et
1095 2477 1146 2511 illi
1165 2477 1319 2523 praefati
1339 2487 1474 2518 sumus,
1499 2486 1555 2518 ea,

86 2522 172 2568 quia
188 2523 234 2558 ad
251 2529 467 2570 praesentem
484 2524 711 2560 narrationem
728 2536 796 2559 nou
810 2524 1005 2559 necessario
1022 2523 1218 2570 pertinent,
1241 2523 1379 2558 silentio
1398 2524 1557 2567 praeter-

83 2568 252 2604 mittenda
265 2570 395 2605 iudico.
419 2571 520 2612 Quae
537 2582 620 2606 vero
638 2575 785 2616 sequuta
803 2574 897 2613 sunt,
918 2582 962 2606 ea
973 2571 1114 2606 fuerunt
1128 2569 1306 2605 eiusmodi.
1339 2568 1458 2614 (XII.)
1478 2568 1556 2603 Ne·

84 2615 211 2660 gaham
226 2616 309 2651 mihi
326 2628 415 2663 opus
441 2629 522 2652 esse
542 2617 653 2652 altera
678 2617 912 2663 disputatione
934 2622 971 2651 et
984 2616 1151 2663 pugnacis
1171 2616 1311 2662 liuguae
1328 2614 1499 2661 strepitu,
1523 2615 1555 2648 εἰ

84 2660 225 2695 stabilia
240 2666 417 2698 manerent
433 2675 495 2705 ea,
518 2675 608 2709 quae
625 2663 733 2710 priori
758 2663 992 2709 disputatione
1007 2662 1197 2698 constituta
1212 2662 1369 2697 fuissent.
1414 2661 1476 2695 Sin
1494 2660 1555 2696 ina

84 2707 222 2742 omuino
238 2707 367 2744 abolita
389 2714 426 2743 et
443 2708 626 2744 oblivionis
642 2710 804 2745 fluctibus
819 2721 930 2744 mersa
947 2714 1084 2752 essent,
1106 2721 1150 2744 ue
1169 2709 1218 2743 sic
1235 2707 1371 2754 quidem
1392 2707 1476 2741 mihi
1491 2718 1554 2741 no-

82 2753 139 2787 vis
153 2755 415 2799 quaestionibus
430 2756 829 2801 argumentationibusve
844 2768 932 2803 opus
950 2767 1038 2791 esse.
1078 2756 1119 2790 Si
1143 2755 1231 2789 euim
1248 2765 1336 2800 quae
1356 2752 1458 2799 paulo
1472 2757 1555 2788 aute

82 2799 285 2845 imperatori
304 2805 342 2836 et
358 2801 577 2848 patriarchae
594 2803 813 2848 placuerang
828 2806 873 2838 e'a
891 2805 981 2838 nuuc
998 2802 1097 2838 velut
1113 2802 1206 2836 telae
1225 2811 1426 2835 aranearum
1439 2799 1554 2834 soluta

83 2851 178 2890 suut,
201 2847 367 2894 quomodo
383 2860 439 2892 ea,
454 2856 545 2896 quae
562 2849 722 2885 Palamas
738 2849 860 2885 iisdem
880 2850 927 2886 de
943 2849 1050 2885 rebus
1068 2852 1221 2891 stauret,
1245 2846 1380 2883 sincera
1396 2858 1462 2883 uec
1480 2851 1554 2882 am'-
