1794 3172
220 138 246 186 1
257 139 278 186 1
288 139 353 187 82
751 141 1230 189 ANNOTATIONES.

331 249 430 306 Pag.
465 248 568 301 150,
601 253 668 294 18.
732 246 794 292 To}
815 248 1038 302 Παχωμίου
1059 261 1103 291 σε
1121 248 1368 304 διαδέξεται]
1397 250 1660 302 vertendum,
1684 254 1762 292 Pa-

222 307 399 383 czzomius
420 318 457 347 te
475 309 668 362 excipiam
698 321 803 354 non,
834 306 909 346 tibi
930 322 1179 348 successurus
1196 317 1274 360 est,
1305 314 1353 348 ut
1373 316 1556 350 servetur
1581 306 1763 364 ἀμφιβο-

222 369 304 409 Md·
340 378 573 475 AEzzvfgz'
603 420 672 464 24.
718 419 863 476 ’Έτυχε
896 421 1108 476 τελευτῆς]
1163 423 1275 462 Obiit
1307 422 1505 474 Michaell,
1545 429 1593 463 ut
1622 423 1764 462 scribit

223 479 514 531 PachymereS,
543 479 617 519 XI.
643 479 820 519 Ianuarii
846 480 909 520 die
929 481 1184 530 Parasceves,
1217 495 1320 520 anno
1339 481 1482 520 mundi
1502 481 1618 520 iuxta
1634 482 1765 520 Grae-

229 552 297 577 cos
315 536 816 589 V1.MDccxcL(Christi
834 539 975 589 1283.)
993 551 1085 577 cum
1104 538 1340 592 imperasset
1352 553 1473 578 annos
1494 537 1565 582 24.
1589 539 1765 591 demptis

226 594 366 636 diebus
386 597 458 637 20.
478 608 524 634 ac
544 608 670 634 annos
690 595 850 635 omnino
868 595 936 639 58.
956 595 1137 637 vixisset.
1197 610 1372 638 DUGANG.

342 654 440 705 Pag.
475 651 578 702 153,
608 656 649 696 2.
708 652 752 695 ‘O
777 651 821 694 δὲ
846 651 938 702 vids
964 654 1034 696 καὶ
1063 652 1275 707 βασιλεύς]
1320 653 1560 707 Pachymer.
1593 653 1665 695 lib.
1696 652 1763 693 VI.

229 723 316 763 cap.
343 712 407 752 11.
437 708 638 749 Phranzes
657 711 730 751 lib.
751 711 780 751 I.
808 724 896 763 cap.
922 713 962 754 6.
1021 725 1197 750 nummo.

346 769 442 820 Pag.
474 766 575 817 153,
607 770 646 809 6.
680 769 883 821 Πλείστην
902 767 1170 823 ἒπισωρεῦσαι
1186 768 1280 822 γῆν]
1309 767 1456 807 Iisdem
1472 767 1607 807 verbis
1619 766 1770 806 Phran·

230 838 296 864 zes
316 824 359 863 id
377 823 508 876 ipsum
525 825 663 864 tradit.
695 825 959 879 Pachymeres
982 826 1066 866 eius
1090 826 1263 865 cadaver
1285 832 1411 865 noctu
1435 827 1476 864 in
1506 838 1657 864 novum
1678 839 1770 863 mo-

230 881 448 922 nasterium
478 882 656 922 vicinum
679 898 701 922 a
722 883 984 923 familiaribus
1015 884 1193 923 delatum
1222 883 1371 923 scribit.
1430 883 1771 923 Excommunica-

232 945 371 979 torum
397 952 569 991 corpora
589 940 632 979 in
662 942 766 993 agris
792 941 992 994 insepulta
1020 941 1186 991 relicta,
1216 947 1263 980 ut
1288 954 1338 980 ne
1365 941 1498 979 foetor
1525 955 1666 991 nares,
1702 946 1773 978 aut

233 996 456 1050 spectaculi
481 996 630 1037 horror
658 1005 810 1039 mentes
839 999 1043 1048 foedaret,
1073 999 1219 1038 iniecta
1247 998 1370 1037 humo
1393 1005 1601 1043 contecta.
1633 997 1774 1050 pluri-

232 1055 313 1095 bus«
332 1054 543 1093 docuimus
572 1055 611 1094 in
634 1057 810 1096 Glossar.
830 1056 934 1096 med.
959 1056 1084 1097 Latin.
1107 1057 1148 1095 in
1174 1069 1214 1095 v.
1245 1054 1481 1096 Emblocare
1510 1062 1549 1094 et
1574 1055 1614 1093 in
1638 1054 1773 1095 Addit.

234 1112 391 1151 tametsi
411 1110 582 1150 Michael
606 1113 654 1151 ab
675 1114 843 1153 ecclesia
859 1120 1025 1167 propter
1050 1114 1369 1152 communionem
1400 1127 1492 1151 cum
1514 1112 1666 1151 Latinis
1693 1126 1772 1164 pa-

234 1170 315 1208 lam
337 1168 587 1222 proscriptus
607 1185 686 1210 non
706 1171 853 1223 fuerit,
883 1174 944 1211 uti
967 1177 1081 1211 antea
1096 1178 1268 1225 propter
1291 1177 1552 1210 excoecatum
1573 1169 1774 1208 iuniorem

242 1226 697 1270 Lascarim.1)ncANG.

355 1286 449 1336 Ρα3.
486 1284 588 1334 155,
615 1289 655 1328 7.
717 1285 776 1326 Εἰ
793 1300 867 1338 την
889 1285 1186 1352 μικροψυχίαν]
1219 1285 1492 1338 Μικροψυχία
1522 1290 1581 1324 est
1609 1283 1690 1323 hoc
1719 1284 1778 1323 lo-

240 1316 671 1441 ἓὲῦῒνεξηαηέέιινῖζξίᾱο
700 1357 835 1383 morae
861 1344 1090 1398 impatiens,
1127 1348 1173 1381 ut
1197 1348 1237 1382 et
1263 1343 1365 1382 infra
1395 1342 1467 1382 lib.
1491 1342 1597 1382 VIII.
1633 1355 1720 1395 cap.
1742 1341 1776 1380 I.

358 1457 454 1508 Pag-
488 1456 591 1505 155,
625 1459 692 1499 12.
747 1451 856 1498 Ἀλλ’
879 1456 1025 1512 ἐχρῆν]
1054 1457 1334 1509 Proveibium‚
1357 1456 1472 1496 cuius
1487 1455 1668 1496 meminit
1688 1456 1780 1494 Dio-

242 1512 398 1565 genian.
420 1513 530 1555 Cent.
550 1513 653 1553 VIII.
677 1528 714 1556 n.
737 1512 805 1556 49.
864 1528 1041 1556 nummo.

360 1572 456 1624 Pag.
490 1570 593 1636 159,
625 1570 666 1613 4.
726 1567 890 1621 Αὕτοῦς
908 1570 981 1626 μὲν
1000 1566 1101 1626 οὖν]
1131 1571 1370 1626 Pachymer.
1399 1571 1472 1614 h'b.
1503 1571 1589 1614 VII.
1621 1585 1709 1624 cap.
1742 1573 1780 1613 1.

243 1640 460 1738 Ὡυωῑξαὸν.
493 1685 596 1736 159,
627 1688 667 1728 9.
709 1682 1006 1743 Κονοσταύλῳ]
1037 1687 1210 1740 Interpr.
1237 1683 1500 1728 Gonostaulo:
1528 1686 1782 1753 reposuimus

252 1740 400 1783 Comite
430 1740 592 1780 stabuli.
641 1742 732 1783 Vid.
764 1743 894 1784 Gloss.
933 1745 1040 1784 med.
1073 1745 1246 1784 Graecit.
1292 1757 1467 1784 DucANG.
1531 1748 1595 1800 Τῷ
1625 1740 1780 1798 μεγαλῳ

248 1794 505 1854 κονοσταύλῳ
528 1798 697 1854 Μιχαηλ
719 1803 776 1857 τῷ
801 1803 961 1858 Γλαβᾶ]
993 1803 1050 1842 De
1072 1816 1151 1855 quo
1174 1802 1385 1853 legendum
1414 1815 1558 1853 poema
1587 1801 1782 1840 Manuelis

250 1856 401 1905 Philae,
431 1857 542 1908 quod
565 1864 696 1897 exstat
716 1859 758 1897 in
777 1844 929 1898 Codice
948 1860 1092 1910 Regio,
1127 1860 1222 1898 olim
1243 1858 1489 1908 Tenem-mo,
1526 1865 1564 1897 et
1592 1858 1784 1896 inscribi-

251 1920 339 1964 tur,
372 1913 429 1963 εἶς
456 1911 506 1955 τοὶ
530 1917 605 1956 τοῦ
632 1912 981 1972 πρωτοστροῖτορος
1010 1917 1166 1962 ἐκείνου
1193 1919 1268 1958 τοῦ
1299 1918 1541 1969 θαυμαστοῦ
1565 1910 1786 1970 στρατηγή-

253 1986 368 2025 ματα.
426 1985 580 2014 BOIVIN.

371 2030 467 2081 Pag.
500 2032 604 2080 160,
634 2032 672 2073 8
732 2026 1026 2085 Παναχροέντου
1054 2027 1208 2084 μονὴν]
1248 2026 1590 2080 Pachymer.V11.
1617 2033 1658 2071 3
1681 2028 1721 2070 4-
1746 2028 1784 2071 5.

256 2085 315 2124 De
331 2083 411 2123 hoc
428 2087 669 2126 monasterio
692 2089 841 2142 egimus
862 2089 904 2128 in
927 2087 1275 2142 Constantinopoli
1293 2085 1438 2128 Christ.
1457 2087 1528 2126 lib.
1539 2087 1608 2127 IV.
1625 2092 1722 2127 sect.
1735 2086 1785 2127 Π.

257 2155 298 2183 n.
317 2144 384 2184 31.
442 2156 612 2183 DUGANG.

377 2201 478 2270 Pa&
505 2203 607 2252 160,
642 2205 706 2245 12.
767 2198 893 2243 Νόσω
913 2202 982 2244 καὶ
999 2199 1130 2277 γήρᾳ]
1160 2201 1395 2255 Pachymer.
1422 2200 1471 2240 de
1492 2200 1691 2254 Iosepho,
1719 2196 1789 2255 μό-

261 2270 335 2297 νον
354 2251 432 2298 ov'n
451 2253 618 2307 ἄπνους.
648 2264 687 2297 et
710 2272 798 2312 cap.
822 2262 860 2302 6.
884 2257 1047 2315 α’ψυχον
1068 2257 1156 2302 οἷον
1178 2256 1343 2314 φόρτον.
1389 2272 1568 2298 DUGANG.

377 2316 473 2367 Pag.
508 2317 611 2366 161,
638 2318 705 2359 21.
765 2316 1100 2372 Παρασκευάσαι]
1130 2316 1362 2371 Pachymer.
1381 2314 1788 2358 V11.12.13.14.21.

262 2383 438 2412 Ducum.

381 2430 477 2482 Pag.
506 2430 608 2475 162,
640 2427 678 2470 4
734 2428 805 2481 Ὡς
830 2430 1021 2473 ἐντεῦθεν
1042 2427 1350 2485 ἀναγκασθῆναι
1370 2427 1443 2483 μὲν
1464 2426 1531 2471 τὸν
1551 2425 1696 2482 Ἰωσὴφ
1718 2431 1793 2470 τοῦ

265 2480 425 2539 θρόνου
451 2488 537 2534 τοῖς
558 2485 817 2539 βουλομένοις
837 2487 1119 2544 παραχωρεῖν]
1150 2488 1404 2528 Andronicus
1426 2487 1643 2539 imperator
1666 2487 1708 2525 in
1732 2483 1792 2527 λό-

267 2557 325 2638 {3⁰
343 2538 637 2596 χρυσοβούλλῳ,
669 2544 736 2595 qui
759 2553 890 2585 exstat
916 2547 1022 2586 inter
1043 2559 1162 2599 opera
1176 2544 1433 2584 ΝειὼοηειόΙίε
1454 2544 1636 2594 Chumni‚
1663 2544 1733 2596 qui
1755 2549 1793 2582 et

307 2598 536 2669 icephorus,
567 2600 667 2644 Cod.
689 2602 783 2652 Reg.
805 2602 930 2646 2964.
951 2604 1021 2643 sol.
1041 2607 1137 2646 302.
1168 2598 1324 2654 φθάνει
1354 2600 1468 2655 μὲνό
1487 2598 1615 2649 πολὺς
1643 2600 1794 2648 ἐκεῖνος

270 2671 367 2704 τους
394 2655 497 2711 ὑπὲρ
526 2660 598 2710 τῆς
628 2653 821 2710 αληθείας
849 2660 917 2701 καὶ
948 2664 1029 2702 τῶν
1065 2657 1205 2731 ὀρθῶν
1234 2656 1443 2713 δογματων
1472 2674 1657 2712 αγωνας,
1709 2656 1794 2710 (Ιο-

274 2714 412 2765 quitur
441 2713 491 2753 de
518 2712 716 2770 Iosepho)
757 2714 883 2765 πολυς
921 2717 989 2759 καὶ
1025 2733 1101 2770 την
1145 2717 1328 2758 ἔνστασιν
1368 2715 1436 2757 καὶ
1463 2715 1539 2769 τὴν
1567 2715 1794 2784 καρτερίαν,

274 2768 344 2812 καὶ
373 2769 499 2824 μηδὲν
525 2774 598 2824 τῆς
627 2771 841 2827 ὁμολογίας
849 2773 1063 2840 καθυφεὶς
1092 2771 1191 2828 μηδὲ
1221 2774 1471 2823 καθυπείξας
1498 2789 1563 2814 και
1594 2769 1794 2819 ’ὗπενδους

218 2888 223 2896 .
274 2830 359 2875 τοῖς
385 2826 453 2871 ἐπὶ
480 2831 646 2886 μακρῶν
673 2845 756 2871 των
792 2826 943 2886 χρόνων
973 2830 1223 2887 βιαζομένοις
1249 2831 1319 2874 καὶ
1346 2827 1688 2908 αποπειρωμὲνοις
1716 2845 1794 2870 αν·
