1794 3172
255 180 390 245 1178
407 188 410 191 ’
759 182 1242 231 ΑΝΝΟΤΑΤῙΟΝΕΞ.

371 296 467 347 Pag.
498 294 592 344 133,
622 295 692 336 21.
744 288 850 333 Ἰδοῦ
879 288 956 347 γὰρ
976 289 1045 332 καὶ
1069 289 1112 332 οἷ
1132 289 1177 332 ἐκ
1198 285 1431 342 Γεννούας]
1460 287 1695 342 Pacbymer.
1714 287 1786 328 lib.

254 353 304 395 V.
323 367 412 406 cap.
432 351 564 390 XXX.
604 363 798 390 vuemo.

374 424 469 476 Pag.
502 421 599 472 134,
629 422 698 463 21.
765 421 848 460 Τοῦ
862 415 1012 470 Ἱεροῦ]
1041 416 1195 454 Nomen
1209 415 1311 454 arcis
1334 419 1394 453 est
1411 414 1600 453 ruinosae
1617 414 1659 452 in
1677 413 1789 452 Asia-

256 482 339 521 tico
368 479 530 528 littore,
561 484 673 516 trans
704 477 950 529 Bosporum,
982 488 1063 511 non
1093 474 1239 525 procul
1266 472 1315 511 ab
1349 472 1451 510 ostio
1483 471 1600 510 Ponti
1628 471 1791 521 Euxini,

256 537 388 590 inquit
419 535 687 575 Leunclavius
709 533 753 573 in
779 532 1040 572 Onomastico
1063 531 1196 583 priore
1218 529 1414 569 Turcicoz
1447 529 1496 567 de
1519 542 1598 581 quo
1627 529 1791 581 quidem

255 596 378 635 Hiero
409 594 545 632 multis
561 593 710 644 egimus
727 594 766 630 in
788 591 893 630 notis
915 589 966 627 ad
984 588 1215 627 Alexiadem
1237 601 1326 642 pag.
1345 590 1442 630 361.
1470 599 1643 625 DUGANG.
1686 586 1789 626 Vide

256 654 326 693 lib.
348 651 499 691 XVIII.
521 664 609 704 cap.
627 650 677 691 II.
699 655 795 689 sect.
819 653 858 691 1.
900 660 1059 686 BOIVIN.

374 724 471 774 Pag.
504 723 600 768 137,
628 721 670 761 4.
716 721 781 773 Τῷ
800 714 985 758 Σουλτοῖν
1007 712 1215 772 Ἀζατίνῃ]
1246 713 1346 754 Vide
1369 712 1510 752 seriem
1529 711 1790 751 Sultanorum

256 779 525 820 Iconiensium
547 783 641 830 post
661 776 848 815 Familias
867 774 1120 814 Dalmatica&
1177 786 1349 811 DUGANG.

377 850 470 901 Pag.
504 849 598 896 137,
631 847 696 888 13.
756 840 834 894 Εἷς
862 842 905 884 δέ
926 858 987 891 τις
1006 838 1217 896 Ἀμούριος
1243 838 1398 894 ὄνομα]
1431 839 1560 888 Quem
1588 855 1610 879 a
1637 840 1790 879 Meieco

259 906 424 944 Sultano
444 903 642 944 Iconiensi
655 917 732 942 una
754 916 847 941 cum
866 901 958 940 filiis
981 900 1125 951 insigni
1157 898 1326 950 perfidia
1363 904 1504 951 postea
1534 899 1790 938 intersectum

256 963 379 1003 fuisse
408 968 546 1001 narrat
576 960 842 1013 Pachymeres
857 959 925 998 lib.
943 957 997 997 X.
1027 972 1113 1010 cap.
1134 957 1265 996 XXV.
1297 970 1346 995 ex
1374 956 1520 1008 quibus
1546 970 1649 995 unus
1678 955 1790 994 Halis

256 1020 442 1071 nomine,
486 1019 623 1058 divina
653 1018 826 1071 quadam
855 1016 1109 1070 providentia
1136 1020 1341 1063 servatus,
1382 1014 1549 1052 collecta
1577 1013 1790 1053 Persarum

257 1092 398 1129 manu,
429 1077 625 1117 Melecum
660 1077 814 1128 praelio
858 1075 1024 1113 adortus
1055 1072 1164 1111 hunc
1200 1070 1423 1118 interfecit,
1462 1071 1637 1123 indeque
1673 1077 1790 1109 aucta

254 1135 375 1185 Hali,
407 1135 476 1186 qui
497 1141 582 1173 tum
608 1133 763 1172 Amurii
781 1147 926 1172 nomen
958 1145 1031 1170 suo
1061 1130 1228 1179 adiecit,
1257 1127 1461 1182 potentia,
1495 1131 1694 1168 Romanas
1720 1142 1792 1167 re-

257 1193 395 1244 giones
409 1190 710 1231 incursionibus
735 1189 950 1229 infestavit.
1008 1189 1060 1226 Ut
1081 1201 1209 1240 porro
1227 1188 1261 1225 is
1280 1186 1468 1239 perierit,
1500 1186 1669 1239 exponit
1689 1186 1792 1225 Gre-

257 1263 373 1302 goras
392 1250 436 1288 in
458 1250 583 1289 altera
600 1248 790 1287 Historia.
840 1247 920 1286 Iste
940 1251 1071 1284 autem
1091 1245 1230 1295 Amur‚
1258 1238 1546 1297 Ἀμούρπεκις,
1577 1244 1698 1283 unico
1717 1257 1790 1282 vo-

258 1308 430 1358 cabulo,
461 1306 611 1346 dicitur
636 1306 911 1344 Cantacuzeno
928 1303 997 1343 lib.
1017 1303 1070 1342 II.
1105 1315 1193 1355 cap.
1220 1301 1405 1340 XXVIII.
1446 1301 1492 1340 Id
1515 1309 1574 1341 est
1596 1300 1790 1339 Dominus

256 1364 406 1405 Amur.
465 1364 537 1403 Est
561 1362 664 1402 enim
691 1362 778 1416 Beg
794 1361 938 1401 Turcis
959 1359 1174 1409 Dominus,
1209 1365 1258 1398 ut
1289 1364 1349 1397 est
1376 1358 1483 1411 apud
1504 1359 1791 1397 Leuuclavium

256 1423 302 1460 in
328 1421 505 1460 secundo
531 1420 792 1459 Onomastico
810 1419 1003 1467 Turcico,
1034 1423 1074 1456 et
1103 1417 1172 1458 lib.
1199 1416 1266 1456 IV.
1295 1415 1401 1456 Hist.
1429 1416 1668 1455 Musulman.
1694 1429 1788 1469 pag.

260 1482 357 1523 196.
373 1479 443 1517 ubi
461 1478 651 1518 observat
671 1475 758 1530 Beg
779 1490 923 1515 nomen
945 1475 1031 1515 dari
1055 1475 1183 1513 solere
1203 1473 1388 1512 omnibus
1412 1474 1587 1513 officium
1614 1473 1680 1513 vel
1702 1487 1792 1512 mu-

256 1550 334 1575 nus
352 1535 518 1588 aliquod
536 1550 558 1574 a
585 1548 677 1587 rege
695 1535 763 1574 vel
784 1534 949 1573 Sultano
981 1533 1221 1572 consecutis.
1266 1530 1411 1570 Graeci
1429 1545 1525 1570 vero
1548 1530 1632 1586 Πὲγ
1652 1537 1690 1570 et
1710 1529 1789 1572 Πέ-

256 1603 320 1648 γις
349 1593 514 1644 dicunt,
543 1593 612 1632 vel
644 1591 834 1646 Μπέγις,
863 1597 911 1630 ut
943 1591 983 1629 in
1016 1590 1147 1629 Gloss.
1176 1588 1280 1628 med.
1306 1588 1480 1630 Graecit.
1517 1589 1788 1628 observamus.

255 1651 371 1689 Unde
396 1651 586 1690 discimus
608 1650 696 1702 quis
719 1650 753 1688 is
776 1649 827 1687 sit
846 1663 964 1701 quem
983 1649 1230 1687 Froissartus
1251 1644 1322 1685 III.
1353 1646 1442 1685 Vol.
1471 1660 1559 1698 cap.
1585 1646 1716 1686 XXII.
1750 1652 1791 1686 et

253 1708 411 1748 XXIII.
434 1705 712 1748 Amorabakin
729 1712 863 1757 vocat,
895 1720 996 1759 quae
1017 1719 1099 1744 vox
1118 1704 1257 1744 effecta
1274 1717 1325 1742 ex
1342 1703 1477 1743 Amur
1494 1703 1615 1757 Begis
1630 1704 1696 1744 vel
1714 1702 1791 1743 Be-

251 1766 335 1817 gin.
397 1765 476 1803 Sed
499 1779 549 1804 an
569 1764 702 1805 Amur
717 1764 814 1816 iste,
846 1765 962 1803 cuius
983 1762 1162 1802 meminit
1184 1762 1399 1812 Gregoras,
1431 1767 1471 1800 et
1491 1762 1790 1800 Cantacuzenus

254 1822 346 1862 loco
366 1822 549 1872 laudato,
580 1823 632 1860 sit
649 1822 718 1861 ille
742 1837 762 1860 a
783 1836 861 1874 quo
883 1822 1120 1861 interfectus
1139 1825 1199 1858 est
1225 1818 1418 1868 Melecus,
1451 1818 1617 1857 dubium
1643 1819 1790 1872 ingerit

255 1878 362 1918 idem
393 1881 716 1929 Cantacuzenus,
757 1880 825 1931 qui
849 1880 916 1920 lib.
946 1880 996 1918 II.
1022 1892 1111 1930 cap.
1143 1877 1294 1915 XXIX.
1325 1882 1367 1916 et
1394 1876 1467 1916 lib.
1486 1877 1555 1918 ΙΙΙ.
1585 1891 1670 1929 cap.
1704 1877 1786 1919 VII.

257 1937 427 1976 eundem
453 1938 663 1976 Amurium
687 1937 829 1975 Aitinis
851 1936 983 1976 Ioniae
1016 1933 1104 1988 (seu
1126 1934 1286 1984 Cariae,
1318 1934 1378 1972 uti
1396 1933 1517 1973 habet
1538 1935 1607 1974 lib.
1628 1935 1676 1975 II.
1698 1949 1788 1987 cap,

254 1993 385 2045 XIII.)
406 1996 595 2048 Satrapae
613 1994 736 2034 filium
758 1994 881 2033 fuisse
898 1994 966 2043 ait,
996 1993 1247 2044 eundemque
1271 1992 1528 2046 Satraparurn
1555 1992 1670 2031 Asiae
1690 2007 1789 2045 opu.

253 2050 533 2094 lentissimum.
582 2051 758 2091 Aitinem
780 2057 988 2104 praeterea
1008 2050 1110 2089 duos
1134 2050 1233 2088 alios
1254 2048 1357 2088 filios
1382 2048 1582 2099 habuisse,
1619 2064 1789 2103 quorum

256 2107 357 2146 alter
383 2106 534 2158 chezir,
573 2110 675 2148 alter
701 2107 971 2149 Souleimasas
995 2108 1232 2147 vocabatur.
1291 2106 1449 2147 Amurii
1486 2121 1608 2160 porro
1646 2108 1789 2148 crebra

256 2163 403 2204 deinde
421 2166 570 2205 mentio
587 2166 697 2219 apud
716 2167 1050 2207 Cantacuzenum.
1107 2178 1282 2204 DUGANG.

371 2235 470 2287 Pag·
504 2237 599 2287 137,
631 2239 699 2279 17.
750 2230 872 2290 Ἦρος
904 2233 948 2277 δὲ
976 2233 1237 2283 ἐπιστάντος]
1278 2232 1395 2273 Circa
1428 2247 1490 2272 an.
1523 2221 1786 2274 MCGLXXV.

255 2302 432 2330 nucum.

372 2361 471 2413 Pag·
506 2362 602 2410 138,
634 2364 674 2403 3.
732 2360 810 2409 Εἰς
838 2364 1001 2416 πλεῖστα
1033 2358 1245 2415 τεμόντες]
1295 2359 1401 2399 Hinc
1426 2359 1553 2410 igitur
1588 2359 1786 2400 exstincto

255 2415 483 2476 Turcorum
501 2416 768 2457 Iconiensium
790 2419 1043 2472 principatu,
1082 2416 1173 2457 cum
1197 2417 1323 2457 eidem
1344 2418 1495 2457 tuendo
1518 2423 1661 2457 contra
1682 2417 1787 2456 Tar-

253 2479 367 2512 taros
388 2473 563 2527 impares
589 2482 740 2525 essent,
771 2478 915 2528 singuIi
941 2490 991 2515 ex
1013 2476 1256 2529 primoribus
1275 2476 1439 2525 Turcis,
1469 2483 1594 2529 prout
1625 2475 1786 2514 libitum

254 2530 346 2580 fuit,
379 2532 531 2583 oppida
553 2538 591 2572 et
613 2533 842 2585 provincias
864 2540 1140 2586 pervaserunt,
1173 2546 1263 2572 cum
1291 2533 1457 2572 Graecis
1472 2547 1597 2585 aeque
1621 2546 1669 2571 ac
1690 2532 1788 2571 Tar-

254 2588 353 2626 taris
386 2588 539 2628 bellum
575 2596 776 2641 gerenteS‚
818 2591 1059 2644 tandemque
1097 2590 1239 2630 iisdem
1274 2590 1452 2630 Tartaris
1484 2590 1786 2642 recedentibus,

253 2645 454 2698 pulsoque
484 2647 552 2686 vel
581 2653 690 2703 certe
725 2661 807 2686 non
839 2649 1012 2687 admisso
1043 2649 1234 2699 Sultano,
1266 2649 1482 2688 Turcicum
1509 2648 1784 2701 principatum

252 2703 477 2766 provinciis
495 2703 668 2744 invicem
696 2703 937 2757 dispertitis,
968 2705 1111 2745 deinde
1132 2706 1240 2759 quod
1263 2707 1431 2746 Romani
1450 2719 1521 2744 seu
1541 2705 1786 2744 Graecorum

252 2771 294 2797 m
317 2759 411 2800 Asia
448 2768 656 2814 supererat
683 2762 842 2815 imperii
871 2763 1128 2815 invaserunt,
1158 2763 1331 2816 indeque
1354 2764 1397 2803 in
1418 2764 1618 2816 Europam
1641 2762 1785 2801 evola-

251 2822 369 2881 runt,
400 2817 448 2856 ab
469 2818 650 2871 ipsismet
671 2819 835 2859 Graecis
859 2820 1168 2873 imperatoribus
1187 2821 1364 2872 evocati,
1396 2821 1492 2860 dum
1513 2833 1631 2874 opem
1652 2833 1699 2858 ac
1715 2831 1784 2858 au-

249 2873 393 2914 xilium
414 2883 624 2928 quaerunt,
655 2890 735 2930 quo
753 2891 796 2918 se
818 2877 1011 2919 adversus
1030 2891 1125 2919 suae
1135 2878 1265 2932 gentis
1283 2878 1505 2933 principes,
1537 2884 1658 2931 atque
1680 2876 1780 2917 adeo
