1794 3172
340 181 660 227 HISTORIAE
688 179 1063 225 BYZANTINAE
1099 181 1199 225 XV.
1231 187 1272 227 1.
1300 246 1304 250 -
1456 175 1557 222 747

51 294 130 351 τὴν
152 294 305 337 ἐκείνου
335 290 481 351 ῥώμην
503 310 547 337 τε
574 292 643 335 καὶ
674 289 919 348 ἡγεμονικὴν
950 289 1101 349 ἀρχὴν)
1136 289 1312 346 βασιλέα
1338 287 1590 346 ῬωμαίωνΑ·
1603 290 1648 324 Μ·
1660 289 1753 327 6853

53 364 203 407 ἑαυτὸν
241 361 490 421 ἀνηγόρευσε
501 396 515 417 ,
555 359 634 418 τήν
665 378 709 404 τε
738 358 960 418 βάρβαρον
991 362 1155 404 δίαιταν
1181 361 1223 412 ἐς
1252 359 1306 404 τὰ
1337 358 1551 416 Ῥωμαίων
1573 338 1776 420 Aug-¹13&

53 434 230 490 ἤμειψεν
251 432 342 489 ἤθη
373 434 441 476 καὶ
474 429 690 491 καλύπτρᾳ
723 433 791 473 καὶ
811 428 967 481 πάσαις
992 434 1162 480 στολαῖς
1183 427 1416 487 διασήμοις,
1449 428 1627 474 ὅπό-ῙΗΨ·
1651 433 1695 464 10-
1711 433 1774 464 Pa-

53 521 126 546 σαι
144 507 196 561 τῇ
214 501 374 560 μεγάλῃ
394 500 527 560 ταύτῃ
546 519 589 558 γε
610 498 891 558 προσήκουσιν
913 500 1046 558 ἀρχῇ,
1083 505 1321 558 περιφανῶς
1344 498 1550 557 ἐχρήσατό
1563 479 1694 557 Dlaeol.
1707 477 1731 513 5

23 583 98 619 5τε
132 574 200 616 καὶ
226 574 386 630 χρῆταί
401 589 444 630 γε
475 572 594 628 μέχρι
615 572 683 613 καὶ
704 571 745 621 ἒς
765 569 848 625 ε’μέ.
885 569 967 626 ἤδη
993 570 1040 612 δὲ
1055 571 1123 612 καὶ
1143 569 1248 627 πρὸς
1274 569 1348 614 τὸν
1365 570 1458 614 υἱὸν
1477 570 1600 627 τὴνΡ.
1613 579 1683 618 468

54 642 155 698 ὅλην
183 641 403 699 ἡγεμονίαν
432 643 619 696 ἐνείματο
637 654 647 664 ·
684 642 751 683 καὶ
781 643 840 698 τῷ
857 640 934 695 μὲν
958 639 1097 697 ἄρχειν
1120 640 1325 698 παρέσχε,
1365 640 1472 683 κατὰ
1499 641 1554 685 τὰ

53 712 268 767 εἰθισμένα
298 718 386 762 τοῖς
431 714 708 768 Τριβαλλοῖς,
745 714 821 765 τῆς
856 710 900 753 ἕκ
931 727 975 753 τε
1005 707 1162 753 κόλπου
1203 714 1279 753 τοῦ
1305 709 1450 753 Ἰονίου
1487 712 1557 754 καὶ

54 777 108 825 αὖ
123 781 288 838 Ἴστρου
319 784 395 825 τοῦ
425 784 618 836 ποταμοῦ
653 780 772 837 μέχρι
799 783 875 836 τῆς
894 784 978 823 τῶν
1001 780 1191 824 Σκοπίων
1210 777 1380 832 πόλεως,
1416 774 1467 836 ἧς
1487 782 1556 824 καὶ

53 852 243 907 ποταμὸς
269 851 403 902 Ἀξιὸς
435 850 599 894 ἄνωθέν
623 854 756 893 ποθεν
780 850 973 907 μέγιστος
1001 847 1154 893 κάτεισι
1174 847 1443 904 παραψαύων
1460 848 1554 907 ἦγε-

0 932 45 968 10
54 923 227 976 μονιάς·
265 919 399 980 ἑαυτῷ
424 920 468 964 δ’
493 915 546 964 αὖ
570 924 656 963 τῶν
677 921 834 975 ἐκεῖθεν
851 917 1091 975 Ῥωμαϊκῶν
1110 924 1262 978 χωρῶν
1280 921 1350 963 καὶ
1371 918 1546 974 πόλεων,

53 991 160 1034 κατὰ
179 991 254 1046 τὴν
276 990 514 1047 εἰθισμένην
531 988 749 1045 Ῥωμαίοις
769 990 946 1044 ὁίἀιταν,
985 988 1080 1046 ἄχρι
1101 990 1168 1032 καὶ
1190 989 1233 1040 ἒς
1252 989 1305 1033 τοὶ
1327 991 1419 1047 περὶ
1437 993 1549 1047 Χρι-

52 1059 276 1104 στούπολιν
298 1065 382 1104 τῶν
406 1058 603 1117 παρόδων
625 1057 759 1103 στενά.
799 1056 853 1102 τά
872 1076 915 1117 γε
935 1058 1020 1115 μὴν
1049 1060 1094 1102 ἔκ
1121 1063 1206 1102 τῶν
1229 1057 1430 1103 τοιούτων
1453 1067 1588 1103 στε-Β

52 1135 134 1174 νῶν
170 1130 263 1188 ἄχρι
294 1131 535 1189 Σηλυβριάς
563 1131 632 1172 καὶ
666 1130 831 1186 Δέρκου
865 1127 994 1172 πάντ’
1026 1127 1128 1185 εἶχεν
1150 1128 1231 1186 ἤδη
1251 1132 1553 1187 Καντακουζη-

54 1200 124 1251 νὸς
154 1199 368 1258 ὑποχείρια
383 1233 396 1253 ,
431 1199 538 1256 πλὴν
567 1197 854 1258 λέῤῥονήσου.
915 1197 1008 1257 (Γ.)
1043 1201 1252 1258 Περσικαὶ
1275 1200 1321 1242 δὲ
1341 1197 1549 1256 δυνάμεις,

0 1279 44 1316 15
55 1272 96 1321 ἓξ
111 1270 253 1321 Ἀσίας
272 1270 332 1312 δι’
349 1266 658 1326 Ἑλλησπόντου
679 1273 819 1313 πᾶσαν
844 1268 957 1327 ὥραν
980 1267 1344 1327 ὁίαπεραιούμεναι
1355 1302 1369 1323 ,
1407 1268 1550 1314 καθά-

53 1358 128 1397 περ
150 1341 193 1391 ἐξ
215 1331 373 1384 οἰκείων
393 1341 434 1391 ἒς
466 1340 616 1390 οἰκείας
645 1339 779 1394 νομὰς
810 1341 877 1382 καὶ
908 1336 1119 1393 ἐπαύλεις,
1155 1339 1312 1395 συχνὰς
1333 1340 1548 1384 ἐποιοῦντο

52 1409 214 1468 νύκτωρ
243 1411 311 1452 καὶ
330 1409 438 1463 μεθ’
467 1407 627 1466 ἡμέραν
647 1409 723 1460 τὰς
745 1407 969 1467 θηριώδεις
990 1407 1171 1467 ἐφόδους
1189 1408 1297 1453 κατὰ
1319 1414 1405 1454 τῶν
1428 1412 1549 1470 Θρᾳ-

53 1484 178 1523 κικῶν
200 1477 383 1534 πόλεων,
421 1484 497 1523 νῦν
526 1480 603 1535 μὲν
637 1478 866 1540 αὐτονομίᾳ
894 1477 1102 1537 χρώμενοι
1135 1470 1358 1537 λῃστρικῇ,
1397 1484 1473 1523 νῦν
1502 1481 1548 1523 δὲ

53 1557 282 1605 συμμαχεῖν
301 1547 646 1607 προσποιούμενοι
669 1551 1016 1608 Καντακουζηνῷ.
1055 1547 1168 1599 ὅπως
1187 1547 1232 1592 δ’
1254 1547 1338 1606 ἄρα
1356 1543 1422 1605 ἦν,
1452 1547 1583 1592 {vd-c

0 1630 155 1666 2ooovv
186 1619 230 1662 αἳ
258 1617 396 1670 πόλεις
428 1621 496 1662 καὶ
518 1617 635 1674 μάλα
666 1616 858 1676 πονήρως
877 1617 984 1674 εἶχον
1000 1615 1218 1674 Ῥωμαίοις
1239 1622 1340 1661 πᾶσι
1364 1617 1417 1661 τὰ
1436 1616 1546 1676 πρά-

51 1706 204 1746 γματα.
243 1687 337 1731 οὔτε
359 1689 439 1746 γὰρ
458 1687 686 1745 ὑποζυγίων
695 1721 710 1742 ,
744 1687 838 1732 οὕτε
865 1688 1065 1744 ποιμνίων
1085 1686 1206 1731 οὐδὲν
1224 1694 1312 1738 τοῖς
1330 1685 1547 1731 ταλαιπώ-

55 1775 144 1816 ροις
174 1759 333 1818 Θρᾳξὶν
364 1759 593 1811 ἐλέλειπτο,
633 1756 727 1801 οὕτε
755 1762 870 1812 βοῶν
902 1755 1122 1816 ἀροτήρων
1151 1756 1308 1811 οὐδεὶς,
1341 1756 1402 1800 δι’
1427 1751 1486 1801 ὧν
1506 1757 1547 1801 οἱ

52 1830 223 1886 γεωργοὶ
264 1827 341 1878 τὰς
377 1832 454 1884 τῆς
489 1832 564 1884 γῆς
597 1826 945 1884 ἄναμοχλεύοντες
985 1826 1171 1877 αὔλακας
1209 1826 1283 1870 τὸν
1320 1823 1544 1885 ἡμερήσιον

52 1900 122 1941 καὶ
150 1898 371 1955 ἀναγκαῖον
398 1899 679 1957 ἒκπορίζονται
709 1897 872 1954 δασμὸν
891 1901 943 1957 τῇ
959 1898 1121 1956 γαστρί.
1159 1895 1387 1941 κάντεῦθεν
1410 1893 1546 1941 ἀσπό-

144 2010 204 2047 20.
227 2009 322 2045 πᾶσι
347 2008 448 2044 Boiv.
473 2020 538 2056 pro
561 2009 681 2046 παῒσι.

53 2103 177 2148 batur)
201 2103 389 2138 Romanum
406 2101 649 2149 imperatorem
665 2101 743 2149 ipse
762 2113 801 2137 se
817 2100 1072 2148 pronunciavit,
1090 2105 1126 2137 et
1141 2099 1284 2137 vivendi
1300 2111 1410 2148 genus
1428 2111 1450 2135 a
1466 2100 1549 2135 bar-

53 2151 171 2185 barico
193 2151 238 2184 ad
258 2151 444 2185 Romanum
472 2160 599 2184 morem
625 2148 825 2191 transtulit,
858 2149 1019 2194 tiaraque
1045 2153 1082 2183 et
1106 2149 1284 2192 omnibus,
1318 2159 1410 2195 quae
1432 2147 1547 2193 magni

53 2197 157 2232 huius
178 2196 314 2243 imperii
346 2196 489 2242 propria
518 2199 624 2238 suut,
654 2196 851 2241 insignibus
874 2195 987 2241 palam
1013 2207 1097 2230 usus
1122 2200 1197 2238 est,
1227 2201 1263 2230 et
1285 2195 1330 2230 ad
1351 2195 1416 2229 hoc
1435 2206 1548 2239 usque

52 2248 190 2290 tempus
210 2244 332 2278 utitur.
379 2243 450 2277 Iam
470 2255 553 2277 vero
571 2247 608 2278 et
622 2255 697 2277 cum
717 2242 788 2277 filio
805 2248 916 2277 totum
937 2242 1116 2289 imperium
1150 2242 1302 2289 partitus
1325 2241 1376 2276 illi
1397 2241 1547 2287 quidem,

53 2296 93 2325 ut
111 2290 295 2325 secundum
319 2289 552 2324 Triballorum
577 2289 737 2324 instituta
765 2289 971 2335 imperaret,
1005 2301 1046 2324 ea
1074 2289 1216 2334 regione
1239 2288 1366 2331 cessit,
1390 2299 1480 2334 quae
1501 2288 1546 2322 ab

52 2337 149 2372 Ionio
169 2338 247 2372 sinu
272 2342 308 2372 et
326 2337 418 2371 Istro
439 2336 579 2372 flumine
601 2336 645 2370 ad
662 2336 864 2382 Scopiorum
885 2348 995 2381 usque
1012 2336 1129 2370 urbem
1150 2335 1321 2382 pertinet3
1345 2346 1449 2381 quam
1463 2345 1547 2380 pro-

50 2384 199 2418 vinciam
227 2385 391 2418 maximus
415 2383 543 2417 fluvius
571 2394 704 2417 sursum
734 2383 892 2418 alicunde
916 2383 1188 2428 praeterlabitur
1205 2382 1335 2416 Axius:
1367 2380 1434 2415 sibi
1460 2392 1545 2415 vero

51 2430 223 2464 Romanas
247 2431 408 2476 regiones
434 2436 470 2464 et
494 2430 619 2472 urbeS,
643 2430 807 2464 Romanis
834 2429 1001 2464 institutis
1023 2429 1219 2475 regendas,
1244 2429 1340 2464 illinc
1365 2438 1474 2473 usque
1499 2425 1544 2461 ad

53 2476 368 2522 christopolitauas
387 2477 506 2511 fauces
523 2477 731 2511 reservavit.
779 2477 880 2518 Quae
899 2481 1012 2511 autem
1030 2476 1075 2511 ab
1091 2475 1159 2510 illis
1185 2474 1356 2521 angustiis
1378 2474 1422 2508 ad
1440 2473 1546 2508 urbes

52 2534 165 2568 usque
179 2524 372 2568 Selybriam
393 2529 430 2558 et
449 2523 598 2558 Dercum
617 2529 814 2565 occurrunt,
838 2535 880 2558 ea
893 2522 962 2557 iam
982 2523 1093 2558 omnia
1111 2523 1377 2557 Cantacuzenus
1397 2520 1547 2565 subege-

51 2574 121 2613 rat,
146 2570 365 2605 Chersoneso
387 2574 544 2615 excepta.
592 2570 695 2614 (111.)
719 2571 767 2604 At
784 2570 915 2605 Persae
929 2581 974 2604 ex
991 2569 1075 2604 Asia
1095 2580 1160 2614 per
1177 2569 1439 2614 Hellespontum
1460 2578 1546 2612 qua-

52 2628 188 2662 cunque
206 2621 434 2662 tempestate,
460 2621 624 2663 tanquam
650 2617 693 2651 ab
711 2616 782 2650 suis
801 2617 845 2651 ad
863 2628 944 2651 suas
961 2615 1199 2663 possessiones
1218 2621 1255 2650 et
1274 2614 1375 2649 sedes
1391 2613 1542 2655 advecti,

52 2669 158 2701 noctu
181 2668 287 2708 atque
305 2663 478 2705 interdiu,
502 2663 653 2698 ferarum
671 2663 784 2697 instar
801 2663 964 2698 civitates
978 2662 1151 2698 Thraciae
1170 2661 1431 2698 adoriebantur:
1454 2671 1545 2694 nunc
1598 2693 1602 2696 Δ

52 2709 222 2744 latronum
242 2709 383 2744 licentia
400 2709 547 2752 utend0;
571 2722 659 2744 nunc
676 2722 715 2745 se
735 2710 969 2745 Cantacuzeni
986 2710 1106 2756 copias
1124 2707 1322 2744 auxiliarius
1341 2706 1544 2741 simulando.

53 2756 147 2789 Sane
166 2762 205 2790 ut
222 2761 262 2790 ut
279 2760 375 2799 erat,
398 2756 602 2791 laborabant
618 2757 740 2798 urbes,
769 2761 805 2791 et
826 2768 901 2792 cum
918 2756 1074 2792 omnibus
1091 2755 1256 2791 Romanis
1283 2754 1430 2800 pessime
1458 2764 1545 2798 age-

52 2802 167 2836 batur.
214 2803 315 2838 Nihil
335 2802 423 2837 enim
444 2802 681 2846 iumentorum,
703 2802 789 2838 nihil
810 2815 972 2849 pecorum
988 2802 1190 2838 miserrimis
1203 2801 1398 2836 Thracibus
1418 2798 1544 2845 reliqui

52 2854 152 2890 erat3
177 2848 263 2884 nihil
290 2860 333 2883 ex
353 2850 466 2884 bubus
488 2850 704 2892 aratoribus3
728 2861 871 2896 quorum
888 2862 996 2897 opera
1018 2849 1216 2895 agricolae,
1238 2853 1406 2894 perrupto
1426 2850 1544 2881 terrae

51 2895 196 2941 gremio,
220 2895 456 2944 quotidianum
475 2900 512 2932 et
527 2897 760 2933 necessarium
775 2902 904 2944 parant
920 2897 1080 2934 faucibus
1101 2895 1267 2940 vectigal.
1314 2892 1542 2939 Cum.itaque
