1794 3172
284 139 419 191 1046
546 164 548 168 ·
692 145 1010 193 NICEPHORI
1036 145 1361 194 GREGORAE

59 254 159 304 mu.
179 256 272 305 6859
285 259 489 320 φιλοτίμῳ
517 253 660 316 γνώμῃ
693 257 762 301 καὶ
782 258 889 314 χειρὶ
921 253 1156 317 σοφωτάτῳ
1185 255 1322 318 ἐκείνῳ
1352 257 1473 317 ἀνδρὶ
1502 258 1760 319 συνηράμην,

122 318 192 352 ¹¹¹⁶·
209 315 328 399 4939
348 329 427 374 ὅσα
445 346 490 373 τε
505 329 649 384 χρείας
681 326 817 387 ἐκείνῳ
847 329 916 371 καὶ
937 326 1037 385 ἡμῖν
1075 326 1156 386 ἔδει
1192 330 1261 372 καὶ
1294 327 1373 372 ὅσα
1407 329 1457 374 τὸ
1485 334 1561 373 τοῦ
1587 332 1763 389 φίλτρου

286 398 512 455 δυνάμενον
532 395 629 453 ἡμῖν
647 394 886 454 ὖπηγόρευε.
934 397 992 442 δι’
1015 396 1045 442 ἅ
1060 415 1134 454 μοι
1152 399 1219 441 καὶ
1241 397 1316 454 τὴν
1342 398 1565 457 ἐπιτροπὴν
1590 402 1658 443 καὶ
1688 401 1763 456 τὴν

282 475 366 514 τῶν
388 473 462 525 τῆς
481 470 612 523 μονῆς
630 467 883 525 τιμιωτέρων
902 469 970 511 καὶ
989 467 1315 526 ἀναγκαιοτέρων
1337 468 1549 524 ἐπίσκεψιν
1570 467 1765 527 πραγμά-

282 557 365 584 των
389 539 596 582 ἐπίστευσε
610 569 623 591 ,
657 538 724 580 καὶ
748 534 902 596 τρόπον
931 537 1024 583 τινὰ
1046 536 1242 594 διάδοχον
1261 535 1411 581 ἑαυτοῦ
1443 538 1666 595 κατέστησε
1696 547 1794 584 τε-5

283 613 437 654 λευτῶν
461 609 610 657 ἐκεῖνος
628 607 827 652 ἐνταῦθα.
877 609 945 651 καὶ
966 613 1040 652 νῦν
1061 607 1135 658 οὓς
1154 609 1229 662 μὲν
1254 601 1375 665 εὗρον
1396 606 1674 663 ἀσκουμένους
1697 609 1765 651 ἐλ-

282 679 378 724 θών
402 680 445 730 ἐξ
467 677 598 735 ἀρχῆς
627 676 746 734 ἔγωγε
774 678 980 722 ἐνταυθοῖ
982 712 996 732 ,
1035 675 1185 728 πάντες
1202 679 1246 721 ἐκ
1265 681 1422 721 πολλοῦ
1444 677 1516 721 τὸν
1537 679 1630 734 βίον
1659 677 1765 721 ἀπο-

282 747 468 799 λιπόντες
497 748 619 790 εῗσίν·
667 748 710 790 οἳ
737 747 781 790 δ’
818 749 893 790 εἶσὶ
925 753 1020 802 νῦν,
1060 745 1210 799 πάντες
1245 748 1345 790 εἰσὶν
1378 748 1479 802 ἐμοῦ
1506 748 1764 803 βουλομένου

240 819 361 875 Ετὴν
377 817 510 874 μονὴν
531 816 674 860 ἄλλοτ’
699 816 835 868 ἄλλως
856 816 1095 874 οἰκήσαντες
1118 815 1251 874 τήνδε.
1325 815 1419 876 (Ε.)
1446 817 1534 861 Διὰ
1557 817 1609 874 δὴ
1631 822 1765 861 ταῦτα

283 889 449 934 κάκεῖνα
485 888 625 946 φιλίας
665 885 762 943 ἡμῖν
791 888 832 930 οἳ
870 890 1011 943 σεμνοὶ
1044 888 1216 946 πατέρες
1244 888 1313 930 καὶ
1341 886 1514 945 ἀδελφοὶ
1542 889 1610 930 καὶ
1640 897 1794 933 πνευ-1

282 962 460 1017 ματικῆς
500 955 661 1014 ἀγάπης
693 957 923 1015 ὀφείλοντες
960 959 1126 1001 ἐκτίνειν
1159 964 1337 1014 σημεῖα,
1384 957 1424 1000 οἱ
1457 955 1503 1000 δ’
1536 955 1594 1008 ὥς
1619 961 1767 1015 ταῦροι

281 1029 495 1087 περιέσχον
514 1044 580 1083 με,
620 1027 762 1085 καιρὸν
786 1025 1012 1086 εἰληφότες,
1038 1026 1181 1071 ὁποῖον
1202 1025 1258 1078 ὡς
1279 1026 1405 1070 ἔοικεν
1422 1024 1662 1082 ἐπεζήτουν·
1698 1028 1767 1070 καὶ

282 1097 340 1150 ὥς
356 1099 399 1142 ἐν
417 1094 674 1155 ἀποκρύφοις
696 1099 901 1148 οῗκοῧντες
920 1102 1052 1155 θῆρες
1086 1097 1263 1156 ἔθρυξαν
1283 1095 1351 1140 ἐπ’
1374 1096 1445 1151 ἐμὲ
1471 1096 1571 1147 τοὺς
1591 1093 1768 1147 ὀδόντας

283 1168 424 1212 αὐτῶν
432 1201 447 1222 ,
486 1166 578 1211 ἀντὶ
607 1166 783 1224 ἀγαθῶν
810 1165 1113 1218 ἇνταποδόντες
1140 1164 1260 1210 κακά.
1318 1165 1487 1222 ἤνοιξαν
1514 1165 1581 1209 ἐπ’
1612 1166 1683 1221 ἐμὲ
1717 1165 1765 1209 τὸ

243 1235 421 1294 Ὲστόμα
442 1236 606 1292 αὐτῶν,
645 1234 702 1288 ὦς
730 1236 833 1280 λε’ων
865 1235 1059 1295 ἁρπάζων
1086 1238 1155 1280 καὶ
1186 1233 1433 1294 ὠρυόμενος.
1480 1236 1794 1293 ἓκραταίωσανῘ

284 1307 449 1359 ἑαυτοῖς
468 1304 589 1364 λόγον
622 1304 817 1365 πονηρόν.
853 1305 1064 1364 ἠκόνησαν
1073 1340 1087 1361 ,
1120 1303 1177 1357 ὥς
1197 1306 1434 1365 ῥομφαίαν,
1473 1305 1548 1356 τὰς
1575 1303 1768 1362 γλώσσας

283 1378 435 1423 αὐτῶν.
493 1375 630 1431 εἷπον,
663 1378 726 1427 τίς
761 1375 938 1433 ὅψεταις
975 1378 1089 1420 δεῦτε
1127 1378 1195 1419 καὶ
1224 1372 1586 1432 ἐξολοθρεύσωμεν
1620 1374 1764 1429 αὐτὸν,

282 1450 352 1492 καὶ
381 1447 515 1498 οὐδεὶς
533 1446 581 1490 οὗ
599 1446 657 1502 μὴ
677 1451 851 1505 μνησθῇ
870 1447 918 1490 τὸ
940 1445 1074 1503 ὄνομα
1095 1445 1225 1489 αὐτοῦ
1247 1445 1319 1490 ἔτι.
1368 1448 1444 1489 νῦν
1470 1442 1550 1503 γάρ
1568 1462 1639 1500 μοι
1660 1443 1767 1488 κατὰ

282 1518 425 1576 καιρὸν
447 1518 514 1561 καὶ
540 1516 595 1560 τὰ
620 1520 694 1560 τοῦ
721 1514 938 1574 προφήτου
968 1517 1094 1573 λέγειν
1114 1513 1238 1574 ἐπῄει.
1285 1514 1358 1559 τὸν
1377 1513 1455 1572 γὰρ
1478 1512 1643 1558 ἅπαντα
1673 1515 1768 1570 βίον

282 1588 392 1632 αὐτὰ
416 1585 561 1631 διιόντι
581 1604 655 1642 μοι
674 1584 875 1645 πρότερον
906 1586 983 1643 οὔχ
1012 1585 1122 1630 οὕτω
1147 1589 1303 1641 μαθεῖν
1326 1584 1509 1641 ἀκριβῶς
1531 1584 1794 1641 συνηνέχθηξ

132 1662 175 1698 P.
193 1661 261 1701 658
284 1659 406 1703 ταυτὶ
427 1657 532 1714 πρὸς
549 1656 759 1715 ἀκρίβειαν
767 1689 782 1711 ,
821 1655 878 1707 ὥς
900 1657 1054 1715 ἀρτίως
1074 1657 1118 1699 ἐκ
1140 1656 1283 1712 πείρας
1305 1654 1435 1710 αὐτῆς
1444 1687 1458 1707 ,
1497 1652 1644 1705 ὁποίας
1664 1654 1767 1697 ἐκεῖ·

285 1745 357 1780 νος
374 1729 442 1772 καὶ
461 1726 563 1778 ὅσας
581 1725 728 1783 ἔβοσκέ
747 1744 791 1771 τε
814 1728 883 1770 καὶ
903 1727 1138 1771 συνέθαλπε
1157 1729 1314 1783 πικρῶς
1333 1724 1410 1774 τὰς
1433 1723 1664 1774 ἀθέλκτους
1692 1720 1768 1766 λύ-

285 1815 369 1850 πας
396 1798 438 1841 ἐν
465 1801 597 1856 ψυχῇ.
649 1797 758 1853 μηδὲ
786 1796 865 1855 γὰρ
898 1795 949 1841 ἂν
974 1796 1114 1854 ἄλλως.
1128 1793 1336 1853 γινώσκειν
1363 1791 1575 1837 δύνασθαι
1607 1792 1768 1849 μηδένα

377 1897 438 1933 22.
461 1892 668 1939 ἆθὲλκτους
685 1908 749 1933 em.
765 1895 868 1932 Boiv.
888 1907 953 1942 pro
978 1891 1199 1941 ἅθελήτους.

287 1977 345 2024 pit
368 1981 404 2012 et
422 1976 460 2012 id
482 1977 595 2024 ipsum
619 1977 801 2024 magnifice
822 1980 859 2012 et
877 1976 975 2022 larga
995 1988 1094 2012 manu
1117 1973 1343 2017 instauravit,
1364 1972 1459 2009 illum
1473 1971 1613 2018 inquam
1631 1967 1769 2017 sapien-

288 2025 454 2059 tissimum
476 2025 586 2060 virum
604 2024 721 2060 adiuvi
737 2024 782 2059 ad
801 2035 843 2059 ea
860 2024 984 2066 omnia,
1008 2035 1098 2069 quae
1114 2023 1279 2058 ambobus
1297 2021 1395 2056 nobis
1412 2019 1488 2055 usui
1504 2019 1621 2054 futura
1641 2022 1769 2061 essent,

289 2075 328 2105 et
346 2082 436 2116 quae
457 2071 582 2107 amoris
610 2072 665 2107 vis
688 2071 814 2106 efficax
843 2070 925 2105 mihi
949 2071 1134 2105 dictasset:
1158 2082 1227 2117 quo
1255 2070 1404 2111 factum,
1428 2071 1469 2102 ut
1493 2064 1769 2113 procurationem

287 2128 470 2163 rerumque
495 2118 610 2154 eiusce
630 2117 828 2153 monasterii
849 2117 1175 2163 pretiosissimarum
1200 2120 1237 2152 et
1259 2116 1403 2151 maxime
1419 2111 1689 2149 necessariarum
1714 2111 1770 2146 in-

289 2164 501 2210 spectionem
524 2165 605 2200 fidei
629 2176 727 2200 meae
745 2164 968 2207 commiserit,
992 2176 1032 2199 ac
1050 2176 1103 2200 me
1129 2163 1291 2199 heredem
1315 2160 1562 2210 quodammodo
1592 2169 1689 2193 suum
1711 2157 1769 2192 hie

289 2210 436 2247 moriens
454 2210 655 2248 instituerit.
712 2212 816 2247 Nunc
836 2214 1006 2257 quotquot
1028 2211 1093 2246 huc
1122 2212 1265 2257 primum
1290 2207 1476 2245 adveniens
1503 2205 1685 2253 religiosos
1710 2215 1771 2239 re-

317 2257 390 2300 (πὶ,
413 2257 441 2292 ἰί
467 2270 581 2293 omnes
607 2258 811 2305 iampridem
834 2270 854 2292 e
880 2258 954 2294 vita
979 2263 1221 2294 excesserunt:
1254 2257 1314 2303 qui
1337 2255 1440 2291 hodie
1469 2258 1568 2296 sunt,
1592 2251 1619 2286 ii
1636 2263 1689 2286 me
1705 2263 1770 2286 vo-

305 2307 385 2339 ente
406 2316 521 2340 omnes
551 2306 618 2340 hoc
642 2305 882 2341 monasterium
907 2305 991 2341 alias
1021 2305 1124 2340 aliter
1151 2305 1300 2349 ingressi
1328 2301 1538 2338 habitarunt.
1604 2297 1686 2343 (V.)
1711 2298 1769 2352 Ob

288 2350 353 2385 has
375 2350 472 2386 simul
497 2356 534 2387 et
558 2351 635 2387 illas
663 2364 803 2395 causas,
829 2364 903 2387 cum
922 2353 1088 2388 deberent
1107 2351 1291 2387 reverendi
1312 2349 1439 2384 Patres
1462 2351 1498 2383 et
1518 2347 1663 2381 Fratres
1685 2356 1771 2379 amr-

290 2397 398 2432 citiae
416 2403 451 2434 et
475 2398 633 2434 caritatis
657 2398 881 2434 Christianae
905 2399 1006 2445 signa
1030 2398 1244 2446 rependere,
1276 2396 1380 2431 iidem
1405 2398 1545 2436 contra,
1570 2391 1663 2427 sicut
1688 2397 1770 2426 tau-

289 2443 345 2488 ri,
370 2445 581 2481 obsederunt
602 2457 679 2488 me,
714 2446 926 2481 occasionem
954 2446 1070 2489 nacti,
1103 2446 1235 2492 qualem
1263 2442 1428 2479 videlicet
1453 2439 1701 2487 requirebant3
1734 2439 1770 2472 et

291 2491 385 2526 sicut
413 2492 449 2528 in
473 2491 685 2528 absconditis
712 2493 909 2528 habitantes
931 2494 1028 2528 ferae
1055 2493 1192 2528 bestiae
1223 2490 1451 2527 frenduerunt
1477 2498 1581 2533 super
1604 2497 1658 2520 me
1685 2485 1770 2519 den-

290 2537 386 2572 tibus
413 2539 505 2583 suis,
529 2550 593 2595 pro
613 2539 714 2574 bonis
733 2539 963 2575 retribuentes
987 2540 1087 2575 mala.
1133 2541 1357 2586 Aperuerunt
1383 2545 1490 2582 super
1519 2545 1573 2568 me
1598 2543 1636 2568 os
1660 2541 1769 2573 suum,

293 2584 386 2620 sicut
403 2585 456 2622 leo
474 2597 614 2632 rapiens
633 2590 669 2620 et
687 2587 840 2632 rugiens.
887 2586 1130 2622 Firmaverunt
1147 2587 1213 2621 sibi
1228 2594 1414 2620 sermonem
1433 2580 1626 2627 malignum.
1663 2578 1770 2634 ‘Exa-

293 2638 440 2668 cuerunt
471 2632 565 2668 sicut
589 2632 739 2679 gladium
768 2633 904 2679 linguas
932 2646 1022 2669 suas.
1078 2633 1270 2675 Dixerunt,
1294 2630 1371 2677 quis
1392 2627 1551 2664 videbi&
1585 2626 1771 2678 Venite-et

292 2677 534 2725 disperdamus
564 2691 661 2722 eum,
693 2683 731 2715 et
760 2692 858 2715 nemo
882 2681 1073 2716 meminerit
1098 2680 1243 2715 nominis
1266 2679 1340 2714 eius
1366 2675 1519 2722 amplius.
1573 2673 1664 2708 Nam
1689 2670 1770 2706 mihi

293 2735 384 2760 nunc
402 2727 463 2762 illa
483 2727 672 2773 prophetae
689 2727 796 2761 verba
815 2727 852 2761 in
869 2730 1024 2773 tempore
1040 2728 1235 2774 usurpanda
1261 2727 1468 2760 occurrunt:
1490 2731 1580 2767 quae
1605 2730 1682 2773 cum
1704 2727 1769 2762 ego

294 2782 361 2817 per
384 2776 494 2808 totam
517 2773 624 2808 vitam
652 2773 798 2808 antehac
827 2774 1066 2817 recitaverim,
1091 2785 1261 2820 nunquam
1286 2772 1339 2806 ita
1365 2770 1503 2817 penitus
1529 2765 1706 2807 intellex1,
1731 2766 1771 2797 ut

295 2829 389 2854 nunc
404 2831 467 2855 usu
490 2820 567 2867 ipso
587 2819 708 2855 doctus
729 2819 885 2865 intelligo
898 2846 909 2862 ‚
933 2822 1067 2868 qualem
1082 2821 1141 2856 ille
1161 2827 1198 2856 et
1214 2823 1375 2868 quantam
1391 2818 1429 2852 in
1449 2815 1560 2850 animo
1581 2813 1692 2847 aleret
1715 2811 1771 2866 ξο-

295 2869 463 2914 veretque
489 2866 655 2906 maeroris
676 2866 932 2903 inconsolabilis
956 2868 1189 2905 acerbitatem.
1244 2867 1373 2913 Neque
1400 2863 1490 2901 enim
1512 2861 1651 2897 videtur
1676 2868 1771 2906 quis-
