1794 3172
249 129 356 177 922
674 93 991 180 NlClilPHORI
1020 131 1343 176 GREGORAE

36 260 82 294 A.2
94 257 138 292 M.
159 255 359 300 6859τας,
397 245 581 300 πῶς’μέν
611 244 695 305 ἲδίᾳ
725 246 791 287 καὶ
817 243 923 287 καθ’
949 240 1078 293 αὖτὰς
1113 239 1279 294 ἁπάσας
1307 241 1612 301 ὕφισταμένας,
1648 244 1737 290 πῶς

94 302 201 339 Ind'4
221 315 303 384 cd'
337 313 646 364 ἀνυποστάτους
657 346 670 367 ,
709 315 831 364 ποιάς
859 313 1034 363 ἀτοπίας
1064 312 1302 369 ἐκπέφευγεν
1330 309 1587 369 ὖπερβολήν;
1625 308 1737 353 οὕτω

262 385 427 442 σαθρὸν
445 382 471 440 ἦ
495 388 569 427 τοῦ
590 381 774 438 ψεύδους
790 384 933 437 κακία,
954 384 1021 425 καὶ
1042 385 1187 438 στῆναι
1215 382 1274 438 μὴ
1307 381 1512 436 δυναμένη
1543 382 1737 434 διηνεκῶς

260 454 386 512 ἑαυτῇ
406 455 648 510 περιπίπτει.
687 457 731 495 Τ
729 453 756 496 ιὶ
777 454 822 496 δὲ
841 457 1015 496 τοιαῦτα
1032 456 1106 507 τῆς
1129 452 1345 508 ἐκκλησίας
1363 449 1539 506 ναυάγια
1563 447 1736 507 φεύγον-

259 542 336 575 τας
355 522 488 579 ἡμᾶς,
525 520 682 580 γαλήνῃ
703 520 972 578 συνεζηκότας
999 524 1094 576 βίου
1118 526 1259 581 μακρᾷ
1272 555 1285 574 ,
1322 519 1438 577 μάλα
1461 518 1639 568 ἄκοντας
1670 519 1765 560 ἐπὶὸ

259 594 422 651 θέατρα
443 593 510 635 καὶ
535 590 798 650 δικαστήριον
821 593 1048 644 καθέλκεις,
1074 593 1142 634 καὶ
1165 590 1220 642 ὡς
1241 589 1293 647 δή
1318 607 1434 640 τινας
1452 593 1536 633 τῶν
1558 585 1738 644 κακούρ-

259 681 341 721 γων
382 663 594 722 ἐπιτιμᾷς·
632 662 680 705 οὗ
712 659 863 718 μικρά·
900 663 1025 704 πλείω
1067 661 1108 703 δ’
1146 661 1342 714 ἀπειλεῖς,
1379 662 1447 703 καὶ
1479 656 1738 707 συνελαύνεις

263 730 529 787 πανταχόθεν
561 731 739 775 συνιέναι
760 732 836 787 μὲν
852 735 936 774 τῶν
966 729 1141 774 δεόντων
1167 731 1310 783 οὐδὲν,
1348 726 1665 787 ἀπροφάσιστον
1697 726 1735 769 δ’

226 800 325 853 nuic
341 803 406 845 ἐπὶ
426 805 510 845 πᾶν
541 803 663 845 εἴπεΐν
682 801 758 857 τὴν
781 805 916 844 πειθῶ
942 804 994 858 τῇ
1019 805 1092 843 τοῦ
1113 804 1302 855 ῙΙαλαμᾶ
1329 802 1533 857 πολυθεΐᾳ
1554 796 1741 846 θύοντας

263 873 466 928 ἐναγίζειν.
504 871 603 914 ποία
624 875 759 914 ταῦτα
778 869 936 921 δέξαιτ’
961 869 1011 912 ἂν
1033 869 1194 913 ἀκούειν
1214 870 1353 925 ψυχὴ,
1383 868 1485 912 θεὸν
1506 868 1577 911 ἕνα
1607 883 1740 923 προσ-
1755 875 1794 910 10

264 948 395 985 κυνεῖν
427 942 558 983 εἰδυῖα
567 973 580 993 ,
619 942 687 982 καὶ
713 938 844 998 ταύτῃ
877 947 1158 997 συντραφεῖσα
1189 944 1240 997 τῇ
1260 938 1360 997 δόξῃ
1387 942 1646 995 περιφανῶς,·
1685 938 1741 986 εἷς

262 1008 471 1066 τοσαύτην
498 1009 578 1066 γὰρ
608 1008 719 1065 ἡμᾶς
759 1007 992 1053 συνελαύνει
1021 1011 1254 1067 δυσχωρίαν
1289 1011 1356 1053 καὶ
1392 1007 1502 1051 οὕτω
1531 1004 1741 1057 δυσδιεξό-

265 1083 410 1124 δευτον
439 1080 486 1123 τὸ
519 1083 595 1134 τῆς
615 1083 690 1137 σῆς
715 1080 969 1135 δημηγορίας
988 1078 1316 1136 ἅκροτελεύτιον,
1357 1076 1412 1129 ὥς
1432 1075 1632 1135 ἀφύκτοις
1660 1075 1742 1131 ἅμ-

264 1167 391 1206 μασιν
413 1150 700 1203 ἐνδεσμεΐσθαι
719 1150 892 1203 νομίζειν
915 1152 1074 1203 μᾶλλον
1097 1147 1209 1204 ἡμᾶς
1227 1152 1385 1208 σιωπᾷν
1394 1181 1408 1201 ,
1446 1146 1473 1203 ’ἢ
1492 1147 1563 1191 τὸν
1583 1147 1648 1189 ἐπὶ
1668 1145 1744 1200 με’-

226 1221 348 1276 Εσης
374 1219 579 1262 ἵστασθαι
611 1219 756 1273 λίμνης
782 1215 1069 1272 μυθευόμενον
1098 1219 1247 1262 ἐκεῖνον
1274 1216 1513 1261 Τάνταλον·
1551 1215 1598 1259 ὃν
1623 1215 1740 1274 ἀϊδίῳ
1756 1223 1794 1258 15

116 1293 162 1331 V.
179 1290 250 1330 470
265 1290 340 1346 μὲν
360 1292 411 1346 τῇ
436 1290 540 1345 δίψῃ
571 1288 798 1345 φλέγεσθαι
824 1285 966 1343 λόγος,
1006 1291 1231 1344 φοβεῖσθαι
1261 1289 1286 1330 δ
1294 1287 1305 1303 ’
1333 1287 1394 1330 ἀεὶ
1426 1286 1498 1330 τὸν
1530 1283 1745 1343 ἀφόρητον

266 1356 424 1417 φόρτον
450 1358 599 1400 ἐκεῖνον
634 1361 709 1400 τοῦ
738 1357 886 1409 λίθου,
923 1357 990 1398 καὶ
1022 1357 1148 1399 πίνειν
1184 1355 1379 1411 κύψαντα
1413 1356 1472 1411 μὴ
1503 1354 1741 1409 δυνάμενον.

265 1432 390 1472 τοῦτο
423 1426 465 1470 δ’
502 1426 550 1469 οὗ
581 1427 778 1469 δικαστοῦ
800 1426 1046 1482 παρίστησιν
1062 1421 1195 1481 ἦθος,
1232 1426 1327 1469 ἀλλ’
1361 1425 1459 1481 ὄψιν
1482 1423 1559 1479 ἔχει
1591 1427 1746 1482 πικρῶς

267 1494 558 1555 ἐφεδρεύοντος
593 1497 662 1538 καὶ
685 1494 740 1538 τὰ
771 1495 868 1550 ξίφη
901 1498 976 1549 τῆς
1008 1495 1229 1551 ἐπιβουλῆς
1250 1493 1458 1551 θήγοντος
1479 1493 1585 1549 καθ’
1610 1492 1742 1550 ἡμῶν.

259 1565 404 1622 *Όμως
435 1565 510 1621 οὐχ
534 1562 632 1620 ἡμῖν
658 1581 703 1621 γε
731 1567 932 1607 τοσοῦτον
958 1563 1068 1617 μέλει
1100 1568 1174 1608 τοῦ
1203 1564 1437 1622 Βαρλαὰμ,
1476 1562 1576 1607 ὅσον
1608 1564 1678 1607 σοί
1703 1570 1794 1619 γε2(

264 1633 420 1693 χρεών·
461 1633 507 1685 ὃς
528 1633 681 1689 ἔπηλυν
707 1630 808 1676 ὄντα
829 1630 1036 1689 τοσαύτην
1060 1634 1116 1683 εἷς
1141 1633 1267 1678 αὐτὸν
1286 1635 1466 1685 ἐνεδείξω
1489 1633 1646 1686 ξενίαν,
1679 1634 1747 1675 καὶ

233 1704 385 1750 Ὲοῧτω
409 1702 607 1761 λαμπρὰν
643 1702 718 1759 τὴν
749 1703 970 1758 δαψίλειαν
1007 1702 1121 1764 αὐτῷ
1153 1703 1260 1748 κατὰ
1289 1701 1414 1748 πάντ’
1448 1703 1651 1761 ἐχαρίσω,
1691 1699 1747 1752 ὥς

364 1837 400 1873 5.
423 1837 550 1882 μακρᾷ
573 1847 639 1871 em.
660 1835 759 1872 Boiv.
777 1847 843 1882 pro
862 1835 1020 1881 μακροῦ.

271 1948 444 1985 increatas
463 1949 639 1992 dividere,
664 1961 752 1996 quae
774 1962 889 1986 omnes
914 1961 1064 1986 seorsum
1085 1954 1122 1984 et
1137 1948 1321 1985 secundum
1341 1962 1378 1984 se
1396 1949 1612 1995 anquatenus
1633 1948 1746 1983 subsi-

273 1999 380 2038 stant,
397 1997 612 2042 aliquatenus
630 2008 697 2031 non
715 1997 930 2041 subsistant,
955 2002 1085 2043 quanta
1102 2001 1155 2031 est
1174 1997 1327 2031 insania!
1351 1997 1448 2031 Adeo
1467 1997 1602 2031 infirma
1621 2007 1678 2030 res
1694 1999 1748 2030 est

272 2042 440 2077 mendacii
460 2043 682 2089 perversitas,
706 2055 796 2088 quae
816 2049 852 2078 et
879 2048 974 2078 stare
989 2043 1100 2078 nescit
1120 2050 1299 2089 perpetuo,
1324 2048 1360 2078 et
1379 2044 1416 2078 in
1434 2055 1472 2077 se
1485 2043 1594 2089 ipsam
1610 2042 1747 2077 recidit.

271 2088 328 2123 Ea
354 2100 415 2122 nos
433 2089 601 2124 ecclesiae
624 2089 807 2136 naufragia
825 2090 997 2135 fugientes
1011 2115 1021 2134 ‚
1046 2096 1083 2124 et
1102 2089 1138 2124 in
1157 2089 1260 2135 longa
1279 2090 1373 2125 vitae
1393 2089 1641 2135 tranquillitate
1664 2100 1748 2123 con-

271 2140 512 2177 senescentes,
535 2140 575 2170 tu
605 2147 742 2181 prorsus
768 2136 897 2170 invitos
924 2136 961 2171 in
984 2137 1122 2171 theatra
1147 2141 1183 2171 et
1200 2138 1244 2172 ad
1270 2137 1421 2172 tribunal
1437 2136 1569 2177 trahis,
1593 2147 1634 2170 ac
1654 2135 1748 2170 velut

273 2180 460 2216 sceleratos
485 2194 551 2216 non
576 2182 700 2216 leniter
728 2182 902 2228 castigas:
935 2183 1033 2229 plura
1065 2187 1178 2218 autem
1206 2184 1367 2226 minaris,
1400 2187 1435 2218 et
1462 2183 1687 2228 undecunque
1711 2182 1748 2216 in

275 2239 350 2262 eam
372 2239 434 2262 nos
452 2229 695 2263 necessitatem
716 2229 909 2274 compelliS‚
933 2235 973 2263 ut
992 2229 1077 2264 nihil
1097 2229 1192 2275 frugi
1213 2242 1337 2276 sapere
1356 2229 1543 2276 possimus,
1567 2229 1630 2263 sed
1648 2229 1749 2264 obse-

274 2274 394 2320 quium
418 2274 534 2309 multis
559 2274 628 2308 illis
654 2274 815 2310 Palamae
841 2275 1078 2310 divinitatibus
1106 2276 1180 2310 sine
1206 2277 1274 2311 ulla
1306 2275 1521 2311 cunctatione
1548 2286 1677 2310 vovere
1712 2277 1749 2309 et

271 2321 340 2355 isto
362 2320 461 2367 quasi
485 2320 655 2355 sacrificio
676 2320 779 2356 litare
803 2333 978 2366 cogamur.
1037 2323 1137 2357 Haec
1166 2322 1286 2358 audire
1308 2323 1387 2368 quis
1409 2322 1602 2363 sustineat,
1624 2322 1675 2355 ita
1693 2320 1749 2355 in-

273 2366 441 2411 stitutus,
465 2371 504 2402 ut
523 2367 632 2402 Deum
652 2378 753 2402 unum
773 2368 861 2402 sciat
878 2369 1041 2410 adorare,
1066 2374 1103 2403 et
1124 2380 1166 2404 ea
1195 2368 1353 2415 opinione
1380 2381 1402 2404 a
1429 2379 1537 2414 puero
1562 2367 1664 2413 plane
1687 2367 1750 2402 im-

272 2413 406 2448 butus?
440 2413 481 2448 In
499 2425 558 2448 eas
577 2413 741 2448 videlicet
759 2415 940 2460 angustias
959 2415 1130 2450 conclusio
1147 2415 1309 2449 orationis
1329 2421 1412 2450 tuae
1431 2426 1494 2450 nos
1511 2413 1664 2456 adducit,
1684 2425 1750 2447 un-

274 2459 320 2494 de
339 2471 378 2494 se
398 2460 562 2506 expedire
583 2459 726 2496 difficile
749 2466 815 2495 est.
870 2462 1016 2507 Itaque,
1042 2462 1138 2496 velut
1159 2461 1454 2496 inextricabilibus
1472 2461 1591 2503 nodis,
1625 2459 1750 2494 silendi

274 2508 484 2541 necessitate
504 2505 692 2542 adstrictos
710 2518 772 2541 nos
791 2513 965 2552 putamus;
988 2509 1094 2554 idque
1112 2508 1240 2542 arctius
1258 2520 1357 2554 quam
1374 2509 1467 2543 illum
1484 2508 1596 2553 ipsum
1614 2507 1750 2541 Tanta-

274 2551 363 2594 lum,
386 2565 486 2599 quem
503 2554 541 2587 in
557 2552 666 2588 media
686 2554 810 2599 palude
830 2558 925 2588 stare
942 2560 978 2589 et
996 2555 1202 2600 sempiterna
1221 2554 1279 2588 siti
1297 2555 1420 2590 ardere
1438 2558 1581 2589 narrant
1598 2553 1748 2595 fabulae,

275 2597 397 2634 timere
418 2605 530 2634 autem
547 2610 682 2644 semper
706 2599 780 2634 saxi
798 2600 888 2634 illius
913 2602 1046 2646 pondus
1065 2601 1311 2646 iniquissimum
1324 2625 1333 2642 ‚
1364 2612 1428 2636 nec
1449 2611 1525 2635 cum
1544 2613 1584 2635 se
1606 2599 1750 2633 inclinat

277 2654 382 2690 posse
405 2646 535 2683 bibere.
581 2647 629 2680 At
651 2650 690 2680 tu
712 2646 763 2681 sic
788 2646 922 2691 agendo
954 2659 1021 2682 non
1050 2647 1173 2682 iudicis
1201 2659 1326 2682 morem
1350 2659 1490 2691 servas,
1515 2647 1578 2682 sed
1598 2646 1748 2692 speciem

278 2702 362 2735 prae
384 2695 420 2726 te
441 2693 514 2727 fers
534 2692 607 2727 eius
626 2691 715 2734 viri,
749 2692 809 2738 qui
839 2692 1002 2728 atrociter
1026 2692 1229 2736 insidietur,
1265 2699 1302 2728 et
1331 2694 1463 2729 hostilis
1489 2693 1526 2728 in
1556 2705 1618 2728 nos
1645 2691 1748 2726 animi

274 2736 513 2781 gladiatoriam
532 2738 768 2773 crudelitatem
789 2739 909 2773 acuat:
959 2740 1067 2786 Atqui
1086 2752 1153 2775 non
1177 2744 1275 2775 tanta
1299 2745 1354 2775 est
1378 2740 1478 2775 nobis
1506 2739 1551 2774 de
1568 2738 1748 2774 Barlaamo

275 2794 381 2825 cura,
406 2788 534 2829 quanta
557 2796 634 2819 esse
657 2784 722 2820 tibi
747 2784 815 2830 ipsi
837 2786 958 2828 debet3
983 2786 1044 2832 qui
1065 2787 1136 2829 illi,
1170 2797 1243 2821 cum
1274 2792 1369 2822 esset
1392 2787 1546 2828 advena,
1570 2785 1619 2820 sic
1646 2783 1749 2819 beni-

275 2839 380 2874 gnum
395 2834 432 2866 te
450 2830 621 2878 hospitem
637 2831 844 2878 praebuisti,
870 2832 921 2868 ita
937 2832 1117 2879 splendide
1137 2836 1175 2869 et
1191 2833 1325 2880 prolixe
1341 2833 1378 2869 in
1396 2833 1552 2870 omnibus
1570 2830 1748 2879 gratifica-
