1794 3172
225 124 329 171 942
640 125 960 173 NICEPHORI
987 124 1317 172 GREGORAE

7 251 46 283 A,
57 248 104 282 M.
126 246 216 284 6859
229 239 286 291 εἲς
308 236 386 295 τὴν
403 241 479 283 τοῦ
499 233 621 298 λόγου
640 239 888 293 συγχεθεΐσα
909 237 976 280 καὶ
996 234 1132 294 ὥσπερ
1152 240 1484 281 συνουσιωθεΐσα
1497 240 1715 295 παρῆλθεν

62 292 168 331 ¹¹¹d'4
193 305 484 376 Οὖπόστασιν,
520 305 625 362 μετὰ
646 307 830 356 πλείονος
848 310 924 363 τῆς
947 303 1259 364 εὐγνωμοσύνης
1277 304 1525 363 προσθήκην
1546 308 1613 350 καὶ
1637 305 1716 349 αὕ-

235 381 353 435 ξησιν
371 382 423 436 τῇ
445 380 521 420 τοῦ
541 374 665 433 λόγου
687 375 794 433 αὐτῇ
818 377 987 419 δίδωσιν
1011 373 1236 419 ὑποστάσει
1253 389 1262 400 ·
1301 374 1389 431 ἣτις
1408 375 1483 423 οὐκ
1504 374 1609 431 ἄλλη
1631 393 1715 419 πα-

232 448 288 506 ρὰ
311 446 387 503 τὴν
420 450 496 489 τοῦ
527 444 687 503 πατρὸς
717 443 862 489 οὐσίαν
893 449 946 504 τῇ
968 443 1089 503 φύσει
1120 446 1230 498 ἐστὶ,
1268 449 1328 504 τῷ
1354 449 1716 504 χαρακτηριστικῷ

231 518 278 561 δὲ
303 520 380 573 τῆς
409 513 614 571 ἰδιότητος
639 511 770 570 μόνον
811 514 918 559 κατὰ
960 515 1035 571 τὴν
1063 515 1248 572 γέννησιν
1280 514 1549 572 διαφέρουσα.
1605 513 1746 559 οὕτωὸ

228 586 334 645 πρὸς
355 585 432 641 τὴν
450 581 692 641 ὗπερπλήρη
714 585 781 628 καὶ
804 583 1018 642 ἀπροσδεᾶ
1037 582 1470 640 καταδαψιλευόμενος
1497 581 1624 642 φύσιν
1642 584 1718 640 τὴν

194 654 387 699 Βὲαυτοῦ
409 659 557 712 σαφῶς
579 651 818 710 ἐκπομπεύει
840 655 1008 709 μανίαν,
1033 653 1139 698 ὥστε
1160 651 1356 698 σύνθεσιν
1378 655 1442 697 ἐπὶ
1466 658 1541 710 τῆς
1561 651 1719 712 ὑπερη-

229 723 446 781 πλωμὲνης
472 725 541 767 καὶ
567 721 704 779 πάσης
732 721 968 780 ἁπλότητος
996 722 1232 781 ὑπερέκεινα
1267 723 1412 774 οὐσίας
1440 725 1638 777 ἐπινοεῖν,
1676 724 1719 775 ἐξ

229 788 280 851 ἧς
307 794 374 837 καὶ
407 791 550 844 πάθος
571 794 614 845 ἐξ
634 791 812 850 ἀνάγκης
844 793 987 850 ἕψεται
1012 794 1075 836 ἐπὶ
1096 797 1171 850 τῆς
1197 794 1408 850 μακαρίας
1426 794 1494 836 καὶ
1519 792 1720 844 ἀπαθοῦς

229 861 478 920 θεότητος.”
523 864 592 906 καὶ
615 862 709 918 μετ’
736 862 894 920 ὀλίγον·
933 861 1194 918 ,,ὖπόλοιπον
1218 864 1260 906 δ’
1287 859 1360 907 οὗν
1382 863 1469 906 ἔστι
1491 864 1646 918 ζητεῖν,
1684 864 1719 906 εἴ
1731 869 1776 904 10

231 931 435 989 ποιότητα
458 936 582 976 τοῦτο
611 930 881 990 ἀσώματονῆ
908 931 1102 977 ἀνούσιον
1122 931 1229 985 εἶπε,
1268 933 1310 976 τί
1340 933 1557 987 συμβαίνει
1575 946 1585 956 ·
1631 930 1719 976 οἷον

232 999 463 1062 ἀπόρῥοιάν
489 999 581 1045 τινά
611 1019 722 1053 τινος
757 1001 900 1054 οὐσίας
929 1005 997 1047 καὶ
1030 1000 1312 1059 ἀπαύγασμα,
1352 1003 1408 1053 εἷς
1436 1000 1488 1058 ἣν
1516 999 1544 1058 ἥ
1573 1001 1719 1060 μορφὴ

232 1073 361 1128 ἐκείνη
382 1071 716 1127 μεταβέβληταις
754 1071 851 1115 ἀλλ’
876 1072 995 1116 οὗὸἒν
1028 1066 1153 1129 ἦττον
1179 1070 1206 1128 ἧ
1236 1075 1384 1115 πασῶν
1413 1069 1566 1128 ἐσχάτη
1598 1069 1721 1129 ὕβρις

191 1143 303 1185 Εκαὶ
330 1141 485 1184 ἀτοπία
516 1145 576 1201 τῷ
605 1142 709 1201 θείῳ
742 1143 1045 1200 προστρίψεται
1070 1139 1246 1201 σώματι.
1295 1139 1533 1197 λωβήσαιτο
1562 1140 1640 1199 γὰρ
1670 1139 1721 1184 ἂν

232 1210 307 1255 τὸν
324 1215 400 1254 τοῦ
420 1209 520 1254 εἶναι
535 1207 671 1267 λόγον,
690 1211 759 1254 καὶ
785 1209 917 1269 ταύτῃ
939 1211 987 1255 τὸ
1011 1209 1274 1268 ἀνύπαρκτον
1297 1208 1605 1266 εἷσαχθήσεται.
1644 1210 1720 1253 ἀλ·-
1734 1220 1778 1256 15

234 1283 318 1332 λως
346 1297 391 1324 τε
425 1279 520 1323 οὐδ’
557 1279 686 1323 ἔνεστι
715 1278 916 1337 ποιότητα
937 1278 1205 1335 ὑποκειμένου
1228 1281 1323 1334 δίχα
1344 1279 1452 1323 καθ’
1476 1278 1629 1336 ἑαυτὴν
1657 1278 1722 1324 ὅτι

233 1349 338 1394 ποτέ
354 1350 441 1393 ἐστι
464 1351 765 1406 διαὸειχθῆναι,
789 1349 867 1394 κᾶν
895 1354 979 1394 τῶν
1002 1350 1216 1394 οὗσιωὸῶν
1235 1349 1366 1406 αὐτὴν
1384 1349 1487 1392 εἴποι
1506 1362 1591 1400 τις·
1610 1347 1637 1405 ἢ
1654 1351 1723 1393 καὶ

237 1421 294 1470 εἷς
318 1418 461 1470 οὐσίας
482 1418 607 1477 μέρος
627 1416 834 1476 ἀνάγεται.
873 1417 929 1471 ὥς
951 1419 994 1463 δ’
1018 1421 1083 1463 ἐπὶ
1111 1420 1444 1476 παραδείγματος
1463 1419 1609 1472 εἷπεΐν,
1648 1419 1724 1462 οὐκ

196 1489 229 1524 'F
243 1487 295 1531 ἂν
309 1488 355 1532 τὸ
379 1485 542 1545 λογικόν
559 1505 639 1531 που
658 1490 834 1544 συσταίη
854 1486 1121 1545 ὑποκειμένου
1143 1487 1290 1542 fluv&
1311 1489 1397 1531 ἐστι
1410 1487 1457 1531 τὸ
1473 1490 1589 1542 ζῶον,
1606 1489 1640 1531 εἲ
1662 1488 1723 1543 μὴ

236 1555 437 1615 πρότερόν
457 1553 518 1608 τις
534 1555 742 1602 ὖπόθοιτο
762 1557 906 1601 οὗσίαν
928 1558 1116 1614 ἔμψυχον
1134 1555 1397 1614 αἰσθητικήν.
1436 1555 1635 1608 ὡσαύτως
1655 1559 1723 1601 καὶ
1734 1563 1780 1598 20

238 1629 273 1671 εἷ
294 1627 342 1671 τὸ
366 1626 580 1684 θνητὸν,ἢ
599 1624 874 1683 ἀθάνατονῑῆ
887 1645 927 1671 τι
946 1632 1029 1672 τῶν
1039 1625 1250 1671 τοιούτων.
1279 1628 1321 1670 ἓν
1341 1628 1420 1670 τίνι
1439 1627 1518 1684 γὰρ
1538 1625 1589 1670 ἂν
1604 1629 1723 1684 σχοίη

231 1696 313 1753 ,τὴν
330 1695 504 1755 ὕπαρξιν
516 1697 560 1754 ‚·''
587 1698 656 1740 καὶ
676 1696 859 1753 ἀλλαχοῦ
874 1710 885 1722 ·
913 1696 1012 1752 ,,ὅτι
1030 1698 1106 1754 μὲν
1125 1696 1206 1756 γὰρ
1228 1695 1275 1741 τὸ
1299 1695 1495 1756 φθαρτὸν
1512 1701 1636 1740 τοῦτο
1658 1697 1725 1740 ἐν-

330 1807 366 1844 7.
390 1805 456 1843 καὶ
472 1805 552 1842 add.
570 1806 663 1843 idem
685 1806 761 1842 cod.
779 1811 860 1854 post
878 1803 985 1844 ὥστε.
1104 1808 1160 1843 12.
1191 1804 1278 1843 τινά
1301 1818 1367 1842 om.
1389 1806 1445 1844 id.
1468 1806 1546 1843 cod.
1562 1806 1624 1845 fol.
1641 1807 1724 1844 201.

333 1852 391 1889 14.
414 1855 683 1901 προστρίψεται
702 1854 792 1889 idem
812 1854 911 1899 cod.,
934 1854 1221 1901 προσετρίψεται
1243 1865 1363 1901 apogr.
1382 1853 1466 1890 Par.

241 1944 286 1980 do
307 1944 504 1981 admittunt.
550 1946 614 1981 Sin
643 1946 739 1982 velut
763 1947 906 1983 confusa
929 1950 967 1981 et
991 1947 1091 1992 qnasi
1122 1944 1430 1981 consubstantians
1453 1945 1551 1980 sacta
1573 1944 1611 1980 in
1636 1945 1726 1982 Ver-

240 1991 278 2026 bi
302 1991 506 2036 hypostasin
528 1993 688 2036 transiit,
714 1993 822 2027 maior
853 1998 907 2028 est
934 1993 1080 2028 Eusebii
1115 1993 1331 2039 benignitas,
1355 1991 1414 2038 qui
1438 1993 1669 2028 accessionem
1689 1997 1726 2028 et

242 2042 461 2082 augmentum
486 2038 554 2084 ipsi
571 2040 680 2074 Verbi
702 2039 882 2085 hypostasi
900 2039 1050 2084 largitur
1063 2066 1072 2082 ,
1097 2051 1186 2086 quae
1204 2045 1328 2074 natura
1349 2050 1412 2073 sua
1429 2050 1496 2074 non
1517 2039 1586 2074 alia
1604 2045 1659 2075 est
1680 2040 1725 2074 ab

180 2095 184 2101 ¹
243 2084 438 2119 substantia
470 2085 603 2127 Patris,
627 2086 700 2121 sola
718 2091 830 2120 autem
847 2086 1060 2131 proprietate
1080 2085 1363 2121 characteristica
1384 2097 1447 2131 per
1469 2085 1727 2131 generationem

244 2130 376 2166 differt.
424 2130 486 2165 Sic
512 2132 749 2178 superplenam
777 2135 814 2166 et
835 2133 879 2166 ab
908 2131 998 2167 omni
1023 2132 1216 2178 indigentia
1241 2132 1384 2167 alienam
1405 2137 1560 2167 naturam
1578 2132 1726 2178 amplifi-

243 2176 354 2212 cando
379 2188 473 2212 suam
491 2177 658 2212 insaniam
686 2178 796 2224 palam
828 2178 1003 2220 declarat3
1028 2179 1115 2214 adeo
1135 2184 1175 2215 ut
1196 2179 1233 2214 in
1253 2177 1466 2220 substantia,
1490 2190 1581 2224 quae
1602 2190 1727 2226 super-

245 2222 389 2271 simplex
413 2224 587 2258 seu'omni
613 2224 830 2269 simplicitate
853 2224 1039 2270 simplicior
1059 2229 1136 2268 est,
1161 2225 1438 2271 compositionem
1458 2225 1657 2270 excogitet3
1681 2237 1727 2261 ex

245 2281 316 2315 qua
342 2269 423 2304 illud
442 2269 543 2304 etiam
561 2276 806 2316 consequetur,
830 2271 1023 2317 passionem
1044 2272 1154 2307 locum
1174 2273 1305 2307 habere
1326 2271 1364 2305 in
1383 2271 1487 2306 beata
1504 2276 1541 2306 et
1566 2271 1725 2317 impassi-

246 2315 307 2350 bili
326 2315 544 2351 divinitate.''
568 2317 619 2351 Ac
635 2317 737 2362 paulo
762 2323 861 2363 post:
886 2326 1071 2363 „superest
1087 2318 1207 2365 itaque
1228 2323 1267 2353 ut
1288 2328 1502 2364 quaeramus,
1527 2318 1557 2352 si
1576 2318 1727 2364 qualita-

247 2366 317 2397 tem
338 2361 421 2397 illud
443 2363 553 2398 lumen
579 2362 814 2409 incorpoream
841 2364 895 2399 vel
921 2364 1116 2400 substantia
1138 2369 1312 2400 carentem
1333 2375 1412 2398 esse
1432 2363 1541 2406 dixit,
1562 2364 1646 2410 quid
1664 2376 1726 2400 ac-

247 2409 360 2444 cidat:
383 2408 512 2455 aliquid
547 2409 680 2445 scilicet
705 2421 782 2445 esse
806 2410 902 2445 velut
920 2422 1080 2446 emanans
1114 2417 1151 2446 et
1179 2410 1346 2456 effulgens
1369 2420 1412 2444 ex
1438 2410 1654 2453 substantia,
1688 2410 1726 2446 in

246 2455 342 2500 quod
365 2456 474 2491 forma
493 2455 554 2490 illa
570 2460 701 2491 mutata
719 2456 775 2491 sit.
822 2458 869 2491 At
886 2457 993 2492 nihilo
1013 2457 1122 2493 minus
1145 2457 1300 2492 ultimum
1323 2455 1468 2491 omnium
1490 2461 1527 2492 et
1546 2456 1726 2492 absurdis-

246 2504 364 2536 simum
394 2502 545 2540 dedecus
565 2499 681 2538 divino
708 2503 846 2549 corpori
874 2503 1099 2549 imprimetur.
1154 2503 1306 2539 Ratione
1323 2502 1453 2549 quippe
1470 2515 1546 2538 esse
1565 2503 1621 2538 sui
1637 2503 1727 2538 mul-

248 2548 422 2591 ctabitur,
445 2554 483 2584 et
506 2549 559 2584 ita
585 2549 734 2584 futurum
764 2554 820 2584 est
845 2549 931 2595 quid
951 2561 1020 2585 non
1038 2549 1221 2586 exsistens.
1276 2549 1356 2584 Nec
1377 2560 1461 2584 vero
1481 2550 1631 2596 qualitas
1650 2550 1727 2585 sine

248 2594 404 2630 subiecto
426 2607 488 2641 per
504 2607 543 2630 se
560 2594 670 2642 ipsam
686 2594 769 2641 quid
785 2595 830 2631 sit
849 2596 1020 2632 declarari
1050 2600 1189 2644 potest,
1213 2595 1348 2631 etiamsi
1374 2596 1452 2641 quis
1472 2608 1546 2631 eam
1567 2597 1728 2631 substan-

248 2640 364 2675 tialem
382 2640 496 2684 dicat3
519 2641 706 2677 cuiusmodi
723 2642 872 2688 qualitas
892 2654 974 2689 pars
998 2642 1212 2678 substantiae
1230 2653 1308 2677 esse
1329 2646 1501 2677 censetur.
1539 2643 1666 2688 Atque,
1686 2645 1727 2678 ut

250 2687 406 2733 exemplo
431 2694 587 2731 utamur,
611 2687 827 2723 rationalitas
846 2688 977 2734 absque
1000 2690 1180 2731 subiecto,
1203 2687 1295 2734 quod
1321 2693 1376 2723 est
1391 2688 1538 2731 animal,
1562 2699 1726 2735 nusquam

248 2733 434 2776 consistat,
456 2735 543 2779 (hoc
561 2734 633 2780 est)
652 2735 719 2770 nisi
739 2734 816 2780 quis
840 2735 936 2781 prius
960 2747 1000 2770 su
1029 2741 1134 2782 ponat
1151 2735 1378 2770 substantiam
1407 2735 1589 2770 animatam
1615 2734 1726 2770 sensi-

249 2777 368 2814 tivam.
390 2790 395 2797 ·
415 2781 510 2816 Idem
526 2785 581 2816 est
599 2780 630 2816 si
648 2781 704 2816 vel
725 2781 939 2823 mortalitas,
964 2793 1008 2817 ve
1046 2780 1304 2823 immortalitas,
1326 2780 1384 2815 vel
1403 2780 1531 2826 aliquid
1558 2780 1724 2816 eiusmodi

248 2831 475 2871 proponatur.
507 2828 547 2864 ln
561 2837 628 2874 quo
645 2827 734 2864 enim
752 2827 894 2864 habebit
912 2827 1148 2866 exsistentiam
1156 2827 1198 2865 ?''
1222 2827 1271 2864 Et
1291 2827 1360 2864 alio
1377 2826 1473 2864 locoz
1497 2828 1616 2872 „Nam
1633 2826 1725 2876 quod
