1794 3172
526 129 1542 187 ANNOTATIONES1173

6 245 85 303 τήν
113 244 216 290 nato}
236 243 347 289 esav
369 247 577 289 πολιτείαν
603 242 813 317 Λάζαρος,
852 241 1150 315 ἀπολεξάμενος
1173 241 1289 290 τόνδε
1315 241 1384 287 τᾶν
1400 241 1540 297 τόπον,

6 305 78 348 καὶ
108 321 185 359 την
210 302 447 373 θαυμασιαν
475 301 628 357 ταύτην
650 304 694 346 ἐν
723 301 839 376 αὐτῷ
866 307 919 360 τῆ
940 301 1163 358 θεομήτορι
1183 299 1443 352 καθοσιώσας
1468 319 1540 357 μο-

6 361 111 416 νῆν,
140 363 213 404 καί
228 378 273 417 γε
293 358 532 416 δειμάμενος
557 361 626 402 καὶ
645 358 776 414 πήξας
795 359 937 415 α’ρετῆς
957 378 1013 410 ως
1033 362 1162 403 εἰπεῖν
1180 357 1488 415 ἐργαστήριον..

4 417 100 474 ’ὄρος
125 416 203 474 γάρ
227 420 334 461 ἔστιν
359 418 385 462 o‘
402 417 527 468 τόπος
553 416 721 468 αναντες
746 418 817 460 καὶ
842 435 964 473 τραχυ
976 448 989 469 ,
1017 435 1100 460 των
1119 418 1160 467 ἐς
1156 419 1447 489 ψυχαγωγίαν
1467 417 1539 460 καὶ

4 478 296 546 παραμυθίαν
301 474 531 544 σωματικην
551 473 721 548 μηδενὸς
741 473 896 546 ᾕκιστα
916 475 1092 546 μετέχον.
1125 491 1218 517 ουτε
1236 492 1313 543 γαρ
1339 471 1538 526 σκιάζεται

6 534 212 588 δένδροις·
242 531 336 575 οὔτε
358 530 556 587 βοτανης,
587 530 678 574 ἄλλ’
701 530 795 575 οὐδὲ
826 529 948 586 χλόης
968 529 1179 603 α’πογεννᾷ
1192 529 1429 586 βλαστησιν·
1457 549 1538 574 ου-

6 607 157 647 μενουν
177 586 272 632 οὐδὲ
289 593 371 631 τῶν
399 589 531 632 αλλων
552 587 632 632 ἀπὸ
648 593 723 646 γῆς
745 592 951 660 χρησίμων
978 587 1099 632 ου’δὲν
1128 587 1307 639 ου’δόλως
1328 606 1538 659 καρποφο-

6 653 93 719 ρεῖ·
137 646 261 703 ξηρόν
298 643 343 689 δ’
375 647 479 689 ἔστιν
511 645 626 694 ὅλον,
675 648 746 689 καὶ
780 664 882 702 προς
909 645 1097 697 τοιαύτας
1125 664 1249 703 γονας
1282 643 1538 690 παντάπασιν

6 702 154 759 ἆφυές·
187 706 224 747 εἶ
243 704 314 746 καὶ
332 703 462 766 αλλως
479 702 651 760 γόνιμον
674 702 830 759 αἱρετῆς.
891 705 1044 745 Omitto
1069 713 1238 746 caetera.
1294 719 1449 745 nonme.

122 766 219 816 Pag
249 766 345 812 107,
375 766 441 806 20.
503 763 586 803 Καὶ
604 779 700 812 τους
727 760 942 817 λογισμους
962 760 1218 817 ἕξηγόρευεν]
1247 763 1464 815 Interpres,
1498 773 1536 803 et

4 835 98 861 suas
121 818 186 860 illi
213 821 470 874 cogitationes
488 819 723 874 exponebat.
781 820 998 859 Emendav
974 835 1104 871 lmus,
1134 831 1171 861 et
1187 819 1432 871 deliciorum,
1461 834 1535 860 seu

3 884 286 948 peccatorum,
331 876 614 932 confessionem
640 875 1292 933 edeba1.Pachymeres·6iv69a
1317 893 1534 931 πνευματι-

3 951 101 985 κον,
149 934 219 976 καὶ
250 935 310 984 εἰς
345 934 496 988 πατέρα
535 934 772 988 τεταγμένον
806 938 867 992 τῷ
900 936 1067 988 βασιλεῖ.
1126 935 1229 975 Vide
1264 934 1395 974 Gloss.
1425 936 1532 978 med.

6 993 181 1033 Graecit.
200 992 243 1031 in
265 990 540 1046 ἐξαγορεύειν,
569 992 609 1030 in
630 989 814 1046 λογισμὸς
837 999 876 1031 et
896 993 938 1031 in
964 989 1244 1045 πνευματικός.
1299 1005 1475 1034 nocane.

121 1053 215 1104 Pag.
236 1053 331 1097 107,
346 1053 416 1093 22
448 1047 698 1103 Προσελθων
712 1051 845 1092 πίπτει
861 1047 1020 1106 πρηνής
1031 1050 1124 1104 ete.]
1154 1049 1530 1091 A.C.MCCLXV11.

1 1107 93 1148 Kal.
118 1107 275 1146 Ianuar.
332 1120 487 1149 Bowm.

119 1168 215 1218 Pag.
250 1167 345 1214 108,
375 1168 415 1208 3.
464 1159 761 1219 Συγχωρήσεως
780 1162 1010 1218 εγγραφον]
1040 1164 1151 1204 Idem
1168 1164 1389 1216 interpres·
1424 1161 1531 1202 Con-

4 1220 230 1261 donationis
248 1221 531 1276 syngrapham.
567 1223 742 1261 Rumam
763 1222 1073 1273 emendavimus,
1104 1219 1377 1262 absolutionis.
1426 1220 1531 1262 Vide

2 1280 109 1318 idem
135 1280 264 1318 Gloss.
286 1279 331 1317 in
353 1275 711 1334 συγχωροχᾶρτιον.
768 1279 906 1319 Ritum
925 1279 1036 1318 hunc
1055 1278 1318 1319 absolutionis
1341 1278 1529 1333 pluribus

3 1337 193 1376 describit
215 1335 447 1388 Pachymer.
470 1337 541 1377 lib.
562 1337 632 1378 111.
652 1350 738 1408 cap.
759 1337 884 1377 XXV.
941 1351 1117 1376 nocane.

118 1397 213 1446 Pag.
245 1397 341 1441 108,
378 1398 444 1438 12.
494 1389 571 1435 Ἦν
589 1392 663 1446 μὲν
685 1409 762 1434 ουν
782 1411 810 1447 η
828 1397 939 1435 πᾶσα
958 1393 1160 1448 ἔκλειψις]
1191 1393 1249 1433 De
1267 1390 1346 1431 hac
1363 1390 1527 1445 Eclipsi,

2 1465 104 1504 quae
123 1450 315 1490 accidisse
342 1451 492 1490 dicitur
514 1465 617 1490 anno
641 1451 779 1490 mundi
800 1452 912 1490 iuxta
936 1452 1111 1491 Graecos
1134 1451 1199 1491 vl.
1218 1449 1523 1491 MDCCLXXV.

1 1508 152 1548 Christi
176 1508 439 1547 MCCLXVH.
472 1509 634 1561 copiose
666 1509 744 1559 egit
775 1509 1062 1547 Grandamicus
1092 1515 1209 1562 parte
1239 1507 1311 1546 111.
1341 1505 1526 1545 Chrono-

0 1566 80 1617 log.
99 1579 233 1605 sacrae
254 1578 340 1617 cap.
360 1565 464 1605 VIII.
485 1565 866 1618 §.1.11.111.1V.et
884 1579 934 1605 ex
952 1580 999 1606 eo
1016 1566 1206 1605 Possinus
1222 1565 1273 1604 ad
1290 1562 1523 1616 Pachymer.

0 1637 90 1678 pag·
114 1625 210 1667 519.
266 1635 440 1662 nocane,

116 1683 339 1733 Pag.109‚
371 1683 439 1722 10.
497 1675 602 1721 Εἶτα
639 1676 757 1729 αὕτὸς
790 1676 898 1734 μὲν]
947 1679 1224 1720 eonferendus
1256 1676 1523 1731 Pachymeres

0 1737 69 1776 lib.
94 1738 162 1779 IV
180 1751 268 1790 cap.
292 1738 443 1778 XXIX.
500 1751 673 1778 nucum.

116 1798 210 1847 Pag.
245 1797 338 1844 109,
370 1798 439 1838 10.
499 1798 669 1850 Πρῶτον
699 1791 799 1847 μὲν]
828 1793 934 1835 Haec
963 1795 1091 1848 prima
1117 1792 1356 1833 sacramenti
1393 1807 1416 1832 a
1435 1791 1520 1832 filio

0 1853 133 1891 exacti
162 1866 254 1904 pars
283 1859 438 1904 spectat
463 1851 557 1891 fidei
579 1851 885 1906 professionem,
913 1865 1031 1904 quam
1056 1866 1196 1892 recens
1224 1851 1322 1890 dicti
1350 1851 1522 1902 impera·

0 1914 106 1948 tores
130 1910 283 1962 scripto
305 1909 453 1948 dabant
472 1909 739 1963 patriarchae,
769 1921 887 1961 quam
910 1909 1002 1949 ideo
1026 1910 1228 1964 ἔγγραφον
1247 1907 1519 1962 appellabant,

0 1972 46 2005 ut
66 1966 107 2004 in
131 1967 259 2005 Gloss.
284 1966 387 2007 med.
413 1968 584 2009 Graecit.
610 1969 653 2006 in
675 1966 752 2006 hac
772 1979 873 2005 voce
901 1967 1170 2007 observamus.
1229 1978 1403 2006 nocuo.

114 2027 211 2076 Pag·
245 2027 341 2074 109,
374 2029 441 2067 12.
500 2021 700 2078 Δεύτερον
731 2021 796 2072 δὲ]
841 2024 997 2064 Partem
1019 2039 1117 2064 vero
1151 2023 1385 2064 sacramenti
1402 2022 1518 2062 istius

0 2078 214 2120 hauserant
264 2081 435 2132 Augusti
494 2085 738 2122 recentiores
799 2081 1231 2136 constantinopolitani
1279 2095 1304 2120 a
1351 2079 1516 2119 Francis

0 2138 157 2187 nostris,
186 2152 258 2177 seu
276 2138 448 2187 Latinis,
479 2140 585 2191 apud
605 2154 707 2191 quos
729 2138 896 2178 vassalli
916 2153 989 2179 seu
1011 2141 1180 2179 Clientes
1202 2137 1447 2178 inhominiis
1458 2138 1517 2189 fi-

0 2193 83 2233 dem
114 2195 287 2236 Domino
306 2194 354 2234 de
374 2197 458 2234 vita
477 2206 513 2234 et
537 2195 718 2236 membris
733 2206 771 2234 et
791 2205 939 2236 terreno
961 2196 1106 2237 honore
1131 2211 1172 2235 se
1199 2203 1430 2236 servaturos
1448 2195 1515 2232 iu-

0 2252 150 2291 rabant.
206 2253 283 2291 Hic
303 2259 435 2292 tamen
454 2268 535 2292 non
555 2261 633 2293 tam
663 2260 723 2292 est
743 2252 976 2304 hominium,
1007 2269 1124 2307 quam
1142 2254 1355 2294 securitas.
1347 2268 1358 2278 ·
1385 2264 1515 2303 neque

0 2310 100 2348 enim
119 2322 232 2360 reges
253 2310 427 2364 cuipiam
449 2311 500 2350 de
526 2325 648 2364 regno
668 2310 889 2350 hominium
916 2319 1134 2364 praestant.
1193 2311 1307 2350 Unde
1329 2310 1372 2348 in
1394 2313 1514 2361 pacto

0 2366 101 2406 inter
126 2367 342 2407 Hem-icum
362 2367 413 2407 Π.
442 2382 575 2420 regem
595 2369 758 2420 Angliae
785 2373 826 2406 et
845 2367 1065 2409 Henricum
1095 2369 1247 2417 filium,
1288 2380 1404 2420 quem
1433 2378 1515 2403 an-

0 2429 57 2462 tea
87 2431 204 2477 pater
220 2439 353 2477 regem
377 2425 546 2475 dixerat,
578 2440 680 2465 anno
701 2425 958 2468 MCLXXIV.
983 2442 1070 2467 cum
1090 2430 1125 2467 is
1144 2425 1358 2466 hominium
1385 2419 1512 2475 (quod

0 2479 68 2519 filii
97 2482 164 2521 alii
187 2480 380 2537 fecerant)
397 2482 546 2539 facere
575 2482 781 2532 voluisset,
812 2479 940 2522 noluit
965 2483 1160 2525 Dominus
1189 2495 1265 2521 rex
1282 2478 1372 2520 abe
1353 2493 1396 2518 eo
1414 2478 1511 2517 reci-

0 2553 103 2589 pere,
141 2540 235 2594 quia
262 2554 338 2580 rex
366 2550 472 2590 erat,
503 2540 574 2580 sed
599 2541 845 2580 securitatem
870 2543 1023 2595 accepit
1053 2541 1106 2582 ab
1133 2556 1200 2590 eo,
1228 2544 1276 2577 ut
1307 2541 1368 2576 est
1401 2533 1509 2589 apud

0 2595 191 2647 Rogerum
209 2596 474 2637 Hovedenum
497 2605 537 2637 et
556 2599 855 2650 Bromptonum.
911 2611 1088 2638 nucum.

109 2657 203 2706 Pog-
234 2657 329 2703 109,
359 2659 429 2699 22
491 2652 551 2696 Ου
570 2655 706 2708 μέντοι
723 2657 835 2707 μῆνα
858 2653 928 2696 καὶ
950 2654 1155 2708 ἴνδικτον]
1194 2651 1304 2690 Haec
1324 2647 1510 2703 ΡῙῑΠὶῙΠΙ8

0 2710 308 2762 explicavimus
297 2725 340 2750 m
360 2712 467 2751 notis
485 2712 536 2751 ad
559 2711 789 2751 Alexiadem
802 2712 1004 2754 Annaeam
1023 2727 1113 2768 pag.
1131 2712 1229 2756 254.
1255 2713 1297 2748 et
1314 2707 1358 2746 iu
1378 2706 1508 2746 Gloss-

0 2767 97 2807 med.
122 2768 328 2808 Graecit.
315 2782 415 2810 inv.
433 2772 704 2840 Μηνολογεῖν.
759 2783 933 2810 nocane.

105 2827 202 2879 Pag-
235 2828 332 2877 109,
361 2830 429 2871 22.
487 2825 683 2877 Βασιλευς
708 2825 936 2882 Ῥωμαίων]
979 2827 1069 2868 Non
1108 2838 1202 2866 vero
1238 2836 1507 2878 αυτοκρατωρ,
