1794 3172
275 152 411 201 1026
684 155 1002 203 NICEPHORI
1031 155 1191 202 GREG
1197 157 1353 203 ORAE

53 280 91 313 Δ.
109 278 153 312 Μ.
172 278 263 315 6859
274 268 443 328 τάνδρὶ,
480 264 694 324 δύσμαχον
713 265 938 325 τυραννίδα
958 270 1100 323 ’ψυχῆς
1121 266 1289 324 ἐνεγκεῖν
1316 266 1482 326 οὐδαμῆ
1512 269 1746 327 δυνηθέντι.

107 325 254 409 ¹¹1¹,d·g45
274 340 408 384 καίτοι
445 338 567 395 ἐχρῆν
602 339 676 380 τοῦ
712 340 846 394 σοφοῦ
875 336 1099 394 Διογένους
1135 341 1358 394 πεισθῆναι
1387 345 1476 390 τοῖς
1502 337 1635 397 λόγοις
1648 355 1668 399 ‘.·
1705 339 1752 392 ὃς

155 397 165 409 ’
273 406 515 464 πυθομένου
542 404 676 459 τινὸς,
714 403 826 465 ὅπως
846 404 898 450 ἄν
919 423 982 458 τις
1003 404 1167 458 ἔνδοξος
1192 405 1368 463 τάχιστα
1388 408 1542 465 γένοιτο
1573 411 1643 454 καὶ
1672 409 1751 472 ῥα·-

274 479 397 530 δίως,
435 475 705 533 ἀπεκρίνατο·
751 477 787 519 εἶ
817 473 942 532 δόξης
977 483 1249 534 καταφρονεῖν
1277 478 1491 534 δυνηθείη.
1548 481 1585 522 εἷ
1614 478 1664 523 δέ
1690 497 1749 540 τῳ

272 547 414 603 δοκοίη
425 579 440 601 ,
475 544 524 589 τὸ
542 542 685 596 πάθος
700 544 887 589 ἐθέλοντι
906 544 1151 604 θεραπεύειν
1169 547 1242 590 καί
1257 563 1297 590 τι
1312 551 1387 604 τῆς
1403 548 1602 604 μέμψεως
1619 547 1780 607 &wat-5

272 622 378 673 ρεῖν,
411 613 470 672 μὴ
495 614 563 658 διὰ
586 612 710 671 δόξης
730 614 863 673 ἔρωτα
884 617 1274 674 καταψηφίζεσθαι,
1307 616 1412 674 πρὸς
1429 622 1619 662 τοιοῦτον
1637 622 1752 663 πτῶ-

237 700 268 736 Β
276 704 338 741 μα
359 684 655 742 κατενηνέχθαι
679 684 751 728 τὸν
774 686 920 744 φίλον,
960 684 1067 729 ἀλλὰ
1095 690 1155 745 τῷ
1183 683 1288 742 μήτε
1311 688 1531 743 θεμελίους
1554 689 1752 747 στερῤοὑς

270 754 505 811 ὑποστῆσαι
538 757 592 812 τῇ
618 751 782 813 γλώττῃ
802 755 955 813 σοφίας
973 759 1050 812 τῆς
1078 753 1294 814 θύραθεν,
1330 753 1434 813 μήτε
1456 764 1601 815 πεῖραν
1631 758 1751 815 ἱερῶν

270 823 479 883 εἰληφέναι
513 821 755 880 δογμάτων,
794 823 869 868 οὐκ
893 824 1014 883 ἔγωγε
1045 826 1266 882 διοίσομαι.
1314 829 1455 887 πολλῷ
1486 827 1565 885 γὰρ
1591 831 1773 886 μᾶλλονν

272 893 325 938 ἂν
345 893 477 938 τοῦθ’
502 891 714 950 ἕλοίμηνῆ
736 894 860 938 ἐκεῖνο
876 908 886 919 ·
925 893 987 938 ὅτι
1011 899 1136 939 τοῦτο
1162 896 1264 951 μὲν,
1303 894 1497 940 ἀκούσιον
1528 895 1575 940 ὃν
1587 930 1602 951 ,
1640 898 1749 949 ἓξαι-
1761 905 1794 941 1(

273 970 405 1021 ρεῖται
427 967 502 1007 τοῦ
525 966 602 1019 τῆς
620 964 764 1015 κακίας
790 962 1121 1022 ὑπερβάλλοντος
1140 965 1212 1009 τὸν
1237 966 1379 1024 φίλον,
1417 967 1485 1010 καὶ
1512 964 1751 1024 συγγνώμης

272 1030 510 1088 ἰνδάλματα
540 1034 708 1077 δίδωσιν
741 1033 995 1091 ἀμωσγέπως
1023 1034 1161 1095 αὐτῷ’
1199 1035 1323 1079 ἐκεῖνο
1356 1034 1398 1079 δ’
1425 1033 1591 1087 ἁπάσας
1621 1034 1750 1080 αὖτό·

269 1119 415 1160 χρημα
447 1099 687 1159 συγγνώμης
710 1103 878 1154 ἐλπίδας
898 1103 1119 1160 ἄνασοβεῖ,
1155 1109 1231 1148 τοῦ
1263 1103 1450 1149 ἑκουσίου
1482 1110 1557 1162 τῆς
1585 1104 1751 1162 γνώμης

236 1172 394 1229 Οδίκην
413 1170 566 1228 ἀχλύος
585 1171 716 1223 αὐτὰς
730 1171 1032 1228 συνθολούσης.
1068 1177 1121 1232 τῇ
1138 1171 1216 1230 γάρ
1235 1191 1298 1218 τοι
1320 1172 1440 1232 φύσει
1459 1177 1527 1218 καὶ
1547 1180 1606 1234 τῷ
1619 1179 1749 1220 πλου-

273 1242 351 1302 σίῳ
372 1245 447 1298 τῆς
469 1238 654 1299 γλώττης
681 1241 953 1301 τεθαῤῥηκώς
981 1241 1002 1286 ὃ
1032 1242 1137 1301 ἀνὴρ
1164 1244 1207 1294 ἐξ
1230 1243 1360 1301 ἀρχῆς
1387 1242 1519 1302 ταύτῃ
1551 1244 1649 1295 τοὺς
1681 1246 1747 1288 ἓν·
1761 1255 1794 1292 15

273 1309 552 1369 τυγχάνοντας
572 1311 641 1354 διὰ
657 1313 753 1368 βίου
771 1312 985 1365 κατέκλυζε
995 1346 1008 1366 ,
1048 1314 1116 1356 καὶ
1135 1317 1294 1370 τροφῆς
1316 1312 1446 1370 αὐτῆς
1467 1312 1749 1358 ἐπιλανθανό·

270 1398 406 1438 μενος.
444 1381 508 1425 διὸ
531 1382 599 1424 καὶ
615 1380 774 1432 πάντας
804 1383 955 1439 σοφίας
976 1383 1017 1433 ἐς
1035 1386 1158 1426 τοῦτο
1180 1383 1419 1440 συγκλείσας
1445 1382 1546 1434 τοὺς
1573 1383 1745 1441 ἔρωτας,

255 1452 343 1495 -καὶ
362 1454 487 1494 τοῦτο
507 1447 638 1506 μόνον
662 1451 802 1495 ἱκανὸν
820 1448 1099 1508 ἡγησάμενος,
1137 1451 1186 1495 τὸ
1204 1456 1386 1511 χρυσοῦν
1406 1451 1580 1509 ἀπονητὶ
1600 1470 1748 1510 συγκο-

120 1528 160 1567 V.
179 1528 249 1567 521
273 1521 400 1577 μίζειν
426 1519 554 1579 θέρος
585 1519 698 1580 αὐτῷ
728 1525 811 1565 τῶν
839 1522 1015 1565 ἐπαίνων
1036 1519 1227 1575 πάντων,
1264 1519 1414 1578 ἣκιστα
1437 1521 1506 1565 διὰ
1527 1524 1748 1580 φροντίδος

270 1590 490 1647 πεποίηται
511 1591 640 1651 σοφίᾳ
659 1592 727 1633 καὶ
748 1588 949 1647 δόγμασιν
976 1591 1098 1648 ἱεροῖς
1127 1590 1199 1634 τὸν
1223 1595 1299 1647 τῆς
1324 1589 1510 1648 γλώττης
1536 1596 1794 1648 κοσμῆσαιΞο

228 1657 443 1718 Βδρόμον.
501 1654 530 1716 ἦ
558 1659 638 1718 γὰρ
669 1658 721 1703 ἂν
749 1664 834 1704 τῶν
864 1661 979 1704 δυοῖν
1007 1659 1171 1712 οὐδενὸς
1198 1660 1379 1712 ἐξέπιπτε
1404 1659 1592 1719 χρόνων·
1646 1661 1744 1705 ἀλλ’

271 1728 334 1773 ἀεὶ
353 1729 429 1786 μὲν
447 1727 496 1773 τὸ
515 1733 591 1786 τῆς
607 1730 879 1788 πολυλογίας,
912 1727 969 1781 ὥς
987 1730 1051 1773 ἐπὶ
1070 1734 1261 1774 πλεῖστον
1282 1728 1522 1788 ἁμαρτάνον
1533 1764 1547 1785 ,
1585 1730 1746 1789 διέφευ-

270 1815 339 1858 γεν
367 1798 419 1844 ἄν
435 1813 445 1824 ·
481 1802 558 1843 νῦν
582 1799 628 1844 δ’
652 1801 709 1852 εἷς
729 1799 777 1844 τὸ
806 1803 882 1857 τῆς
909 1799 1098 1856 ἀσεβείας
1119 1799 1194 1845 οὐκ
1217 1798 1268 1845 ἂν
1296 1799 1478 1845 ἐνέπιπτε
1505 1798 1742 1860 βάραθρον.

366 1918 424 1960 14.
447 1921 724 1965 συνθολοῦντος
744 1921 833 1958 coni.
854 1919 955 1957 Boiv.

274 2022 448 2070 tyrannici
464 2035 613 2071 pugnam
630 2024 802 2060 sustinere
819 2035 886 2059 non
905 2022 1070 2077 potuerit.
1115 2022 1317 2070 Quanquam
1334 2034 1411 2059 eum
1433 2023 1600 2071 sapientis
1612 2023 1746 2070 Dioge-

275 2070 331 2105 nis
350 2081 472 2117 parere
498 2071 602 2107 dictis
625 2072 832 2119 oportebat,
857 2082 917 2115 qui
941 2070 984 2104 ab
1003 2070 1117 2116 aliquo
1137 2071 1391 2118 interrogatus,
1415 2083 1483 2117 qua
1511 2071 1587 2117 quis
1609 2071 1745 2106 ratione

277 2117 454 2152 celerrime
477 2122 513 2152 et
530 2119 632 2154 facile
653 2118 796 2165 gloriam
818 2117 1085 2163 adipisceretur:
1107 2117 1267 2152 nimirum
1292 2117 1519 2163 (respondit)
1542 2118 1573 2152 si
1599 2117 1745 2163 gloriam

303 2163 390 2198 ossit
415 2167 642 2200 contemnere.
698 2163 803 2206 Quod
823 2163 852 2198 si
876 2163 973 2210 quiS,
997 2167 1037 2198 ut
1060 2163 1140 2199 huic
1167 2164 1254 2199 malo
1280 2164 1479 2206 medeatur,
1502 2168 1539 2199 et
1563 2169 1602 2199 ut
1624 2175 1745 2209 repre-

275 2174 473 2245 Eensionem
493 2210 702 2257 aliquantum
722 2210 867 2252 minuat,
891 2221 958 2244 non
977 2213 1078 2256 putet
1102 2211 1243 2246 amicum
1265 2210 1572 2253 condemnandum,
1597 2210 1695 2256 quasi
1713 2210 1745 2244 is

278 2267 396 2292 amore
412 2256 545 2302 gloriae
566 2258 746 2304 prolapsus
765 2257 817 2292 sic
835 2257 1024 2300 corruerit,
1048 2256 1109 2291 sed
1134 2269 1175 2292 eo
1200 2257 1291 2304 quod
1318 2269 1381 2292 nec
1408 2257 1558 2302 linguam
1584 2257 1745 2291 doctrina

277 2304 446 2350 profana,
469 2307 630 2350 tanquam
647 2305 743 2339 firmo
760 2303 998 2345 fundamento,
1021 2304 1200 2338 subnixam
1222 2304 1385 2346 haberet,
1409 2315 1473 2338 nec
1491 2313 1662 2337 sacrorum
1680 2302 1745 2337 do-

278 2354 431 2394 gmatum
448 2361 546 2386 usum
561 2350 626 2385 sibi
644 2355 886 2397 comparasset,
906 2350 1062 2396 equidem
1079 2350 1164 2385 nihil
1179 2362 1302 2385 moror.
1326 2349 1437 2384 Multo
1453 2349 1540 2384 enim
1560 2350 1626 2384 hoc
1643 2360 1745 2394 quam

278 2396 365 2431 illud
388 2395 524 2440 malim3
546 2396 703 2443 quoniam
733 2398 816 2439 hoc,
841 2408 915 2431 cum
943 2397 990 2432 sit
1007 2402 1144 2442 praeter
1169 2397 1398 2439 voluntatem,
1421 2396 1560 2430 maioris
1580 2396 1745 2441 improbi-

278 2442 365 2478 tatis
385 2442 525 2478 crimine
548 2443 690 2478 amicum
718 2444 886 2487 absolvit,
911 2447 947 2478 et
972 2443 1118 2490 aliquam
1143 2442 1373 2478 excusationis
1395 2443 1545 2478 umbram
1569 2448 1743 2488 utcunque

279 2489 315 2524 ei
343 2489 489 2533 tribuit3
509 2489 594 2525 illud
621 2493 734 2525 autem
760 2490 882 2526 veniae
910 2502 992 2536 spes
1018 2501 1153 2532 omnes,
1176 2490 1288 2524 offusa
1313 2489 1459 2535 quadam
1489 2501 1531 2524 ex
1550 2488 1743 2523 voluntario

278 2535 383 2571 animi
408 2540 502 2572 motu
526 2536 675 2582 caligine
698 2536 872 2580 turbidas,
898 2537 1046 2582 repellit.
1099 2535 1241 2582 Ingenio
1265 2535 1395 2582 quippe
1423 2539 1459 2571 et
1480 2535 1615 2570 dicendi
1643 2534 1744 2580 copia

278 2582 335 2618 vir
364 2582 423 2617 ille
449 2583 518 2618 iam
543 2583 624 2618 inde
651 2583 695 2618 ab
717 2583 816 2617 initio
833 2584 1002 2627 confisus,
1026 2594 1067 2618 eo
1093 2587 1256 2629 tanquam
1283 2581 1413 2617 diluvio
1443 2581 1562 2617 obvios
1590 2592 1743 2627 quosque

279 2634 446 2675 perpetuo
466 2629 678 2672 inundabat,
703 2629 804 2664 etiam
832 2630 991 2676 capiendi
1017 2629 1087 2665 cibi
1107 2629 1294 2666 immemor.
1351 2628 1518 2663 Omnibus
1541 2629 1660 2673 itaque
1680 2628 1744 2662 do-

279 2676 414 2711 ctrinae
440 2675 612 2712 amoribus
639 2676 704 2711 hoc
727 2675 796 2710 fine
822 2676 1110 2722 circumscriptis,
1135 2687 1211 2711 cum
1236 2687 1340 2710 unum
1357 2675 1422 2710 hoc
1448 2674 1534 2710 satis
1553 2686 1631 2709 esse
1648 2673 1743 2708 arbi-

279 2725 435 2758 traretur
453 2723 498 2758 ad
517 2722 742 2768 colligendam
761 2722 827 2756 sibi
842 2722 977 2758 laudum
997 2723 1140 2758 omnium
1157 2733 1297 2757 messem
1314 2733 1474 2764 auream,
1495 2720 1663 2756 minimum
1682 2731 1743 2754 cu-

280 2768 375 2803 ravit
387 2768 479 2804 illam
495 2769 633 2824 linguae
650 2768 896 2804 volubilitatem
912 2769 1128 2805 scientiarum
1150 2772 1186 2803 et
1200 2780 1374 2803 sacrorum
1391 2767 1584 2814 dogmatum
1602 2779 1666 2801 usu
1684 2777 1742 2800 οι·-

281 2825 377 2851 nare.
422 2815 560 2862 Alioqui
579 2815 671 2851 nullo
689 2820 844 2862 tempore
863 2815 950 2850 male
974 2815 1007 2850 ei
1029 2816 1207 2851 cessisset:
1231 2814 1291 2850 sed
1309 2819 1346 2850 et
1362 2814 1542 2849 verborum
1567 2812 1740 2848 abundan-

281 2859 386 2905 tiam,
407 2873 499 2910 quae
515 2863 714 2912 plerumque
735 2865 877 2909 peccat,
901 2873 1034 2910 semper
1050 2861 1243 2909 effugisset,
1267 2872 1330 2898 nec
1347 2860 1383 2897 in
1409 2861 1607 2898 barathrum
1621 2858 1743 2906 impie-
