1754 3164
161 131 294 178 1362

725 144 892 184 INDEX
926 147 1130 200 RERUM,

159 242 358 280 Matthaeus
379 244 607 290 Evangelista
630 247 778 287 79213.
808 250 911 291 1113,
958 249 1192 294 Metochites,

204 292 237 327 5·
260 292 361 334 1128,
390 295 443 328 12.
473 294 574 333 1116,
599 295 632 328 6.
659 296 762 336 1129,
791 297 821 330 1.

157 337 273 372 Mauri
283 339 318 372 in
333 338 533 384 Hispaniam
546 339 742 388 irrumpunt
753 342 833 385 688,
851 345 909 381 21,

158 384 345 419 Mauritani
369 383 654 432 (Mavqoziocm)
678 390 757 430 107,
781 391 816 426 3.

157 431 342 467 Mauritius
378 433 514 476 David,
558 433 773 471 Divionensis
805 437 910 480 1151,

203 477 260 514 44.
295 482 397 523 1160,
424 480 479 516 16.
514 481 625 525 1162,
650 484 683 520 6.
717 482 828 529 1164,
856 487 912 523 16.

205 527 308 569 1175,
334 529 388 563 12.
417 529 518 569 1199,
539 529 574 563 9.

156 572 459 620 Mauropotamum
483 574 564 616 415,
589 577 621 612 8.
646 575 732 622 ibiq.
757 581 875 612 annot.

156 620 193 653 S.
220 620 389 656 Maximus
412 623 494 662 912,
512 623 548 659 5.
571 621 652 666 974,
670 625 704 659 9.
731 624 833 668 1064,
854 627 909 662 18.

203 669 306 711 1065,
331 670 389 704 20.
418 669 521 712 1063,
539 671 572 705 9.
598 670 700 713 1084,
729 673 784 708 19.
805 674 909 715 1091,

201 716 236 751 7.
263 717 366 758 1121,
391 717 449 752 21.
473 717 560 751 etin
581 723 698 754 annot.
725 720 827 761 1311,
851 721 908 756 33.

202 764 306 805 1312,
316 764 348 798 7.
368 761 651 806 1312,41.1313,
662 766 718 800 22.
740 767 842 808 1313,
853 768 911 802 37.

202 812 305 853 1314,
315 811 370 846 12.
383 810 549 852 1314,21.
562 813 664 854 1318,
674 811 844 856 461319,
854 815 912 850 23.

155 859 294 900 Medea,
312 858 395 892 urbs
414 859 585 893 maritima
606 861 686 901 796,
710 861 765 896 18.
782 863 911 903 795,1.

200 917 222 940 a
232 907 476 940 Cantacuzeno
489 906 632 941 obsessa
653 912 690 941 et
699 907 746 943 ad
757 907 909 943 deditio-

201 965 277 988 nem
302 952 478 998 compulsa
501 952 582 995 796,
599 955 656 989 23.

155 1000 252 1036 Medi
263 1002 322 1042 38,
331 1001 386 1036 25.
397 1000 456 1041 91,
469 1000 499 1034 1.
510 999 689 1036 Medorum
699 1001 816 1038 classis
826 1014 909 1050 pro-

199 1048 324 1093 fligata
341 1059 361 1081 a
380 1046 611 1090 Themistocle
628 1048 708 1091 497,
731 1051 785 1086 15.

155 1095 288 1130 Medici
301 1107 320 1129 e
331 1093 476 1128 Perside
487 1094 591 1129 acciti
601 1095 682 1139 554,
696 1098 751 1133 13.
768 1098 908 1143 querela

201 1142 246 1177 de
268 1141 408 1176 medicis
432 1143 511 1183 291,
537 1142 571 1178 5.

155 1187 446 1235 Μεγαλόσχημοι
473 1191 575 1232 1162,
598 1190 657 1227 26.

155 1238 379 1282 Megarenses
402 1237 483 1277 252,
507 1235 565 1272 24.

154 1282 410 1319 Melanchlaeni
433 1282 491 1322 34,
518 1286 550 1319 1.

154 1330 439 1372 Melchisedecus‚
465 1327 625 1375 ἄναρχος
647 1329 730 1373 944,
755 1332 812 1367 22.

155 1378 321 1418 Melecus‚
357 1389 431 1412 cum
458 1378 606 1413 Azatine
633 1379 744 1413 fratre
768 1379 813 1413 ad
837 1379 909 1413 Mi-

201 1425 354 1459 chaelem
387 1424 630 1471 Palaeolognm
664 1425 823 1471 confugit
851 1428 910 1468 82,

201 1470 236 1508 4.
262 1471 431 1513 Melecus,
457 1473 627 1507 Azatinae
651 1472 752 1516 filius,
784 1479 910 1519 pater-

202 1530 281 1553 num
305 1518 485 1564 imperium
517 1519 666 1565 repetit:
701 1522 745 1555 ab
769 1520 908 1556 Amurio

200 1571 342 1610 satrapa
364 1565 536 1601 vincitur:
579 1566 713 1602 domum
737 1580 907 1612 reversus,

201 1612 374 1647 occiditur
397 1614 474 1655 137,
492 1612 526 1649 4.

156 1660 324 1703 Meleona,
349 1659 543 1694 Turcorum
560 1659 641 1695 Dux
660 1659 742 1703 254,
759 1659 794 1696 4.
820 1660 910 1696 reci-

202 1708 256 1752 pit
280 1719 318 1740 se
342 1706 386 1741 ad
412 1706 548 1742 Cralem
572 1709 654 1750 254,
675 1711 729 1744 10.

157 1753 320 1789 Με1εηῐοί
336 1753 511 1789 castellum
531 1753 620 1797 413,
641 1757 699 1791 23.
727 1753 911 1790 munitissi-

201 1813 310 1836 mum:
334 1800 576 1836 Cantacuzeno
589 1802 762 1838 deditum:
788 1803 911 1839 Ioanni

202 1849 321 1883 Irenes
345 1847 450 1881 fratri
470 1849 729 1885 custodiendum
754 1851 909 1886 commit-

202 1896 294 1930 titur
311 1895 392 1936 633,
409 1896 442 1930 2.

157 1942 416 1984 Meliteniotes‚
449 1941 533 1977 cleri
553 1941 770 1989 imperatorii
791 1944 908 1978 archi-

205 1989 388 2030 diaconus,
422 1987 674 2034 Λατινόφρων
701 1992 779 2033 130,
813 1992 848 2026 9.
872 1991 910 2025 in

205 2035 360 2070 exsilium
385 2035 531 2070 mittitur
556 2039 635 2080 171,
654 2039 689 2074 3.
713 2037 910 2073 Melitenio-

203 2090 278 2124 tes,
318 2082 454 2127 legatus
480 2095 554 2118 cum
582 2085 694 2121 Vecco
718 2084 840 2120 missus
864 2085 910 2119 ad

206 2130 244 2163 S.
269 2128 479 2165 Ludovicum
507 2132 610 2174 1177,
631 2134 666 2169 3.

161 2176 387 2222 Μηλόβοτος
413 2178 514 2220 1227,
532 2179 589 2214 37.

160 2224 310 2258 Menaea
328 2221 430 2265 1243,
448 2226 505 2260 21.
658 2250 663 2254 .

159 2269 351 2305 Menander
375 2270 533 2305 Comicus
559 2271 661 2315 1311,
686 2273 720 2308 7.

161 2327 339 2364 Mendacii
359 2327 486 2363 crimen
512 2335 707 2366 excusatum
739 2332 828 2374 666,
849 2331 908 2367 20.

161 2387 351 2423 Meridiani
366 2387 563 2432 nebulones,
582 2389 828 2438 μεσημβρινοὶ
845 2391 909 2436 λῆ-

209 2447 271 2478 ροι
292 2435 373 2477 450,
401 2436 457 2470 19.

162 2481 370 2519 Mesembria
401 2482 482 2517 urbs
515 2484 583 2524 60,
615 2483 673 2519 23.
716 2483 844 2518 munita
875 2485 911 2518 et

207 2526 512 2573 πολυάνθρωπος
533 2529 626 2572 457,
650 2527 707 2566 24.
732 2530 851 2565 deficit
874 2533 911 2565 et

208 2575 418 2622 praesidium
428 2576 616 2611 Romanum
629 2576 746 2611 caedit
757 2577 838 2621 487,
851 2578 909 2614 21.

163 2623 416 2670 Mesopotamia
434 2624 494 2667 38,
519 2625 575 2660 12·

165 2680 340 2722 Messana,
367 2680 509 2717 Siciliae
532 2682 616 2716 urbs
637 2682 807 2717 maritima
829 2682 911 2724 217,

212 2731 266 2765 19.
291 2726 466 2774 Σικελική
491 2727 649 2775 Μεσὴνη
674 2731 755 2772 860,
777 2729 834 2764 22,

165 2784 382 2828 Μετάδοσις
413 2791 449 2821 et
479 2785 702 2834 μετάληψις,
745 2788 913 2834 quatenus

210 2833 374 2869 differant
399 2835 501 2877 1317,
522 2833 579 2870 24.

1052 296 1262 343 [Georgius]
1281 299 1493 346 imperatorii
1505 301 1589 337 cleri
1598 304 1712 338 archi—

1004 342 1191 389 diaconus,
1216 345 1468 392 Λατινόφρων
1489 351 1570 392 130,
1595 353 1649 386 10.
1676 351 1713 385 in

1005 390 1159 426 exsilium
1176 392 1325 428 mittitur
1336 394 1416 437 171,
1435 396 1468 431 3.
1495 395 1579 442 ibiq.
1594 402 1711 432 annot.

1044 438 1271 482 Theodorus,
1290 440 1489 487 Logotheta
1505 442 1711 485 Dromi31e—

1004 489 1107 530 gatus
1116 485 1160 520 de
1177 487 1346 522 affinitate
1355 488 1502 524 mittitur
1519 501 1592 524 cum
1609 490 1712 524 Ioan-

972 549 975 552 -
1003 543 1048 566 ne
1073 533 1198 578 Glyci:
1234 533 1414 580 utriusque
1447 536 1594 580 elogium
1630 539 1711 580 193,

1003 580 1061 614 23.
1096 583 1180 614 eunt
1210 580 1246 614 in
1276 580 1421 616 insulam
1457 583 1631 628 Cyprum:
1673 597 1712 619 re

1002 625 1146 668 insecta,
1172 625 1210 660 in
1235 627 1428 663 Armeniam
1447 630 1712 674 proficiscuntur

1004 671 1090 715 194,
1115 676 1149 709 9.
1186 674 1366 709 Theodori
1396 675 1613 712 Metochitae
1642 679 1711 713 Lo-

1003 722 1170 765 gotlietae
1213 721 1339 756 Genici
1381 722 1592 758 auctoritas:
1639 724 1712 759 filia

1003 767 1123 801 loanni
1140 767 1465 814 Panhypersebasto
1480 777 1610 817 nupta:
1634 773 1711 806 laus

1004 813 1241 848 Metochitae:
1280 815 1382 849 animi
1408 820 1445 851 et
1474 818 1628 863 corporis
1649 819 1711 853 do-

1005 866 1080 896 tes:
1114 873 1242 896 summa
1259 861 1409 896 eruditio
1420 864 1501 906 271,
1518 866 1551 899 2.
1574 865 1711 900 dicendi

1002 919 1128 953 genus:
1173 914 1212 943 ut
1243 908 1424 944 literarum
1453 911 1603 946 studium
1636 924 1710 947 cum

1002 955 1148 1001 reipubl.
1171 955 1468 992 administratione
1495 959 1712 994 coniunxerit

1001 1003 1096 1045 272,
1129 1004 1163 1038 6.
1196 1001 1324 1037 seniori
1353 1003 1552 1040 Andronico
1589 1011 1711 1042 auctor

1002 1054 1075 1092 est,
1098 1061 1142 1084 ne
1160 1048 1328 1084 iuniorem
1346 1049 1382 1084 in
1406 1062 1579 1087 carcerem
1602 1053 1711 1087 conii-

1003 1095 1092 1139 ciat,
1125 1101 1307 1143 antequam
1333 1097 1487 1142 geniales
1507 1099 1583 1133 dies
1608 1100 1710 1134 esi-lu-

1002 1144 1120 1178 xerint
1142 1145 1230 1186 303,
1254 1145 1289 1179 3.
1318 1143 1356 1178 in
1379 1145 1517 1180 Chorae
1540 1152 1710 1181 monaste-

1002 1190 1055 1224 rio
1081 1191 1258 1225 consultus
1284 1190 1329 1225 de
1353 1191 1434 1236 equi
1455 1193 1543 1238 picti
1563 1194 1710 1237 hinnitu,

1002 1237 1087 1283 quid
1104 1237 1324 1283 responderit
1345 1240 1434 1280 303,
1461 1242 1516 1276 11.
1550 1252 1710 1276 arcanum

1002 1296 1076 1319 cum
1111 1284 1306 1319 Andronico
1336 1285 1473 1320 seniore
1505 1287 1710 1333 colloquium

1002 1333 1092 1373 305,
1119 1333 1172 1368 13.
1196 1336 1320 1376 stupor
1343 1336 1380 1366 et
1402 1332 1597 1368 silentium:
1624 1347 1711 1370 uxo-

1002 1379 1050 1412 ris
1075 1381 1111 1412 et
1133 1378 1318 1412 liberorum
1351 1379 1509 1414 anxietas
1538 1383 1630 1424 306,
1674 1383 1709 1418 7.

1002 1425 1076 1460 filia
1099 1425 1426 1470 Panhypersebasta
1458 1438 1536 1461 eum
1562 1429 1710 1474 alloqui-

1003 1475 1084 1514 tur,
1120 1475 1156 1506 et
1190 1472 1299 1506 amice
1332 1471 1491 1518 increpat
1520 1476 1612 1518 306,
1655 1478 1708 1513 17.

1003 1518 1162 1554 oratione
1196 1518 1290 1553 filiae
1332 1519 1503 1555 excitatus
1543 1521 1710 1558 lamenta-

1002 1571 1077 1600 tur:
1102 1577 1259 1611 magnam
1279 1565 1410 1600 cladem
1428 1568 1616 1612 praedicit:
1641 1569 1709 1604 ite-

1002 1624 1077 1648 rum
1100 1612 1198 1648 silet:
1231 1613 1402 1647 recumbit
1423 1616 1511 1657 307,
1543 1616 1604 1652 24.
1636 1617 1709 1652 eius

1003 1659 1129 1696 merita
1170 1671 1255 1705 erga
1290 1660 1504 1705 Gregoram:
1549 1669 1709 1698 astrono-

1001 1706 1122 1745 micam
1145 1706 1359 1752 disciplinam
1384 1708 1474 1741 solus
1503 1715 1603 1744 norat
1627 1723 1709 1758 per-

1002 1753 1188 1789 fectissime
1211 1766 1272 1788 sua
1297 1758 1412 1789 aetate
1435 1756 1504 1790 308
1518 1782 1529 1799 ,
1553 1758 1609 1793 23.
1638 1760 1709 1793 An-

1002 1800 1180 1835 dronicum
1198 1800 1283 1842 iun.‚
1308 1812 1370 1846 pro
1396 1802 1581 1838 coniuratis
1599 1804 1709 1839 inter—

1003 1847 1193 1891 cedentem,
1219 1848 1374 1892 graviter
1392 1847 1553 1896 increpat
1575 1851 1656 1893 314,
1674 1854 1709 1890 6.

1004 1894 1049 1930 de
1072 1907 1110 1929 se
1127 1895 1306 1929 admodum
1326 1895 1467 1930 anxius:
1489 1898 1618 1933 somnio
1637 1904 1710 1933 ter-

1003 1946 1119 1977 retur:
1144 1941 1216 1975 suis
1239 1941 1342 1976 rebus
1367 1943 1534 1978 consulit:
1569 1946 1710 1980 secessit

1001 1988 1039 2023 in
1063 1988 1234 2023 Palatium
1258 1986 1346 2030 411,
1378 1989 1434 2024 24.
1468 1990 1614 2026 senioris
1637 1994 1709 2027 An·-

1003 2035 1137 2070 dronici
1181 2035 1434 2081 providentiam
1473 2049 1539 2071 non
1582 2040 1709 2084 probat

1002 2081 1094 2126 420,
1128 2083 1184 2119 17.
1206 2081 1421 2117 Metochitae
1443 2083 1562 2119 domus
1585 2085 1709 2132 diripi-

1003 2133 1083 2165 tur:
1106 2130 1199 2164 bona
1222 2129 1335 2164 omnia
1358 2133 1418 2164 aut
1441 2131 1615 2177 expilata,
1647 2135 1709 2167 aut

1002 2176 1039 2212 in
1062 2176 1182 2211 fiscum
1205 2176 1367 2212 redacta:
1409 2177 1486 2223 ipse
1516 2179 1708 2214 maledictis

1002 2229 1153 2259 vexatus
1176 2220 1258 2266 425,
1272 2221 1327 2259 14.
1351 2223 1626 2270 Didymotichum
1650 2237 1708 2260 re-

1002 2271 1142 2315 legatur
1164 2269 1253 2312 428,
1285 2271 1464 2305 20.-exsul
1488 2272 1708 2318 stranguriae

1003 2317 1176 2352 doloribus
1200 2316 1376 2352 cruciatur
1399 2315 1480 2360 431,
1500 2319 1535 2355 9.
1553 2321 1597 2354 ab
1617 2320 1709 2354 exsi-

1001 2363 1049 2399 lio
1073 2363 1284 2399 revertitur:
1315 2363 1351 2398 in
1374 2364 1511 2399 Chorae
1532 2372 1708 2402 monaste-

1003 2411 1056 2446 rio
1079 2411 1233 2446 habitat:
1258 2410 1472 2446 Metochitae
1490 2413 1593 2448 aedes
1610 2414 1709 2448 diru-

1003 2461 1081 2493 tae:
1107 2458 1335 2504 pavimentum
1358 2458 1521 2501 evulsum,
1548 2459 1708 2495 occiden-

1003 2504 1125 2539 talium
1142 2505 1348 2550 Scytharum
1365 2504 1515 2552 principi
1532 2506 1620 2542 dono
1644 2507 1708 2541 da-

1003 2557 1097 2587 tum:
1142 2552 1303 2597 adempta
1335 2551 1478 2586 libertas
1512 2553 1707 2598 alloquendi

1004 2599 1173 2635 seniorem
1195 2598 1285 2640 458,
1308 2599 1366 2634 23.
1396 2599 1508 2633 tribus
1531 2599 1628 2634 malis
1652 2601 1708 2634 af-

1005 2644 1132 2688 flictus,
1152 2645 1307 2680 habitum
1331 2645 1554 2681 monasticum
1574 2646 1706 2681 induit:

1005 2693 1151 2728 moritur
1180 2690 1269 2733 474,
1304 2693 1359 2727 13.
1394 2691 1508 2726 luc'tus
1542 2697 1707 2738 cognato-

1006 2751 1098 2774 rum:
1120 2741 1227 2774 breve
1237 2738 1384 2784 elogium
1403 2739 1614 2774 Metochitae
1625 2740 1707 2782 481,

1009 2788 1067 2823 13.
1090 2785 1254 2821 Monodia
1275 2786 1312 2819 in
1335 2785 1408 2820 eius
1430 2785 1556 2820 obitum
1575 2785 1656 2829 475,
1673 2788 1706 2821 1.

1008 2833 1204 2869 Metochita
1220 2830 1382 2878 ἔμπνους
1399 2831 1625 2879 βιβλιοθήκῃ
1644 2833 1706 2868 καὶ
