1794 3172
517 154 1001 202 ANNOTATIONES.
1375 140 1507 192 1185

88 266 143 309 Ἠ
162 261 314 315 πόσαις
341 263 403 308 ἐνὶ
429 262 677 331 θηλυτέρῃσι
706 259 817 316 σοφη
836 257 1062 333 Θεοδωρα,

145 321 410 394 Ἀμφοτέρων
434 337 476 363 τε
508 317 638 375 λόγων
665 321 792 369 κῦδος
821 315 1090 387 αναψαμένη·

83 377 152 423 Ἧι
179 379 348 449 γενέτης
365 377 440 452 μὲν
470 378 540 431 εην
569 374 906 430 Καντακουζηνός
930 372 1132 430 Ἰωάννης,

159 435 309 492 Μήτηρ
339 425 384 479 δ’
414 433 596 490 Εὕλογίη
617 431 708 489 ἆξίη
732 431 939 506 εὖλογίης,

99 493 307 568 Σύγγονος
336 489 439 536 ουσα
470 490 753 561 Παλαιολόγου
786 489 956 545 Μιχαηλ
979 491 1192 562 βασιλῆος,

155 548 218 595 Ου
246 550 364 607 γόνος
388 547 644 605 Ἀνδρόνικος
670 554 810 591 πλεῖον
840 548 1014 598 ἄνακτος
1042 546 1168 599 ἂναξ·

96 608 304 658 Κοινωνὸς
331 606 475 679 βιότου
501 606 545 649 δὲ
570 605 709 649 Ῥαοῦλ
736 606 856 648 πέλεν
882 602 1095 660 Ἰωάννης,

157 664 290 721 Τιμήν
322 663 499 736 εἰληφως
529 666 916 735 Πρωτοβεστιαρίου.

96 722 213 778 Αυτη
242 720 474 778 χηροσύνην
487 753 585 765 .....
606 723 785 776 ἔστερξεν
813 719 1046 776 ἀμέμπτως,

141 780 316 850 ’Έτρεφε
342 780 549 834 νωλεμέως
578 778 755 848 Χριστὸν
785 779 829 821 ἐν
858 778 1022 829 ἔνδεέσι,

97 836 308 894 Δόγματος
337 835 598 912 ὄρθοτόμοιο,
613 834 731 893 χάριν
759 834 896 879 πάθεν
926 834 1047 891 ἄλγεα
1074 831 1223 885 πολλα,

163 898 267 951 Τίμα
293 896 364 937 καὶ
393 897 536 949 φιλίην
567 896 607 936 εἷ’
630 911 690 944 τις
720 895 966 950 ἐφημερίων.

106 956 205 1026 Τοίη
234 957 292 1011 τῷ
319 955 460 1011 τοιῷδε
484 950 644 995 τοιόνδε
672 965 736 994 σοι
765 953 897 994 εἵσατο
927 948 1050 1022 νηὸν,

155 997 340 1067 Ἀιδρὲα,
367 1011 438 1053 καὶ
465 1009 518 1053 συ
546 1026 664 1066 χαριν
690 1007 887 1052 πλούσιον
917 1005 1150 1064 ἄντιμὲτρει.

0 1093 95 1133 Huic
122 1092 410 1146 Epigrammati
437 1091 715 1143 heroelegiaco
746 1091 961 1130 subiuncta
981 1097 1075 1130 sunt
1098 1088 1268 1129 iambica
1298 1088 1393 1139 duo,
1423 1102 1526 1142 quae

0 1158 31 1191 εἰ
58 1151 148 1203 ipsa
178 1156 271 1189 sunt
299 1149 417 1189 valde
445 1149 652 1189 mendosa.
711 1150 792 1199 Ea,
823 1148 1013 1201 quoniam
1042 1154 1136 1186 sunt
1165 1146 1431 1199 longiuscula,
1461 1147 1527 1199 pi-

0 1215 58 1257 zet
69 1208 306 1247 describere.
336 1209 480 1247 Errata
501 1207 586 1246 sola
608 1220 734 1258 eaque
753 1206 971 1260 praecipua
994 1207 1207 1246 annotabo.
1238 1204 1526 1257 Epigramm.1.

0 1242 106 1305 vers.
127 1269 167 1308 2.
195 1261 345 1316 Ἐτων,
375 1261 628 1319 προσώπων,
661 1264 705 1305 ἐν
722 1280 782 1319 γρ.
793 1263 808 1316 ]
839 1265 942 1316 Lege
965 1263 1048 1305 Καὶ
1066 1280 1147 1304 των
1164 1276 1394 1318 προσωπων
1411 1263 1454 1305 ἐν
1465 1278 1526 1335 γρ.

0 1323 41 1364 V.
65 1322 103 1365 4.
133 1321 206 1372 Τὶς
224 1322 294 1363 καὶ
309 1338 435 1363 τινων
454 1321 618 1373 πέφυκα
634 1320 702 1362 καὶ
724 1338 833 1370 τινος
851 1320 1011 1375 1:11ng
1043 1323 1087 1360 L.
1113 1322 1182 1370 Τίς
1203 1320 1273 1362 καὶ
1291 1322 1414 1362 τίνων
1431 1320 1526 1372 πέφ-

0 1380 62 1423 καὶ
80 1381 191 1429 τίνος
210 1395 294 1434 τυχ.
349 1380 398 1420 V.
418 1384 457 1424 6.
485 1379 847 1449 Παλαιολογίσσα.]
880 1381 920 1419 L.
951 1379 1263 1433 Παλαιολογίνα.
1314 1378 1360 1420 V.
1382 1381 1421 1420 9.
1443 1374 1530 1432 'Ay-

0 1437 120 1506 γέλων
148 1435 434 1492 ὖμνουμὲνου]
483 1437 526 1477 L.
559 1433 983 1492 ἄγγελωνυμουμὲνου.
1056 1437 1102 1476 V.
1138 1439 1203 1479 11.
1243 1432 1454 1489 ἐκλήθην]
1485 1436 1530 1478 Ι..

0 1492 165 1549 ἐκλήθη.
221 1494 271 1534 V.
305 1493 369 1537 14.
400 1501 598 1547 punctum
627 1508 824 1547 expunge.
885 1494 932 1535 V.
965 1497 1029 1537 18.
1060 1492 1340 1548 Παλαιογίνα]
1371 1495 1415 1531 L.
1444 1495 1531 1533 Πα-

0 1553 240 1622 λαιολογίνα.
297 1552 346 1592 V.
380 1555 448 1594 19.
479 1548 643 1622 Εἰρήνη
672 1568 732 1600 τις
762 1547 904 1622 εἰρήνῃ
935 1550 1051 1605 φερ.]
1081 1551 1125 1590 L.
1155 1547 1361 1604 Είρηνική
1377 1566 1438 1599 τις
1457 1551 1532 1591 Εἰ-

0 1607 103 1666 ρήνη
134 1626 223 1661 φερ.
281 1609 329 1649 V.
359 1612 428 1652 23.
458 1606 610 1662 τοιητ’]
645 1609 686 1650 L.
715 1605 839 1650 τοῦτ’.
897 1608 1212 1661 Epigrammfl.
1245 1608 1425 1650 Vers.1.
1455 1605 1532 1660 τήν

0 1667 156 1721 φλέβα]
197 1683 270 1716 τας
301 1666 466 1720 φλέβας.
536 1667 583 1706 V.
613 1667 651 1710 5
693 1665 967 1719 συμφόνημα]
1007 1666 1051 1705 L.
1093 1661 1353 1736 συμφόρημα.
1412 1665 1461 1705 V.
1491 1668 1532 1708 8-

0 1722 178 1780 ἕναγων]
209 1725 252 1766 L.
284 1724 423 1778 ε’γνων.
479 1723 527 1763 V.
561 1727 628 1767 13-
665 1719 858 1794 Ἀγγέλων
885 1722 1197 1776 υμνουμὲνων,]
1238 1723 1282 1763 L.
1311 1718 1533 1777 ἆγγελωνυ-

0 1782 218 1836 μουμένου.
278 1781 325 1823 V.
358 1785 424 1825 17.
454 1779 647 1833 ανακτος]
680 1782 721 1820 L.
753 1777 986 1836 α’νάγοντος.
1045 1780 1093 1820 V.
1125 1783 1189 1823 19.
1221 1780 1324 1833 φευ]
1355 1781 1399 1820 L.
1430 1782 1531 1831 φῶς.

0 1841 50 1882 V.
81 1843 149 1883 23.
181 1838 459 1893 Παλαιογίνα]
490 1839 533 1878 L.
566 1840 877 1892 Παλαιολογίνα.
909 1839 955 1880 V.
974 1841 1045 1881 26.
1065 1834 1168 1907 όση]
1191 1838 1234 1877 L.
1254 1834 1364 1878 όσον.
1397 1837 1443 1876 V.
1459 1839 1531 1879 29.

1 1892 283 1968 μονοτρόπου]
319 1897 362 1936 Ι..
394 1893 669 1966 μονοτρόπων.
726 1897 773 1936 V.
804 1899 874 1940 30.
910 1895 979 1945 Ὡς
1008 1891 1216 1948 Ευλογίαν
1243 1891 1420 1945 Ἀλεξίαν
1448 1889 1534 1934 Ευ-

2 1953 166 2010 λογίαν]
195 1955 239 1996 Ι..
268 1953 338 2002 Ὡς
367 1951 554 2009 ευλογίας
581 1950 700 2004 οἷξίαν
728 1949 949 2007 Εὕλογίαν.
1007 1953 1050 1992 V.
1079 1956 1149 1996 36.
1179 1948 1301 1994 ταῦτό
1320 1969 1388 2005 μοι
1401 1951 1533 2005 κλέος]

1 2013 47 2052 Ι..
75 2007 201 2052 ταῦτα
233 2026 303 2063 μοι
329 2010 437 2052 κλέα.
502 2011 548 2051 V.
579 2014 645 2055 37.
663 2007 883 2080 udvpexmg]
925 2011 968 2050 Ι..
1007 2026 1195 2064 ατρεκως.
1253 2009 1299 2048 V.
1327 2009 1395 2052 41.
1428 2007 1536 2062 Πρὸς

2 2072 79 2111 τοῦ
105 2067 373 2133 κρατοῦντος]
411 2069 454 2107 Ι..
486 2065 598 2121 Πρός
625 2071 707 2109 τῶν
734 2065 1001 2122 κρατούντων.
1058 2068 1248 2108 Leviores
1282 2067 1446 2107 mendas
1478 2067 1537 2106 fa-

6 2127 86 2167 cile
114 2126 193 2165 erit
220 2125 349 2165 cuivis
378 2125 591 2177 corrigere.
648 2140 801 2166 nonrm-

124 2210 219 2260 Peg.
252 2209 353 2256 167,
383 2209 451 2248 22.
486 2201 597 2248 Ἐπεὶ
624 2205 668 2248 δὲ
695 2206 764 2248 καὶ
793 2209 848 2263 τῷ
875 2206 1053 2261 βασιλεῖ]
1084 2205 1320 2260 Pachymer.
1351 2206 1420 2246 lib.
1452 2206 1535 2246 VH.

7 2279 98 2318 cap.
120 2264 308 2305 XXXIII.
351 2277 526 2303 necno.

125 2337 220 2387 Pag
256 2337 356 2383 167,
384 2336 452 2375 22
485 2330 787 2386 Προετεθιήκει
814 2331 913 2388 γὰρ]
942 2333 1055 2373 Anna
1079 2333 1163 2373 filia
1188 2331 1381 2386 Stephani
1401 2331 1447 2372 V.
1477 2344 1539 2369 re-

13 2392 74 2444 gis
97 2390 339 2442 Hungmiae.
368 2389 632 2442 Pachymeres
658 2391 730 2429 lib.
754 2391 840 2431 VII.
864 2406 948 2444 cap.
966 2392 1150 2432 XXVIII.
1182 2404 1358 2430 nummo.
1411 2390 1540 2440 Προε-

10 2444 202 2499 τεθνήκει
221 2464 296 2501 γαρ
317 2446 347 2499 ἦ
367 2447 407 2495 ἐξ
430 2446 652 2519 Ου’γγρίας]
684 2448 811 2488 Ληηα
831 2449 999 2489 scilicet.
1027 2450 1108 2488 Leo
1133 2448 1348 2487 Cinnamus
1365 2445 1408 2483 in
1431 2444 1540 2483 calce

12 2505 172 2544 Codicis
188 2505 303 2556 Regii
330 2503 558 2548 2951.Το
585 2503 718 2557 παρὸν
737 2507 897 2558 βιβλίον
926 2502 1082 2562 ἔγραφη
1103 2503 1171 2547 δια
1191 2501 1319 2558 χειρὸς
1338 2502 1440 2552 ἐμοῦ
1458 2500 1539 2542 Λέ-

13 2579 130 2610 οντος
155 2564 229 2602 τοῦ
247 2535 496 2633 οΗΚινναμου,
535 2561 748 2604 τελειωθὲν
778 2561 853 2604 σίν
881 2567 968 2618 θεῷ
995 2563 1096 2617 μηνὶ
1125 2562 1274 2615 μαρτίῳ
1306 2556 1377 2600 ιδ’.
1428 2554 1542 2599 Ἰνδι-

11 2622 184 2667 κτιῶνος
212 2615 257 2660 δ’.
297 2617 428 2676 ημὲρα
458 2617 625 2676 ἕβδόμῃ.
679 2619 791 2667 ετους
817 2605 976 2672 στψπὸ.
1016 2620 1083 2662 ἐπὶ
1112 2622 1185 2672 τῆς
1213 2617 1443 2670 βασιλείας.

13 2680 90 2717 τοῦ
117 2691 159 2716 τε
187 2679 316 2729 κυροῦ
349 2676 517 2729 Μιχαηλ
547 2676 690 2719 Δούκα
717 2673 898 2745 Ἀγγέλου
916 2680 1142 2746 Κομνηνοῦ
1172 2677 1246 2715 τοῦ
1266 2668 1543 2741 Παλαιολόγου

13 2732 84 2774 καὶ
112 2733 208 2773 νέου
241 2735 578 2785 Κωνσταντίνου,
631 2734 701 2774 καὶ
729 2729 943 2790 Θεοδῶρας
970 2738 1044 2787 τῆς
1073 2726 1360 2798 ευσεβεστατης
1385 2724 1544 2783 Αυγού-

16 2802 132 2841 στης,
166 2789 235 2830 καὶ
261 2793 338 2830 τοῦ
364 2806 492 2860 κυρου
517 2788 776 2860 Ἀνδρονίκου
782 2794 1029 2859 Κομνηνοῦ
1054 2793 1130 2831 τοῦ
1160 2782 1448 2855 Παλαιολόγου,
1475 2784 1545 2826 καὶ

16 2849 224 2888 ΑΝΝΗΣ
246 2863 318 2902 της
346 2844 628 2903 ευσεβεστοὶτης
653 2844 892 2939 Αὖγοίστης
920 2854 997 2891 etc.
1055 2845 1141 2887 Hic
1173 2843 1271 2885 liber
1298 2845 1467 2898 scriptus
1489 2852 1545 2882 est
