1794 3172
355 142 676 201 msToRIAE
703 152 1080 200 BYZANTINAE
1107 151 1226 198 xlv.
1249 155 1291 201 4.
1451 143 1553 194 705

63 267 155 326 (Ε.)
177 265 294 324 Ἄρτι
324 264 370 310 δ’
404 266 448 309 ἓν
477 264 589 323 ἀκμῇ
614 264 692 322 τῆς
720 263 866 321 ἢρινῆς
890 260 1202 320 καθισταμένης
1227 261 1365 322 ὥρας,
1404 261 1473 308 ὅτε
1501 263 1550 308 τὸ
1573 273 1611 307 Α,
1630 274 1670 306 C.
1685 269 1777 308 1344

63 338 248 380 ποικίλον
281 340 358 391 τῆς
380 333 510 391 χλόης
542 335 619 385 τὰς
649 332 850 385 πεδιάδας
884 340 1051 388 κοσμεῖ,
1099 335 1168 376 καὶ
1194 337 1277 377 τῶν
1313 333 1416 384 τέως
1445 321 1776 403 ἀνα-Ῑωῖζεζῗξᾶ·

60 404 266 461 βιούντων
286 405 466 462 δένδρων
486 404 526 448 οἶ
546 403 751 459 πλόκαμοι
768 402 874 459 μετὰ
892 407 976 446 τῶν
998 402 1162 446 ἀνθέων
1181 402 1259 453 τὰς
1275 407 1359 447 τῶν
1377 401 1551 461 ἀνθρώ-

62 493 154 518 πων
187 474 305 530 ὄψεις
335 474 602 532 ἐφέλκονται,
643 474 746 517 -νέαν
762 470 1024 531 χαριζόμενοι
1052 472 1202 530 τέρψιν
1222 474 1290 515 καὶ
1321 470 1477 530 ἦδονὴν
1499 477 1554 532 τῇ

33 549 181 602 ὅψυχῇ
194 579 207 598 ,
235 546 303 587 καὶ
321 543 410 599 ἅμα
428 543 547 599 χιλὸν
568 541 596 599 ἦ
618 547 670 600 γῆ
689 546 878 601 προσηνῆ
896 543 965 585 καὶ
983 542 1116 598 νομὴν
1135 541 1329 600 αὖτοφυᾶ
1343 549 1431 594 τοῖς
1449 541 1596 587 ‹zib-³1)

59 631 148 671 γοις
171 612 311 667 ζώοις,
348 613 461 664 ἔδοξε
494 614 562 656 καὶ
594 618 654 672 τῷ
679 616 849 668 βασιλεῖ
863 613 1199 670 Καντακουζηνῷ
1219 614 1311 671 περὶ
1332 611 1555 656 Μοσινού-
1582 615 1586 638 ³
1606 604 1609 607 ’

59 687 203 737 πολιν,
240 681 387 734 ἐξιόντι
406 685 667 738 Κομοτηνῶν
690 687 767 738 τῆς
785 682 1005 738 πολίχνης,
1041 679 1260 736 πήξασθαι
1287 681 1336 726 τὸ
1369 680 1551 740 στρατό-

60 755 185 796 πεδον
195 786 210 806 ,
248 753 474 796 κάνταῦθα
496 754 586 809 περὶ
607 757 690 795 τῶν
711 751 927 810 πρακτέων
947 749 1278 807 βουλεύσασθαι,
1306 750 1361 795 τά
1377 769 1422 796 τε
1441 752 1552 796 ἄλλα

59 824 126 865 καὶ
142 821 255 873 ὅπως
286 822 523 878 ἀπαντῆσαι
547 822 685 879 χρεὼν
713 829 801 872 τοῖς
816 819 1074 865 Ἀποκαύκου
1104 821 1355 879 καινοτέροις
1374 820 1554 877 βουλεύὴ

2 899 49 934 10
58 909 163 948 μασι
194 894 264 935 καὶ
290 899 384 942 ταῖς
410 893 702 950 έκστρατειάις.
760 889 852 951 (ς’.)
884 891 1061 950 Λένδρῳ
1093 908 1136 948 γε
1163 891 1248 947 μὴν
1274 893 1454 947 ἐντυχεῖν
1482 894 1595 936 εἶν-Ε

58 965 222 1005 ταυθοῖ
249 963 329 1005 που
360 962 538 1018 συνέβη,
578 960 758 1011 κλάδους
788 961 921 1016 ἔχοντι
947 958 1066 1016 μάλα
1097 959 1286 1017 εὐμήκεις
1292 995 1307 1015 ,
1344 963 1413 1004 καὶ
1431 963 1550 1019 δίκην

56 1029 188 1090 φάναι
207 1029 366 1089 ὀρόφου
385 1036 571 1088 βαθεῖαν
587 1032 663 1086 μὲν
679 1035 731 1089 τῇ
749 1035 800 1088 γῇ
822 1030 898 1087 τὴν
917 1030 1037 1075 σκιὰν
1055 1031 1413 1089 ε’μπαρεχομένους
1421 1065 1435 1085 ,
1474 1033 1550 1087 ε’μ-

56 1100 199 1144 ποδών
231 1101 281 1145 δέ
306 1118 396 1152 πως
423 1102 494 1145 καὶ
522 1108 616 1152 ταῖς
645 1098 898 1158 ὑπερβολαῖς
933 1104 1009 1144 τοῦ
1046 1098 1166 1157 ἡλίου
1196 1101 1546 1156 καθισταμένους,

56 1172 126 1213 καὶ
152 1170 487 1229 ἀφαιρουμένους
516 1170 565 1214 τὸ
588 1168 699 1215 κάειν
726 1168 869 1214 αὐτόν.
905 1166 986 1213 ὕπὸ
1018 1171 1065 1213 δὲ
1093 1175 1153 1230 τῷ
1176 1171 1335 1230 δένδρῳ
1354 1169 1465 1228 πηγή
1486 1188 1550 1222 τις

3 1247 48 1284 15
61 1240 279 1296 ἀνέβλυζε,
312 1239 445 1299 χορόν
466 1257 560 1284 τινα
591 1240 815 1296 ποιουμένη
838 1244 900 1299 τῷ
926 1239 1073 1293 ῧδατι,
1111 1239 1223 1284 οὕτω
1253 1241 1395 1296 μέντοι
1427 1243 1548 1284 διαυ-

54 1310 156 1367 γὴς,
195 1308 252 1361 ὥς
279 1312 350 1354 καὶ
370 1310 420 1354 τὸ
446 1315 524 1354 τοῦ
547 1311 721 1372 δένδρου
747 1308 899 1360 κάλλος
927 1326 1017 1360 πως
1042 1309 1387 1367 ἆποματτομένην
1415 1310 1586 1367 αὖτὴνΕ

55 1379 164 1423 καθ’
193 1377 325 1436 αὗτὴν
353 1380 431 1437 τὴν
463 1378 712 1440 ὑπογραφὴν
721 1413 736 1434 ,
782 1381 851 1423 καὶ
882 1377 959 1423 δύο
997 1384 1100 1436 μιᾶς
1126 1396 1239 1431 τινος
1268 1381 1383 1439 ῥίζης
1415 1382 1550 1425 δοκεῖν

54 1447 359 1507 εἶναι-φύεσθαι
380 1443 533 1508 δένδρα
549 1464 562 1475 ·
598 1450 648 1494 τὸ
679 1451 757 1505 μὲν
777 1448 888 1503 ἄνω,
925 1449 972 1493 τὸ
998 1449 1104 1507 πρὸς
1127 1447 1242 1506 ἦμᾶς
1268 1450 1462 1506 ἄνι’σχον·
1499 1450 1550 1494 τὸ

56 1519 102 1562 δ’
122 1517 205 1563 vind
226 1524 303 1576 γῆν
322 1518 616 1578 αἰωρούμενον.
652 1517 735 1563 ὕπὸ
760 1519 812 1576 δὴ
838 1516 975 1579 τούτῳ
996 1520 1135 1576 βραχὺ
1155 1521 1406 1570 κατακλίνας
1420 1518 1442 1563 ὅ
1462 1524 1546 1576 βα·
1557 1527 1601 1564 V.
1612 1528 1683 1566 358

0 1596 44 1631 20
56 1589 193 1639 σιλεύς
225 1587 374 1634 ἑαυτὸν
412 1591 470 1641 εἷς
506 1588 638 1633 ὕπνον
668 1587 827 1646 ἐτράπη
836 1622 850 1642 ,
888 1590 957 1633 καὶ
988 1588 1078 1644 ἅμα
1098 1587 1227 1633 ἐδόκει
1248 1594 1391 1647 φωνῆς
1415 1587 1548 1648 ἀορά-

54 1675 138 1708 τως
158 1657 334 1713 ἀκούειν,
371 1659 602 1717 ,,ἒ’γειραι,”
636 1656 850 1716 λεγούσης,
886 1655 947 1712 ,,ὅ
967 1656 1203 1712 καθεύδων,
1230 1661 1300 1702 καὶ
1319 1657 1482 1703 ἀνάστα
1501 1660 1547 1702 ἐκ

54 1731 140 1770 τῶν
163 1732 332 1786 νεκρῶν,
371 1730 439 1772 καὶ
457 1726 675 1787 ἐπιφαύσει
697 1743 764 1772 σοι
788 1726 810 1772 ὃ
833 1725 1049 1786 Χριστός”
1065 1741 1076 1752 ·
1112 1725 1244 1779 εὐθύς
1262 1745 1307 1772 τε
1327 1731 1546 1786 διαγρηγο-

53 1795 243 1855 ρήσαντα
251 1831 268 1852 ,
305 1795 432 1855 ζάλην
450 1797 599 1855 ἔχοντα
616 1801 824 1855 λογισμῶν
843 1797 1073 1855 ἀναστῆναι
1085 1811 1096 1822 ·
1132 1799 1207 1842 καί
1219 1815 1283 1849 τις
1300 1798 1386 1842 ἐκεῖ
1398 1797 1547 1858 παρὼν
1555 1810 1597 1850 Ρ,
1608 1809 1681 1848 442

145 1922 181 1957 1.
203 1917 337 1967 ἧρινῆς
359 1933 449 1957 corr.
471 1920 573 1957 Boiv.
597 1932 662 1970 pro
687 1919 849 1967 εἰρήνης.
929 1922 986 1957 18.
1008 1917 1108 1958 εἶναι
1130 1920 1232 1956 Boiv.
1255 1921 1451 1968 ponendum
1474 1933 1543 1970 pu-

142 1972 199 2003 tat
219 1974 303 2015 post
323 1966 421 2006 καθ’
445 1965 579 2016 αὖτήν.
672 1970 809 2015 δένδρα
832 1980 897 2005 em.
919 1968 1022 2005 Boiv.
1045 1980 1110 2016 pro
1134 1968 1307 2015 δένδρου.

48 2069 86 2106 in
105 2071 216 2110 animo
233 2072 422 2108 volutabat.
460 2072 547 2118 (V.)
569 2072 698 2108 Adulto
713 2073 781 2108 iam
800 2085 894 2115 vere,
917 2084 1019 2119 quum
1036 2073 1221 2108 herbarum
1237 2061 1409 2108 v'arietate
1428 2073 1542 2120 campi

49 2119 265 2162 vestiuntur,
289 2131 393 2165 quum
412 2123 450 2154 et
470 2119 576 2155 flores
596 2125 633 2154 et
651 2119 932 2155 reviviscentium
957 2121 1117 2155 arborum
1143 2131 1261 2155 comae
1289 2119 1406 2154 oculos
1428 2120 1540 2155 homi-

48 2176 129 2200 num
155 2165 311 2201 alliciunt
341 2178 383 2201 ac
408 2178 530 2201 novam
551 2167 662 2202 animo
688 2167 951 2202 delectationem
974 2167 1256 2213 voluptatemque
1278 2167 1441 2213 pariunt,
1473 2179 1540 2202 nec

48 2223 117 2246 non
135 2218 172 2247 et
190 2213 291 2248 tellus
311 2213 495 2258 benignum
522 2213 718 2248 alimentum
738 2219 774 2249 et
791 2218 916 2260 suapte
938 2214 1195 2261 provenientem
1219 2214 1331 2248 brutis
1355 2214 1540 2248 animanti-

47 2258 113 2293 bns
137 2264 272 2305 pastum
291 2259 459 2305 largitur-3
482 2259 591 2294 visum
611 2265 665 2295 est
683 2262 927 2296 Cantacuzeno
951 2260 1171 2307 imperatori,
1197 2260 1459 2295 Comotenorum
1476 2272 1541 2306 op-

31 2305 130 2352 ‘pido
151 2306 292 2351 egredi,
317 2312 354 2341 et
371 2307 466 2342 circa
483 2306 718 2353 Mosinopolin
738 2308 1000 2349 castrametari,
1025 2312 1131 2354 atque
1150 2307 1200 2342 ibi
1219 2319 1308 2353 quae
1326 2307 1463 2352 agenda
1482 2319 1540 2342 es-

47 2358 126 2387 sent
145 2357 320 2395 statuere,
357 2357 428 2388 tum
457 2354 547 2395 alia,
580 2359 653 2388 tum
674 2354 842 2399 quomodo
869 2359 1049 2400 oporteret
1070 2354 1170 2389 novis
1190 2354 1367 2400 Apocauci
1389 2353 1539 2400 inceptis

47 2403 84 2432 et
110 2400 391 2445 expeditionibus
420 2411 616 2435 occurrere.
664 2401 767 2446 (VI.)
791 2401 868 2435 Illic
888 2403 982 2436 forte
1001 2401 1045 2436 ad
1068 2402 1226 2436 arborem
1246 2401 1401 2446 appulit,
1424 2400 1540 2446 longis

45 2445 228 2480 admodum
250 2447 355 2481 ramis
372 2446 551 2488 diffusam3
576 2445 636 2492 qui
653 2447 737 2482 tecti
758 2447 904 2482 alicuius
923 2448 1035 2483 instar
1059 2448 1263 2493 profundam
1283 2448 1435 2481 umbram
1463 2452 1539 2481 ter-

46 2503 109 2526 rae
127 2492 371 2535 offundebant,
396 2494 500 2528 nimio
524 2498 638 2529 autem
665 2494 747 2528 solis
769 2494 885 2529 ardori
904 2495 1124 2541 opponebant
1145 2507 1182 2529 se
1202 2493 1471 2540 quodammodo,
1488 2505 1539 2537 ,ac

46 2549 91 2573 nc
109 2545 226 2574 ureret
245 2540 457 2575 efficiebant.
504 2540 578 2574 Sub
591 2541 720 2585 arbore
735 2541 813 2576 fons
836 2542 1069 2583 scaturiebat,
1094 2541 1250 2576 salientis
1276 2551 1389 2586 aquae
1413 2551 1538 2574 conce-

45 2586 238 2630 ptaculum:
262 2586 348 2621 adeo
369 2586 506 2632 quidem
527 2587 588 2621 ille
605 2587 816 2632 pellucidus,
839 2593 879 2622 ut
899 2588 1034 2624 arboris
1062 2586 1350 2635 pulchritudinem
1374 2587 1430 2621 vel
1457 2587 1536 2632 ipsa

45 2631 120 2665 sola
144 2631 258 2678 imago
286 2635 516 2688 exprimeret,
538 2633 698 2679 duaeque
720 2635 765 2669 ab
788 2633 909 2669 eadem
933 2634 1055 2670 radice
1101 2634 1246 2669 ullulare
1272 2634 1416 2668 arbores
1436 2633 1537 2668 vide-

43 2683 184 2720 rentur3
208 2679 268 2713 illa
285 2680 421 2726 quidem
450 2691 583 2714 sursum
603 2681 648 2715 ad
666 2692 729 2726 nos
750 2692 874 2716 versus
893 2687 1033 2724 erecta,
1055 2682 1118 2717 ila
1134 2693 1219 2715 vero
1241 2680 1304 2714 sub
1329 2685 1425 2715 terra
1447 2691 1536 2725 pen-

42 2724 128 2759 silis.
175 2725 252 2770 Sub
271 2738 312 2760 eo
327 2726 478 2771 tegmine
494 2727 694 2772 imperator,
718 2739 864 2773 corpore
881 2729 1054 2774 paululum
1071 2728 1260 2768 reclinato,
1284 2726 1432 2762 dormire
1453 2737 1536 2761 coe-

44 2770 118 2816 pit,
143 2775 181 2805 et
201 2772 302 2807 simul
319 2785 438 2808 vocem
464 2773 634 2809 incertum
653 2773 742 2809 unde
762 2775 832 2809 sibi
850 2775 947 2809 visus
962 2779 1019 2809 est
1041 2775 1162 2810 andire
1181 2774 1401 2808 clamantem:
1425 2773 1536 2814 „Ex-

42 2817 244 2863 pergiscere
262 2819 323 2865 qui
342 2819 483 2861 dormis,
507 2824 544 2855 et
559 2831 708 2866 exsurge
728 2833 751 2855 a
768 2822 925 2864 mortuis,
945 2826 982 2856 et
1001 2822 1164 2856 Christus
1182 2820 1248 2855 tibi
1263 2818 1534 2866 praelucebit”=

43 2870 114 2900 tum
134 2864 248 2901 subito
266 2867 547 2913 expergefactum
564 2867 772 2912 surrexisse,
793 2868 914 2904 tacitis
932 2867 1200 2915 cogitationibus
1220 2871 1456 2910 aeetuantem3
1478 2870 1537 2902 az-
