1794 3172
273 137 409 186 1090
654 139 973 187 NICEPHORI
999 138 1329 186 GREGORAE

49 263 88 296 A.
105 262 152 295 Μ.
171 254 369 312 6859τησὶ
389 249 601 309 διάστημα
622 254 889 309 συγγραφῆς,
922 249 1100 307 ἐντυχεῖν
1112 264 1123 275 ·
1162 251 1219 302 εἲς
1235 246 1394 302 πλάτος
1414 249 1514 310 ἦμῒν
1539 250 1756 311 εἲρημένου

102 310 172 344 1⁰⁶⁴
187 306 212 344 4
268 324 441 377 «mirare,
475 320 582 366 ἔνθα
602 321 844 377 λαληθέντα
861 338 906 365 τε
929 322 998 365 καὶ
1021 319 1265 380 πραχθέντα
1291 321 1407 380 παρὰ
1428 321 1505 379 τὴν
1535 322 1758 380 λῃστρικὴν

236 393 375 452 Οῆμΐν
405 391 559 448 ἐκείνην
585 390 814 435 ἐκτέθειται
843 388 1034 436 σύνοδον.
1083 388 1183 434 ἀλλ’
1212 390 1411 447 ἐπιλείψει
1431 408 1483 447 με
1518 390 1669 452 (εἷπον)
1704 392 1757 436 τὰ

272 458 547 522 παραπλήσια
567 461 744 517 κομίζειν
768 458 790 505 ὃ
814 458 967 519 χρόνος
991 460 1207 505 ἐθέλοντα.
1278 459 1379 520 (Η.)
1408 459 1551 517 Ὅμως
1575 463 1643 505 καὶ
1673 461 1759 506 ἐπεὶ

271 533 349 590 τὴν
377 529 515 576 εἰκόνα
543 534 649 575 θεοῦ
681 547 811 589 φασιν
843 530 883 575 οἱ
914 535 1024 575 θεῖοι
1053 529 1227 588 πατέρες
1252 529 1326 574 τὸν
1349 535 1471 585 νοῦν,
1501 534 1689 588 πολλαχῆ
1711 531 1788 575 ὃὲὸ

271 604 341 647 καὶ
361 605 461 646 νοῦν
480 605 678 646 καλοῦσιν
698 600 852 655 αὐτὸν,
888 602 957 644 καὶ
984 597 1065 659 πρό
1084 617 1127 657 γε
1157 604 1241 644 τῶν
1264 604 1514 659 θεοπρεπῶν
1543 599 1760 656 ὀνομάτων

272 669 488 729 ἐμάθομεν
511 668 612 715 εἶναι
629 669 678 714 τὸ
699 668 745 714 ἓν
767 672 836 714 καὶ
862 670 911 715 τὸ
943 669 991 715 ὂν
1022 671 1091 714 καὶ
1119 670 1194 714 τὸν
1221 673 1319 714 νοῦν
1350 671 1420 715 καὶ
1441 670 1518 727 τὴν
1541 668 1757 727 βούλησιν,

233 741 378 802 Βφὲρε
403 739 687 797 σκεψώμεθα,
724 741 769 784 τί
787 742 855 784 καὶ
875 741 968 799 περὶ
989 737 1150 784 τούτων
1174 744 1485 798 τεχνολογοῦσιν
1504 741 1544 785 οἵ
1561 745 1637 797 τῆς
1657 738 1762 797 ἦμε-

273 813 397 871 τὲρας
416 808 604 869 γλώττης
623 808 891 867 ἐπιστήμονες
911 808 1121 868 ἁρμοσταὶ
1145 811 1214 853 καὶ
1241 811 1472 855 παιδευταί.
1519 810 1561 862 ἐς
1579 810 1657 869 γὰρ
1685 810 1762 867 τὴν

274 881 406 939 αὐτὴν
428 878 574 940 ἀγάγοι
594 879 646 924 ἂν
673 882 742 924 καὶ
771 880 908 925 ταῦθ’
932 879 1046 938 ἡμᾶς
1067 879 1385 938 ἐπιστημονικὴν
1406 881 1666 937 τεχνολογίαν
1691 881 1794 924 καὶΙ

273 952 450 1011 γνῶσιν,
487 948 549 1002 οἷς
584 949 774 1009 ἴφθημεν
798 951 896 1009 περί
920 968 964 1009 γε
993 949 1139 1002 οὐσίας
1160 950 1335 1007 ἐκείνης,
1370 951 1599 1007 μοναδικοῦ
1627 967 1672 994 τε
1692 951 1764 994 καὶ

275 1021 444 1066 ἑνιαίου.
483 1021 588 1079 φησὶ
606 1021 744 1065 τοίνυν
766 1019 896 1072 εὐθὺς
917 1018 938 1065 ὅ
958 1023 1180 1071 Πλωτῖνος
1197 1014 1326 1071 αὖθις
1339 1033 1349 1044 ·
1380 1019 1494 1077 ,,τὴν
1509 1024 1585 1064 τοῦ
1606 1019 1764 1071 παντὸς

275 1089 468 1136 διάθεσιν
499 1090 542 1134 εἴ
561 1107 624 1141 τις
650 1087 837 1146 ὀνομάζει
865 1087 1088 1149 πρόνοιαν,
1125 1088 1236 1134 οὕτω
1261 1090 1431 1134 νοείτω·
1468 1088 1531 1134 ὅτι
1561 1091 1647 1134 ἐστὶ
1680 1090 1762 1148 πρὸ

261 1163 402 1227 ,τοῦδε
421 1164 521 1212 νοῦς
544 1164 619 1204 τοῦ
646 1160 802 1211 παντὸς
820 1158 972 1215 ἑστώς,
1011 1159 1092 1219 ἀφ’
1115 1154 1164 1204 οῦ
1188 1161 1257 1203 καὶ
1277 1159 1386 1204 καθ’
1409 1158 1456 1204 ὃν
1477 1163 1561 1203 πᾶν
1581 1157 1690 1204 τόδε.
1728 1161 1764 1203 εἰ

237 1232 356 1288 Εμέν
382 1226 456 1275 οῦν
481 1234 580 1281 νοῦς
600 1230 681 1289 πρὸ
701 1228 868 1274 πάντων
896 1231 964 1273 καὶ
986 1229 1092 1287 ἀρχὴ
1117 1227 1138 1273 ὁ
1159 1233 1348 1280 τοιοῦτος
1368 1233 1490 1284 νοῦς,
1530 1229 1605 1273 οῦκ
1627 1228 1677 1273 ἂν
1699 1228 1793 1286 εἶἠ1

276 1300 335 1353 ὥς
352 1300 510 1358 ἐ’τυχε.”
537 1301 606 1344 καὶ
620 1296 747 1351 αὖθίς
764 1315 905 1359 φησιν,
927 1297 983 1351 ὥς
1002 1297 1152 1356 ,,ἆπλῆ
1172 1296 1325 1355 ἐστινὴ
1347 1303 1422 1343 τοῦ
1442 1303 1516 1343 νοῦ
1538 1298 1674 1352 οὐσία,
1693 1300 1763 1342 καὶ

126 1373 172 1408 V·
186 1373 258 1411 552
281 1371 359 1416 οῦκ
380 1370 482 1415 ἄλλο
502 1367 669 1427 νόησις,
695 1372 763 1414 καὶ
783 1369 884 1414 ἄλλο
904 1373 1014 1420 νοῦς.
1062 1369 1102 1413 οἶ
1120 1368 1200 1427 γὰρ
1223 1368 1405 1426 λέγοντες
1428 1367 1564 1420 ἄλλως
1591 1385 1764 1427 προστι-

277 1442 427 1486 θέασιν
463 1439 571 1498 αὐτῇ
580 1473 594 1494 ,
634 1439 773 1498 ὥσπερ
807 1439 1047 1498 ὀφθαλμοῖς
1077 1438 1126 1482 τὸ
1159 1436 1274 1500 ὃρᾷν.
1321 1438 1464 1482 ἐατέον
1495 1434 1569 1482 οὖν
1596 1439 1660 1481 ἐπὶ
1687 1442 1765 1494 τῆς

278 1509 414 1568 ἁπλῆς
435 1507 625 1568 φύσεως,
662 1509 796 1554 τᾶλλα
813 1511 1019 1566 μηδεμιᾶς
1045 1509 1282 1567 ἐπικουρίας
1303 1508 1511 1565 δεομένης.
1562 1507 1584 1552 ὃ
1611 1508 1691 1567 γὰρ
1712 1506 1763 1551 ἂν

280 1585 505 1640 προσθῇς,
543 1578 759 1636 ἠλάττωσε
784 1584 838 1639 τῇ
863 1575 1088 1638 προσθήκῃ
1109 1578 1185 1635 τὴν
1218 1578 1385 1630 οὐδενὸς
1412 1577 1652 1635 δεομένην.”
1695 1578 1794 1624 καὶΞ

241 1650 419 1696 Euam&
447 1653 636 1707 πολλαχῆ
662 1651 755 1710 περὶ
780 1647 933 1694 τούτου
963 1647 1184 1701 διεξελθὼν
1221 1648 1400 1708 ἐπιφέρει
1429 1650 1499 1692 καὶ
1529 1645 1759 1703 Πλάτωνα,

374 1774 408 1810 1.
431 1769 641 1820 εἰρημένοις
661 1771 750 1808 coni.
775 1770 890 1819 Capp.
1017 1772 1052 1808 6.
1075 1768 1169 1818 πρός
1184 1783 1224 1818 γε
1246 1769 1336 1807 coni.
1355 1770 1471 1818 Capp.

281 1878 322 1914 in
344 1888 452 1923 opere
467 1878 586 1912 nostro
604 1875 827 1923 scripsimus,
847 1875 892 1910 iis
910 1875 1016 1911 facile
1042 1874 1152 1911 fuerit
1174 1875 1294 1922 legere
1317 1885 1408 1921 quae
1432 1874 1511 1909 fuse
1529 1885 1636 1920 supra
1653 1885 1762 1920 expo-

283 1925 434 1966 suimus,
458 1923 518 1958 ubi
545 1923 589 1959 de
616 1924 721 1959 dictis
745 1925 781 1958 et
804 1921 908 1957 factis
934 1923 970 1957 in
997 1922 1218 1968 praedatoria
1234 1922 1295 1956 illa
1312 1920 1443 1968 synodo
1465 1920 1667 1956 Palamitica
1688 1920 1764 1966 egi-

285 1983 373 2007 mus.
419 1971 566 2014 Verum,
587 1970 750 2016 inquam,
773 1969 911 2004 deficiet
927 1981 981 2004 me
996 1974 1131 2015 tempus
1159 1969 1190 2003 si
1210 1968 1354 2004 totidem
1377 1972 1414 2004 et
1440 1967 1566 2002 similia
1591 1968 1648 2002 hic
1681 1979 1764 2014 pro-

284 2019 381 2052 §erre
397 2017 551 2052 voluero.
597 2017 733 2063 (VIII.)
757 2016 927 2058 Quoniam
943 2020 1059 2051 tamen
1079 2015 1189 2050 sancti
1206 2016 1332 2050 Patres
1349 2015 1528 2050 humanam
1543 2019 1689 2049 mentem
1707 2026 1765 2049 es-

284 2076 328 2099 se
343 2063 412 2099 Dei
431 2063 612 2110 imaginem
629 2068 808 2105 asserunt,
831 2062 1017 2108 multisque
1034 2062 1069 2096 in
1086 2062 1172 2097 locis
1190 2062 1301 2109 ipsum
1322 2061 1433 2096 Deum
1450 2065 1578 2096 vocant
1598 2065 1765 2104 mentem;

287 2115 326 2145 et
352 2114 555 2156 praeterea,
579 2122 704 2153 unum,
729 2121 810 2153 ens,
836 2113 1001 2152 mentem,
1025 2109 1258 2152 voluntatem,
1281 2109 1373 2143 inter
1402 2108 1519 2143 divina
1547 2107 1682 2142 nomina
1711 2107 1764 2142 lo-

287 2168 364 2192 cum
386 2157 513 2192 habere
531 2156 730 2199 didicimus,
753 2156 898 2201 agedum
916 2156 1165 2202 perpendamus
1177 2182 1186 2199 ,
1210 2155 1294 2202 quid
1310 2155 1355 2191 de
1371 2155 1427 2190 his
1449 2166 1587 2201 quoque
1605 2166 1648 2190 ex
1678 2153 1765 2188 artis

285 2215 373 2239 suae
401 2204 598 2249 praeceptis
619 2204 793 2238 disserant
819 2203 959 2248 linguae
984 2207 1124 2238 nostrae
1149 2203 1255 2249 periti
1278 2201 1511 2237 moderatores
1535 2212 1575 2236 ac
1593 2199 1765 2246 magistri.

287 2251 388 2286 Haec
405 2249 495 2285 enim
512 2249 549 2284 in
565 2251 708 2286 eandem
725 2250 949 2284 scientificam
969 2250 1055 2285 artis
1079 2250 1274 2285 methodum
1295 2253 1332 2284 et
1350 2247 1580 2294 cognitionem
1607 2259 1670 2282 nos
1698 2247 1765 2281 du-

287 2301 389 2340 cent,
412 2307 454 2331 ac
473 2296 532 2331 illa
550 2309 639 2342 quae
656 2297 753 2344 prius
771 2296 815 2330 de
835 2297 1031 2332 substantia
1052 2300 1090 2332 et
1110 2296 1335 2342 operatione,
1359 2294 1510 2340 itemque
1533 2294 1578 2328 de
1598 2293 1764 2340 simplicis

287 2344 382 2379 illius
405 2343 619 2379 substantiae
647 2342 885 2390 singularitate
904 2348 941 2379 et
960 2343 1094 2379 unitate
1115 2343 1274 2378 diximus.
1320 2342 1446 2376 Statim
1471 2340 1583 2387 igitur
1605 2340 1764 2375 Plotinus

288 2391 414 2426 iterum
437 2389 489 2425 sic
510 2389 676 2436 loquitur.
723 2389 790 2432 „Si
815 2391 893 2437 quis
920 2390 1022 2426 huius
1050 2389 1202 2425 universi
1223 2387 1481 2434 dispositionem
1507 2387 1658 2433 appellet
1682 2398 1764 2433 proj-

287 2436 499 2479 videntiam,
526 2437 565 2472 id
583 2437 634 2472 ita
656 2436 848 2482 intelligat,
871 2440 910 2472 ut
924 2441 1005 2472 ante
1026 2438 1158 2472 hancce
1172 2447 1287 2471 rerum
1309 2434 1569 2469 universitatem
1589 2433 1765 2469 exstiterit

289 2496 406 2527 mens,
431 2495 453 2519 a
472 2495 544 2530 qua
558 2489 596 2519 et
612 2495 675 2530 per
695 2495 794 2530 quam
814 2485 880 2519 hoc
897 2483 1093 2519 universum
1111 2484 1240 2518 factum
1257 2485 1323 2517 est.
1369 2481 1492 2527 Itaque
1507 2480 1538 2515 si
1554 2484 1635 2515 ante
1652 2479 1765 2515 omnia

291 2530 429 2566 exstitit
447 2542 555 2574 mens,
573 2542 664 2577 quae
682 2536 736 2565 est
754 2531 902 2566 omnium
922 2530 1139 2577 principium,
1155 2541 1239 2564 sane
1256 2528 1368 2564 omnia
1386 2539 1454 2563 non
1467 2533 1570 2563 erunt
1583 2524 1762 2562 fortuita.''

291 2578 343 2612 Et
362 2589 484 2613 rursus
503 2578 589 2613 haec
605 2577 702 2612 dicit.
748 2577 927 2623 „Simplex
944 2583 999 2613 est
1014 2576 1137 2612 mentis
1164 2588 1227 2611 seu
1244 2574 1439 2610 intellectus
1464 2574 1677 2616 substantia,
1700 2583 1765 2607 nec

293 2624 388 2659 aliud
407 2629 462 2659 est
479 2623 690 2666 intellectio,
714 2627 751 2658 et
772 2624 866 2658 alind
885 2625 1091 2660 intellectus.
1139 2621 1211 2663 Qui
1234 2621 1322 2657 enim
1341 2621 1444 2657 aliter
1466 2620 1672 2666 loquuntur,
1695 2617 1764 2665 ipsi

293 2671 508 2706 substantiae
531 2671 662 2707 addunt
681 2670 876 2716 quidpiam,
900 2671 991 2707 sicut
1009 2670 1117 2705 oculis
1135 2668 1314 2704 visionem.
1359 2668 1457 2703 Haeo
1476 2667 1586 2713 igitur
1605 2666 1765 2701 omitten-

294 2716 343 2752 da
363 2720 418 2752 est
434 2717 564 2753 additio
590 2717 627 2752 in
651 2716 797 2763 simplici
821 2723 965 2760 natura,
988 2729 1080 2763 quae
1102 2715 1242 2751 aliunde
1266 2715 1358 2750 nulla
1375 2726 1442 2760 ope
1458 2713 1603 2758 indiget.
1651 2711 1764 2753 Quid-
1789 2710 1794 2716 ’

294 2763 380 2809 quid
405 2765 495 2800 enim
517 2763 716 2806 addideris,
739 2764 804 2798 hoc
823 2764 878 2798 sui
902 2764 1134 2799 additamento
1158 2766 1315 2797 naturam
1334 2761 1463 2796 nullius
1486 2759 1637 2805 indigam
1656 2756 1766 2793 immi-

292 2809 411 2845 nuet.'’
455 2812 611 2858 Cumque
635 2810 702 2846 hac
725 2821 764 2845 re
789 2810 1028 2857 super-'multis
1054 2810 1090 2844 in
1111 2808 1196 2844 locis
1222 2809 1329 2843 multa
1346 2805 1568 2843 disseruisset
1593 2805 1765 2846 Plotinus,

294 2856 473 2905 subiungit
489 2857 647 2896 Platonis
668 2856 899 2894 testimonium
910 2882 922 2902 ,
945 2857 1006 2905 qui
1025 2858 1115 2894 hanc
1129 2855 1332 2893 sententiam
1347 2866 1409 2893 suo
1425 2852 1558 2894 calculo
1579 2852 1767 2893 confirmet,
