1794 3172
348 181 665 229 HISTORIAE
687 181 1063 229 BYZANTINAE
1092 181 1253 228 XVIII.
1271 190 1309 231 1.
1447 176 1548 228 873

72 297 179 339 θεοῦ
213 293 432 351 ἓκκλησίας
461 293 675 351 κιγκλίδων
704 289 887 336 ἐλαύνειν
905 290 1002 349 ἤθει
1020 289 1218 352 τοιούτῳ,
1260 287 1411 349 ἣκιστά
1436 309 1550 343 τινος
1547 290 1613 379 1:2¹3
1625 291 1669 369 (io
1679 287 1770 369 ἒξ

73 365 243 422 φειδοῦς
271 361 300 420 ἢ
332 360 540 414 κολάσεως
565 359 862 418 μεσιτευούσης
894 363 962 405 καὶ
980 358 1242 420 ὗφαιροῦσης
1258 361 1337 418 τὴν
1355 366 1433 405 τοῦ
1443 361 1547 420 κρά-
1586 381 1725 419 tacuz.4

71 449 175 484 τους
197 432 410 490 ἀσέλγειαν
424 445 435 457 ·
463 430 564 475 ἀλλ’
599 433 759 486 ἰατροῖς
776 434 936 486 μᾶλλον
953 431 1167 487 γίγνεσθαι
1189 428 1299 474 πάνυ
1317 429 1551 489 προθύμως

72 503 142 544 καὶ
174 500 264 557 ἅμα
299 505 522 552 κολασταῖς
546 504 632 544 τῶν
659 500 858 555 ἀθέσμων
886 497 1027 544 σάλων
1058 502 1126 543 καὶ
1156 500 1387 558 έκτροπῶν,
1437 501 1479 544 εἶ’
1504 519 1547 558 γε
1571 509 1613 544 Ρ.
1632 507 1701 546 549

45 571 347 626 5βουλομένοις
367 570 546 625 εὐσεβεῖν
565 570 639 626 εἴη.
678 569 726 613 τὸ
745 571 820 624 μὲν
838 568 917 626 γὰρ
939 569 1053 621 ἄξιον
1082 567 1254 626 θρήνων
1280 574 1453 627 μακρῶν
1481 572 1551 614 καὶ

71 641 116 690 ές
144 640 194 682 τὸ
219 641 371 695 μέλλον
401 637 570 695 μνήμης
599 640 644 682 ἔκ
670 643 754 682 τῶν
789 637 997 695 ὀψιγόνων
1027 638 1132 695 πρὸς
1160 637 1387 695 ἀπέχθειάν
1414 657 1458 683 τε
1482 642 1551 683 καὶ

69 707 194 766 ὕβριν
224 706 530 766 ἀνατρεχοῦσης
557 706 786 766 ὁλοσχερῶς
820 708 904 767 (ἐῶ
922 707 1000 765 γὰρ
1023 705 1080 758 ὥς
1100 709 1354 765 ἐγνωσμένης
1372 707 1454 765 ἤδη
1474 726 1571 764 με·-

69 782 260 834 μνῆσθαι
292 783 368 834 τῆς
401 778 536 821 ἀϊδίου
569 778 724 836 φλογὸς
749 779 926 833 ἐκείνης,
958 777 986 833 ἢ
1012 784 1100 828 τοῖς
1118 777 1229 821 οὕτω
1248 780 1411 832 βιοῦσιν
1431 778 1551 834 ἧπεί-

72 846 214 905 ληται)
229 861 240 872 ·
269 847 319 891 τὸ
345 849 370 890 δ
378 847 391 863 ²
412 845 626 903 ὖμνούσας
644 845 836 904 γλώσσας
854 846 1022 890 ἀπαιτεῖ
1033 851 1118 890 τῶν
1136 864 1180 890 τε
1202 851 1276 890 νῦν
1299 847 1431 891 ὄντων
1464 852 1550 891 τῶν

12 926 114 962 1οτε
153 917 434 974 γενησομένων
467 914 703 974 ἀνθρώπων
732 916 911 971 εὐσεβῶν
950 918 1018 959 καὶ
1049 915 1136 970 ἅμα
1167 921 1306 973 ψυχῆς
1338 914 1549 974 ἀκήρατον

69 985 330 1043 εὐφροσύνην
337 1019 352 1039 ,
387 985 440 1042 ἢν
468 986 529 1042 μὴ
550 990 794 1030 τελευτῶσιν
811 988 956 1029 αι’ῶσιν
975 983 1177 1040 ἀκούομεν
1196 985 1587 1042 ἇπονενεμῆσθαι.Β

860 1056 873 1072 ἲ
927 1056 937 1071 ἱ
988 1054 1000 1071 ἱ

69 1053 161 1115 (ς’.)
177 1054 301 1099 Οὕτω
321 1056 458 1099 τοίνυν
474 1053 593 1111 ἡμῶν
613 1055 831 1112 ἀπογνοὺς,
853 1073 936 1098 επει
956 1073 1029 1098 τον
1047 1054 1128 1111 ἤδη
1149 1054 1334 1114 ῥηθέντα
1349 1057 1394 1107 ἐξ
1403 1054 1549 1099 Ἄθω-

67 1142 141 1176 νος
172 1124 298 1182 ὅρους
326 1124 482 1181 ἥκοντα
502 1124 584 1181 ἤδη
604 1125 821 1178 τεθέαται,
850 1123 980 1175 εὐθὺς
1000 1126 1068 1168 καὶ
1086 1124 1147 1181 μὴ
1167 1123 1277 1168 πάνυ
1297 1143 1361 1169 τοι
1380 1123 1549 1183 σφόδρα

66 1194 430 1251 προθυμουμένων
455 1198 539 1238 τῶν
574 1192 806 1238 ἐπισκόπων
835 1198 912 1251 τῆς
934 1194 1036 1245 τέως
1068 1195 1302 1251 σωζομένης
1332 1196 1548 1253 ἐπαρχίας,

11 1272 58 1309 15
68 1265 126 1314 εἰς
154 1262 414 1321 πατριάρχην
442 1262 745 1321 προβάλλεται,
790 1263 849 1307 δι’
885 1263 1006 1307 οὐδέν
1036 1264 1172 1322 ἕτερον
1200 1262 1444 1316 έπισπεύσας
1470 1265 1547 1321 τὴν

67 1333 199 1376 αὐτοῦ
230 1333 466 1391 προβολὴν,
500 1332 528 1389 ἢ
560 1332 623 1376 ὅτι
649 1333 753 1391 πρὸς
780 1333 960 1390 διωγμὸν
990 1332 1139 1391 ἄριστα
1168 1331 1191 1377 ὅ
1221 1334 1327 1392 ἀνὴρ
1359 1332 1550 1393 ἐπεφύκει

67 1404 136 1445 καὶ
169 1402 346 1461 ὄργανον
367 1398 419 1459 ἦν
451 1402 556 1460 πρὸς
578 1405 778 1459 τιμωρίας
803 1401 1115 1460 ἅπανθρώπους
1138 1405 1206 1446 καὶ
1223 1402 1448 1461 θηριώδεις
1469 1405 1587 1460 δη-(Ξ

65 1473 225 1527 μοσίων
244 1470 439 1516 ἁπάντων
456 1471 850 1533 ἀπανθρωπότερον.
871 1471 1009 1528 πάσης
1030 1472 1108 1529 γὰρ
1124 1471 1181 1516 ὢν
1202 1474 1391 1523 παιδείας
1403 1471 1547 1524 ἀξύνε-

69 1557 144 1592 τος
179 1539 296 1597 μάλα
333 1559 399 1585 τοι
437 1540 580 1599 ἐχώρει
616 1542 721 1599 πρὸς
746 1542 795 1585 τὸ
831 1540 1016 1594 κολάζειν
1043 1543 1111 1584 καὶ
1147 1539 1326 1596 ὑβρίζειν
1357 1541 1549 1597 ἀσὲμνως

8 1612 137 1655 zona}
161 1609 265 1668 πρός
280 1628 325 1667 γε
342 1610 400 1654 ἔτι
416 1613 519 1667 χειρὶ
542 1612 609 1653 καὶ
629 1611 835 1671 βακτηρίᾳ
855 1608 1069 1666 πλήττειν,
1106 1609 1264 1670 ἇσχέτῳ
1294 1615 1444 1670 θυμῷ,
1477 1612 1547 1653 καὶ
1595 1632 1605 1641 «

66 1677 205 1736 λόγοις
245 1681 432 1736 αἰσχροῖς
480 1681 550 1722 καὶ
580 1678 746 1737 σφόδρα
780 1677 988 1739 ἀπᾴδουσι
1024 1673 1059 1739 ᾧ
1096 1679 1314 1736 περιέκειτο
1346 1677 1543 1736 σχήματι,

68 1751 137 1792 καὶ
161 1742 322 1799 οὗτινος
347 1747 470 1805 ἥδετο
491 1747 591 1792 εἶναι
609 1747 812 1807 τρόφιμος
837 1748 983 1804 ὅρους,
1026 1750 1094 1791 καὶ
1126 1743 1293 1804 ἧστινος
1321 1766 1547 1803 πνευματι-

67 1822 143 1875 κῆς
159 1819 379 1869 πολιτείας.
418 1817 468 1862 οὗ
488 1817 618 1875 μόνον
643 1819 711 1873 δὲ,
747 1818 853 1862 ἀλλὰ
881 1820 951 1862 καὶ
970 1816 1044 1870 οὓς
1064 1816 1226 1872 ἐκόλαζε
1244 1820 1313 1862 καὶ
1334 1817 1407 1870 οὓς
1423 1819 1544 1862 ἐδίω-

68 1951 233 1987 cancellis
256 1951 325 1988 isto
352 1965 447 1990 more
474 1952 679 1997 excludere,
701 1956 742 1989 ut
759 1965 825 1989 nec
846 1951 1036 1990 moderatio
1054 1951 1143 1996 ulla,
1168 1964 1232 1989 nec
1252 1951 1415 1990 examinis
1440 1951 1552 1988 inter-

65 2000 175 2045 positi
204 2000 373 2036 severitas
402 2006 609 2047 potestatem
636 2001 836 2036 insolentem
863 2003 1051 2036 metceret.
1107 2001 1267 2043 Quinimo
1291 2005 1453 2046 oportere
1475 2009 1551 2043 eos,

66 2046 99 2079 si
120 2045 276 2090 religiosi
292 2054 420 2090 essent,
443 2047 594 2083 medicos
611 2052 648 2083 et
666 2048 898 2093 castigatores
917 2047 1188 2094 promptissimos
1208 2046 1379 2082 exsistere
1396 2057 1551 2081 errorum

64 2103 111 2127 ac
129 2092 414 2137 depravationum
435 2094 544 2129 sacris
561 2095 699 2140 legibus
727 2096 991 2129 contrariarum.
1036 2095 1128 2130 Nam
1155 2094 1239 2129 illud
1267 2093 1407 2139 quidem
1431 2092 1554 2138 deplo-

65 2138 230 2181 randum,
263 2141 491 2185 memoriaque
512 2142 606 2186 apud
633 2144 790 2186 posteros
816 2141 1029 2178 odiosissima
1056 2152 1098 2175 ac
1125 2140 1384 2187 probrosissima
1412 2139 1551 2184 dignum

65 2190 124 2219 est
153 2185 212 2229 (ut
236 2185 353 2221 sileam
381 2187 535 2221 flammas
562 2187 807 2233 sempiternas,
841 2200 927 2234 quas
959 2188 1022 2229 iis,
1047 2187 1109 2234 qui
1129 2187 1180 2222 sic
1199 2186 1322 2221 vivunt
1340 2185 1546 2225 destinatas,

65 2231 225 2275 cogitare
239 2231 322 2267 licet
339 2238 379 2267 ut
398 2234 466 2268 iam
482 2234 679 2278 decretas„
697 2235 762 2268 hoc
780 2245 864 2269 vero
881 2234 1017 2269 laudem
1035 2239 1072 2268 et
1090 2232 1412 2269 commendationem
1432 2230 1547 2274 exigit

64 2278 112 2312 ab
128 2278 318 2313 hominibus
344 2279 429 2325 piis,
453 2280 620 2326 quinum:
642 2280 788 2322 vivunt,
823 2281 928 2326 quive
947 2292 1096 2327 unquam
1129 2279 1256 2315 victuri
1282 2284 1381 2320 sunt3
1414 2282 1450 2312 et
1473 2277 1546 2311 sin-

65 2335 180 2358 ceram
210 2330 362 2360 meretur
384 2327 488 2360 animi
516 2327 744 2372 voluptatem,
780 2327 916 2372 qualem
942 2339 1028 2362 aevo
1056 2325 1236 2361 immortali
1254 2325 1443 2372 repositam
1468 2334 1545 2357 esse

65 2369 246 2405 credimus.
292 2372 395 2417 (Vl.)
418 2373 480 2406 Sic
498 2373 556 2408 ille
573 2384 734 2407 successu
754 2373 938 2420 desperato
957 2385 979 2408 a
997 2374 1096 2408 nobis
1112 2371 1283 2408 discessit.
1327 2369 1461 2405 Deinde
1479 2369 1545 2404 ho·

64 2416 187 2450 minem
209 2428 316 2463 supra
332 2424 571 2462 memoratum,
603 2419 662 2464 qui
678 2420 744 2454 iam
765 2430 809 2453 ex
833 2421 924 2454 Atho
941 2423 1056 2455 monte
1074 2419 1285 2461 advenerat,
1310 2416 1543 2462 conspicatae,
1617 2429 1621 2432 ·

64 2462 247 2497 confestim
271 2475 336 2499 nec
361 2465 541 2500 admodum
568 2466 788 2511 cupientibus
805 2466 978 2512 episcopis
998 2466 1072 2501 eius
1094 2464 1314 2511 provinciae,
1348 2474 1437 2508 quae
1459 2467 1543 2494 tunc

64 2508 165 2543 salva
191 2511 370 2553 restabat,
393 2512 624 2557 patriarcham
644 2513 837 2557 eligendum
855 2512 1027 2558 proponit.
1072 2513 1162 2547 Eum
1183 2522 1267 2545 vero
1285 2521 1352 2544 non
1376 2508 1477 2542 aliam
1497 2506 1543 2561 ψ

64 2565 205 2589 causam
221 2566 425 2601 promovere
442 2559 643 2601 festinavit,
668 2560 735 2593 nisi
753 2559 835 2604 quia
855 2559 900 2593 ad
918 2558 1142 2595 exercendam
1161 2556 1432 2608 persecutionem
1451 2558 1545 2599 opta-

62 2612 118 2635 me
135 2612 156 2634 a
173 2608 299 2638 natura
325 2611 543 2649 comparatus
570 2605 627 2639 vir
654 2605 714 2640 ille
739 2617 924 2650 poenarum
946 2606 1115 2640 atrocium
1141 2609 1178 2639 et
1203 2602 1395 2637 immanium
1413 2606 1546 2634 instru-

61 2652 211 2681 mentum
241 2653 319 2683 erat
344 2651 499 2695 quolibet
520 2651 682 2687 carnifice
701 2651 926 2686 inhumanius.
974 2652 1117 2698 Quippe
1135 2649 1244 2685 omnis
1263 2645 1464 2682 eruditionis
1482 2656 1546 2679 ex-

62 2704 167 2739 pete,
191 2695 476 2740 propensissimi:
492 2703 570 2732 erat
594 2698 639 2732 ad
657 2698 826 2744 supplicia
849 2698 1064 2733 decernenda
1094 2701 1131 2732 et
1154 2696 1197 2730 ad
1224 2693 1383 2729 iniuriam
1414 2692 1546 2746 absque

62 2740 275 2775 verecundia
291 2741 521 2787 inferendam3
554 2744 636 2779 item
660 2745 705 2779 ad
732 2744 923 2779 feriendum
941 2756 1044 2779 manu
1064 2747 1101 2779 et
1119 2741 1261 2784 baculo,
1285 2738 1464 2774 irammha
1490 2737 1547 2771 ef-

61 2785 197 2829 fraeni,
230 2789 442 2824 sermonibus
468 2790 582 2826 foedis
614 2796 651 2826 et
678 2790 814 2825 minime
841 2790 1124 2826 convenientibus
1150 2789 1226 2822 sive
1256 2785 1408 2839 habitui3
1441 2792 1545 2830 quem

61 2831 242 2875 induerat,
277 2833 354 2870 sive
374 2836 480 2870 monti
507 2841 545 2871 et
564 2837 725 2871 instituto
744 2837 930 2882 religioso,
955 2837 1053 2871 cuius
1070 2847 1108 2870 se
1128 2834 1295 2869 alumnum
1319 2830 1546 2885 glfflffbflmr:

62 2877 224 2920 Quinimo
246 2880 400 2917 homines
417 2882 516 2928 pios,
539 2895 628 2930 quos
649 2883 837 2919 mulctabat
855 2888 894 2920 et
906 2883 1201 2931 persequebatur.
1226 2889 1370 2924 quorun
1389 2885 1545 2912 flueren

153 2937 372 2995 ινα-«ἕρπων.
390 2941 539 2988 Gregor.
575 2942 650 2979 701.
675 2942 725 2977 11.
1210 2929 1267 2971 56
