1794 3172
333 161 649 236 HISTORIAE
675 158 1050 205 BYZANTINAE
1077 156 1197 203 XIII.
1218 162 1256 204 1.
1433 150 1532 198 631

52 270 173 307 urbem
194 269 232 305 oi
253 268 527 316 expugnandam
549 270 677 303 censet.
716 265 991 307 Cantacuzenus,
1020 262 1235 298 Demetrium
1262 260 1456 307 Martyrem
1478 272 1537 296 re-

53 319 196 359 veritus,
218 317 353 351 mavult
374 316 584 350 deditionem
609 318 818 359 exspectare.
852 313 976 346 Soluta
992 310 1180 352 obsidione,
1202 309 1332 345 milites
1349 308 1538 343 Amuriani

52 365 120 400 alii
141 365 279 399 domam
300 363 459 406 redeunt,
483 362 548 396 alii
564 373 642 396 cum
665 361 752 395 duce
771 359 1052 394 commentam
1067 361 1267 402 sequuntur.
1302 356 1412 399 Quem
1427 357 1538 390 Amu-

51 412 127 446 rius
152 412 287 456 partim
317 410 392 444 ioco
419 409 554 455 partim
576 409 666 443 serio
695 406 929 452 reprehendit.
987 405 1137 449 Uterque
1157 404 1284 438 iunctis
1306 404 1413 448 copiis
1434 403 1539 436 urbes

56 458 229 493 Thraciae
251 458 476 492 sollicitatum
495 460 578 490 eunt
600 455 698 500 (10).
745 454 924 499 Gregoras
943 463 1012 485 non
1034 451 1224 496 simplicem
1245 450 1427 485 historiam
1450 449 1539 483 scri-

52 504 114 540 bit.
163 504 235 539 Res
256 509 327 539 toto
349 504 431 538 orbe
457 507 583 549 gestae
610 505 782 547 quatenus
804 499 853 534 ad
874 498 1093 543 Byzantinus
1110 498 1324 543 pertineant.
1370 495 1538 541 Byzantii

50 552 148 586 urbis
169 551 361 586 celebritas.
408 551 464 584 De
488 549 621 584 Basilio
650 547 877 593 Trapeztmtis
899 546 1123 590 imperatore.
1178 545 1224 579 Ut
1246 544 1349 579 huius
1371 554 1458 578 uxor
1479 543 1538 577 vi-

50 599 125 633 dua
153 598 313 644 pellicem
342 597 552 642 Byzantium
580 594 807 642 relegaverit.
859 593 906 627 Ut
926 603 1053 626 novum
1082 591 1149 626 sibi
1171 591 1354 637 coniugem
1377 602 1402 624 a
1427 594 1537 635 patre

53 646 253 679 Andronico
273 644 408 678 iuniore
428 643 582 688 petierit.
637 640 844 688 Legationis
876 651 1006 674 morae.
1053 640 1193 674 Mortuo
1221 639 1314 673 inter
1342 638 1429 672 haec
1461 637 1539 670 An-

51 692 214 733 dronico,
248 691 511 725 Cantacuzenus
539 689 695 724 mulieris
722 688 902 733 postulata
924 687 1091 732 neglexit.
1140 686 1316 720 Familiae
1340 685 1538 719 Comnenae

50 739 107 773 ius
125 738 351 784 praecipuum
384 737 479 782 apud
505 735 767 781 Trapezuntios.
815 734 871 768 Ad
892 745 950 767 eos
971 733 1144 779 regendos
1166 733 1319 766 Michae'l
1344 733 1538 766 Comnenus

52 785 222 830 Byzantio
244 785 406 819 mittitur.
454 785 638 818 Senatores
662 780 913 826 Trapezuntini
934 791 1103 815 summam
1124 791 1241 814 rerum
1269 778 1335 812 sibi
1356 778 1539 812 vindicant

49 843 141 867 vano
161 835 358 877 praetextu.
404 830 654 865 Aduenientem
678 829 886 863 commum
914 827 1098 872 honorifice
1121 826 1303 871 excipiunt.
1351 825 1433 860 Mox
1453 835 1538 869 pro-

50 881 108 913 cul
131 883 349 923 exportatum
370 878 408 912 in
431 877 623 912 custodiam
645 875 837 911 includunt.
885 874 1014 918 Populo
1036 885 1106 907 non
1126 874 1318 918 probante,
1347 871 1539 916 rempubli-

50 937 130 960 cam
152 925 414 959 administrant.
463 923 645 965 Schlarii,
669 923 806 956 illorum
830 922 989 955 manibus
1011 920 1142 966 elapsi,
1173 920 1320 954 redeunt
1343 930 1420 953 cum
1445 918 1536 951 ado-

51 974 200 1007 lescente
230 972 412 1007 manuelis
431 972 524 1015 filio.
584 971 838 1014 Trapezuntem
870 968 1053 1002 invadunt.
1108 966 1339 1001 Adversarios
1370 965 1535 1010 puniunt.

53 1020 218 1064 Princeps
255 1019 370 1054 iunior
402 1019 440 1053 in
472 1019 590 1053 lua-um
622 1018 750 1062 effusus
780 1015 975 1050 Scholarios
1004 1015 1199 1049 contemnit.
1248 1013 1301 1047 Hi
1326 1012 1536 1046 Michae‘lem

51 1077 191 1101 carcere
215 1065 376 1100 eductum
398 1065 435 1099 ia
457 1066 541 1099 solio
561 1064 741 1099 collocant.
786 1062 994 1097 Adolescens
1016 1062 1053 1095 in
1068 1061 1261 1096 custodiam
1277 1060 1393 1094 datur.
1425 1058 1535 1092 Scho-

51 1114 221 1148 lariorum
246 1124 324 1147 cum
348 1112 519 1147 Michaile
546 1111 738 1157 pactiones.
791 1109 987 1144 Eonmdem
1012 1109 1203 1143 auctoritas
1224 1107 1401 1141 maxima.-
1430 1106 1534 1150 prin-

50 1161 138 1206 cipis
160 1160 271 1194 nulla.
321 1161 433 1204 Quam
455 1164 576 1194 tamen
599 1158 777 1204 integram
797 1161 919 1201 postea
940 1160 1123 1201 recuperat
1145 1154 1243 1200 (11).
1287 1153 1356 1188 Rei
1370 1155 1536 1197 frumen·-

50 1208 168 1243 tariac
190 1206 312 1252 inopia
328 1207 538 1251 Byzantium
560 1205 722 1250 aliaeque
745 1203 847 1237 urbes
869 1203 1043 1238 laborant.
1075 1203 1164 1236 Eius
1180 1201 1268 1236 mali
1283 1211 1412 1235 causae
1428 1200 1534 1235 duae.

49 1255 105 1289 De
129 1254 254 1299 Cepha
277 1253 510 1289 Genuensium
532 1252 678 1287 colonia.
722 1250 847 1285 Latini
868 1250 1073 1284 mercaturis
1089 1249 1219 1291 dediti,
1235 1248 1445 1294 praesertim
1463 1247 1534 1280 Ge-

47 1312 205 1336 nuenses.
255 1301 303 1336 Ut
319 1301 471 1336 colonias
493 1299 532 1334 in
553 1299 623 1333 oris
643 1297 830 1332 maritimis
851 1298 1055 1332 constituere
1077 1297 1224 1332 soleant.
1274 1295 1418 1339 caphae
1436 1293 1535 1328 urbis

45 1359 163 1429 pprva
185 1347 301 1383 initia.
349 1348 515 1429 Eiasdem
536 1346 750 1380 incrementa
765 1345 947 1426 lgtdivirest.
990 1343 1238 1434 'qulumsicffi
1250 1342 1442 1397 incolarum
1465 1343 1533 1385 fa-

47 1406 133 1430 sus.
179 1395 342 1440 Scytbam
370 1406 384 1429 ι
432 1404 578 1440 :genam
606 1404 697 1427 mnus
734 1403 764 1438 g
840 1403 860 1425 o
893 1403 929 1426 m
947 1402 1073 1426 mma.
1241 1400 1341 1423 arum
1370 1397 1534 1434 princeps

46 1442 223 1477 irascitur.
271 1441 417 1476 Latinos
445 1442 541 1476 iubet
568 1451 635 1475 sua
665 1438 750 1474 urbe
772 1438 947 1474 excedere.
995 1438 1220 1473 contumaces
1245 1436 1391 1471 obsidet.
1440 1435 1532 1469 Con-

46 1490 216 1525 temnitur
237 1489 283 1523 ab
298 1488 460 1531 obsessis,
484 1493 519 1523 et
536 1487 647 1522 variis
668 1486 825 1521 cladibus
846 1485 1011 1530 afficitur.
1059 1485 1241 1519 Romanae
1256 1483 1357 1517 urbes
1378 1482 1532 1524 interim,

47 1536 160 1570 solitis
189 1537 434 1571 commeatibus
462 1535 692 1579 interclusae,
723 1533 869 1567 advecto
893 1544 935 1566 ea·
956 1532 1044 1567 Asia
1065 1534 1247 1576 frumento
1278 1533 1531 1564 sustentantur.

49 1583 277 1628 Trapezunta
300 1583 338 1617 in
363 1583 507 1617 Latinos
528 1582 666 1616 accolas
687 1580 847 1614 saeviunt
869 1578 964 1624 (12).
1011 1579 1114 1614 Bella
1137 1583 1172 1613 et
1193 1577 1311 1612 civiles
1332 1581 1446 1610 motus
1463 1584 1531 1620 per

46 1635 158 1665 totum
174 1632 256 1674 sere
277 1630 404 1664 orbem.
452 1629 604 1663 Divinae
633 1626 874 1672 providentiae
904 1626 1058 1660 consilia.
1113 1625 1261 1671 spinula
1293 1627 1328 1657 et
1356 1622 1530 1657 Sertorius

50 1677 176 1711 Genua
199 1676 323 1711 exacti.
370 1676 483 1710 Duces
514 1687 556 1710 ex
582 1675 683 1719 plebe
711 1673 833 1707 creati.
887 1673 1042 1717 Aegypti
1071 1672 1254 1717 imperium
1285 1670 1454 1710 dicisum,
1492 1671 1529 1702 et

46 1724 219 1766 fraternis
241 1723 422 1758 discordiis
443 1723 677 1757 debilitatum.
728 1719 850 1754 Mauri
877 1719 915 1753 in
938 1719 1151 1764 Hispaniam
1180 1719 1391 1762 irrumpunt.
1438 1715 1527 1749 Bri-

47 1771 151 1805 tanni
172 1771 210 1804 in
237 1770 403 1806 Galliam,
450 1770 558 1804 Asiae
571 1767 756 1813 principes,
781 1778 823 1801 ez·
844 1766 982 1810 Scythis
1003 1766 1152 1807 oriundi,
1175 1766 1268 1799 inter
1289 1775 1327 1798 se
1346 1762 1528 1809 praelian-

46 1822 118 1853 tur.
163 1817 288 1852 Iaatini
300 1817 483 1861 foederati
503 1817 542 1851 in
559 1815 731 1860 piraticas
755 1813 940 1848 Persarum
961 1824 1070 1848 naves
1091 1814 1238 1847 classem
1266 1815 1419 1845 armant.
1467 1808 1528 1843 Ad

47 1866 316 1909 Smyrnaeorum
344 1868 484 1910 portum
506 1862 698 1909 appellunt.
742 1861 868 1895 Arcem
890 1860 1046 1907 capiunt.
1093 1860 1277 1896 Minimum
1300 1858 1426 1894 deinde
1445 1867 1529 1903 pro-

45 1917 183 1948 movent
201 1910 300 1958 (13).

149 2087 204 2136 α’.
240 2063 488 2150 Λήγοντος
506 2088 553 2133 δ’
583 2087 666 2146 ἤδη
691 2092 769 2133 vd&
787 2087 930 2148 ἔἀρος,
967 2087 1074 2147 ἄρας
1093 2085 1115 2132 ὅ
1136 2085 1332 2144 βασιλεὺς
1349 2087 1524 2130 Karra-
1547 2081 1755 2166 Afnlg‘ffim'

45 2160 241 2218 κουζηνὸς
260 2161 305 2204 ἐκ
332 2165 417 2205 τῶν
441 2163 518 2204 τοῦ
544 2159 710 2203 Νέστου
741 2163 933 2215 ποταμοῦ
962 2159 1168 2214 ἐκβολῶν,
1205 2157 1284 2210 κάξ
1301 2153 1523 2212 εὐωνύμων
1545 2178 1634 2210 ΑΛ),
1654 2173 1747 2214 1342

45 2229 165 2289 ἀφεὶς
182 2230 282 2283 τοὺς
300 2230 354 2275 τὰ
371 2229 495 2274 στενοὶ
515 2233 590 2286 τῆς
608 2227 957 2287 Χριστουπόλεως
983 2225 1413 2287 παραφυλάττοντας,
1452 2225 1664 2303 διάῐωῧεῐοῖ·
1678 2224 1747 2305 fa·

44 2304 122 2356 τῆς
143 2299 276 2360 ἄκρας
294 2305 371 2345 τοῦ
392 2299 518 2358 ὅρους
539 2299 616 2351 τὰς
641 2300 791 2350 οἰκείας
809 2300 1018 2354 διεβίβασε
1036 2296 1249 2354 δυνάμεις·
1283 2295 1523 2355 μακροτέρα
1531 2315 1572 2350 Ρ,
1585 2316 1655 2351 392

14 2370 120 2425 5μὲν
139 2371 207 2414 καὶ
234 2368 413 2430 {mutiny
438 2367 701 2427 χρησάμενος
721 2373 775 2427 τῇ
798 2370 944 2430 πορείᾳ
981 2368 1051 2412 διὰ
1079 2368 1157 2419 τὰς
1185 2367 1418 2424 δυσχωρίας
1437 2363 1577 2408 τῶνν·
1595 2362 1665 2398 318

43 2456 87 2483 τε
105 2444 266 2499 πετρῶν
283 2442 353 2484 καὶ
368 2438 592 2499 φαράγγων
627 2440 696 2483 καὶ
722 2443 806 2482 τῶν
834 2439 879 2482 ἐκ
907 2443 983 2496 τῆς
1000 2435 1159 2494 λόχμης
1174 2438 1326 2492 ἐκείνης
1344 2436 1526 2493 δένδρων

43 2510 112 2552 καὶ
141 2509 363 2555 ἀκανθῶν·
398 2511 608 2566 διεβίβασε
640 2507 685 2552 δ’
717 2503 792 2553 οὖν
808 2541 824 2563 ,
869 2510 939 2552 καὶ
975 2506 1399 2566 κατεστρατοπέδευσε
1430 2504 1527 2562 περί
1531 2504 1562 2539 B

42 2641 78 2677 1.
98 2619 280 2680 Exeunte
298 2655 401 2699 pyrro
417 2643 486 2679 inm
502 2654 600 2687 vere,
624 2643 889 2680 Cantncuzenus
897 2643 1096 2690 imperator,
1120 2642 1166 2677 ab
1182 2639 1288 2676 Nati
1309 2638 1407 2674 fluvii
1424 2637 1524 2672 ostiis

42 2691 237 2737 profectus,
264 2691 465 2737 relictisque
486 2690 531 2726 ad
555 2691 687 2726 laevam
713 2691 757 2726 iis
783 2691 843 2737 qui
862 2689 1175 2736 christopolitanas
1203 2687 1323 2722 fauces
1346 2685 1527 2719 custodie-

42 2739 139 2778 bant,
162 2749 244 2772 suns
262 2737 380 2783 copias
399 2749 464 2784 per
472 2737 583 2783 ipsum
598 2737 765 2773 verticem
783 2737 908 2772 montis
924 2735 1136 2772 transmisit:
1159 2733 1310 2779 longiori
1325 2731 1463 2778 quidem
1479 2742 1523 2765 ac

42 2784 182 2819 difficili
205 2795 285 2819 usus
307 2784 435 2820 itinere
458 2789 600 2830 propter
630 2784 846 2830 iniquitatem
868 2784 1040 2825 locorum,
1063 2793 1153 2828 quae
1179 2784 1215 2815 et
1233 2779 1327 2815 saxis
1345 2789 1471 2824 aspera
1488 2780 1526 2812 et

41 2831 249 2877 confragosa
276 2835 377 2866 erant
398 2835 436 2866 et
462 2830 668 2865 imminentis
694 2831 804 2866 silvae
829 2830 1011 2866 arboribus
1030 2828 1211 2874 dumisque
1231 2825 1524 2865 obstruebantur3

39 2877 232 2913 transmisit
254 2880 390 2919 tamen,
421 2881 460 2912 et.
484 2882 748 2913 castrametatus
776 2882 831 2912 est
854 2877 950 2911 circa
971 2876 1211 2921 Philipporum
1237 2872 1432 2919 planitiem,
1464 2871 1526 2905 ubi
