1794 3172
333 158 653 207 HISTORIAE
680 157 1057 204 BYZANTINAE
1093 156 1191 203 XV.
1218 162 1261 205 3.
1446 147 1546 198 753

58 269 230 331 ἀμαυρά
267 289 362 316 τινα
394 267 636 326 καμνόντων
663 268 814 314 εἴδωλα
841 267 942 313 εἶναι
957 303 969 322 ,
1004 269 1073 312 καὶ
1112 265 1336 327 πόρῥωθεν
1361 267 1543 323 μονονού
1567 272 1604 305 Α.
1620 269 1770 338 C-13)45

58 345 445 401 προαναφωνοῦντα
467 338 662 396 ἀλλήλοις
679 339 756 396 τὴν
775 338 894 382 ἕνδον
912 343 988 394 τῆς
1007 342 1151 394 ψυχῆς
1170 337 1419 396 φλεγμονὴν,
1444 321 1770 401 ὅσηνῐωῗέεῗῖἕ““

58 410 220 472 ἑκάστῳ
252 414 444 467 δαψιλῶς
470 417 662 467 χορηγεῖν
689 409 738 453 οὗ
764 406 876 466 λήγει
904 407 954 451 τὸ
979 406 1235 462 κακόδαιμον
1263 410 1431 464 νῦντῆς
1444 405 1547 451 Ῥω-

57 483 194 538 μαίων
212 479 362 537 τύχης·
398 481 700 537 παραπλησίως
717 483 802 522 τῶν
822 481 979 535 ἰατρῶν
999 478 1185 530 ἐκείνοις,
1223 475 1447 534 ἐπάγοντος
1468 481 1584 521 roz-21⁴*

30 555 167 598 53⁶0&
198 558 286 602 τοῖς
310 556 461 600 κοινοῖς
495 566 538 592 τε
566 550 635 592 καὶ
668 546 870 601 ῗδιάζουσι
894 545 1109 603 Ῥωμαίων
1133 544 1348 604 πράγμασι
1378 546 1455 604 τὴν
1478 548 1548 590 ἴα-

57 619 290 679 τρεύουσαν
319 621 460 675 δίκην,
500 619 547 663 οἳ
570 618 631 675 μὴ
658 622 711 680 τῇ
733 615 911 676 ὀξυτάτῃ
930 618 998 660 καὶ
1013 615 1309 675 ἄνυσιμωτάτῃ
1330 617 1550 674 κέχρηνται

58 691 288 751 καυτηρίᾳ,
327 687 389 733 ὅτι
403 687 462 745 μὴ
482 693 534 747 τῇ
562 688 838 747 μαλακωτέρα
865 704 910 730 τε
939 688 1007 730 καὶ
1039 686 1108 729 διὰ
1139 691 1304 743 μακροῦ
1324 686 1548 746 ποιουμένῃ

57 764 136 804 τοῦ
154 757 310 816 χρόνου
334 758 410 815 τὴν
430 758 541 802 ἴασιν
556 772 568 782 ·
595 757 616 801 ὃ
638 761 779 816 πολλῷ
800 756 852 813 δὴ
872 761 947 801 τοῦ
965 756 1169 814 προτέρου
1188 757 1306 799 δοκεῖ
1320 773 1409 807 πως
1425 756 1547 800 ἀνια-

59 828 231 888 ρότερον
243 862 258 883 ,
295 827 343 872 οὗ
363 835 531 872 συνιεῖσι
553 835 640 878 τοῖς
662 829 868 877 πλείστοις
888 826 988 878 τοὺς
1006 827 1150 877 θείους
1174 827 1243 869 καὶ
1266 825 1551 882 οἷκονομικοῦς

4 904 137 954 ιοτῆς
167 900 366 956 προνοίας
391 895 593 955 τρόπους,
634 895 759 941 ὁπότε
791 897 935 954 καιρὸν
968 896 1107 940 ἐθέλοι
1134 893 1294 939 διδόναι
1326 897 1550 951 μετανοίας

57 976 147 1019 τοῖς
173 969 227 1011 τὰ
253 969 427 1026 μέγιστα
456 964 780 1025 ἁμαρτάνουσιν.
816 963 1058 1023 ἀνθρώποις
1087 966 1162 1021 μὲν
1182 965 1261 1023 γὰρ
1281 970 1422 1024 πολλῷ
1444 966 1680 1026 ῥᾷονΡ.472

58 1038 139 1089 τὰς
157 1039 307 1089 οἰκείας
324 1039 434 1081 ἐστὶν
469 1038 710 1092 οἰκοδομίας
738 1040 978 1095 καθαιρεῖν,
1011 1035 1039 1092 ἢ
1060 1037 1225 1089 κτίζειν·
1262 1039 1351 1095 θεῷ
1373 1036 1440 1090 δὲ,
1477 1052 1549 1093 φι-

57 1105 299 1167 λανθρώπῳ
329 1124 373 1164 γε
402 1106 514 1160 ὄντι,
549 1108 748 1163 ταχίστην
778 1106 856 1161 μὲν
882 1105 960 1162 τὴν
995 1105 1219 1162 οἶκοδομὴν
1238 1107 1306 1148 καὶ
1329 1103 1546 1156 σι’·στασιν,

59 1180 128 1221 καὶ
146 1182 310 1220 θᾶττον
330 1176 354 1233 ἢ
374 1175 519 1233 λόγος,
544 1181 628 1220 τῶν
646 1176 868 1233 γινομένων
890 1180 1126 1219 ποιεῖσθαι·
1161 1174 1238 1232 τὴν
1264 1175 1313 1218 δέ
1326 1192 1370 1232 γε
1390 1176 1548 1218 καθαί-

4 1261 51 1297 15
66 1264 178 1306 ρεσιν
212 1246 283 1290 διὰ
307 1251 471 1304 μακροῦ
507 1263 551 1290 τε
572 1250 648 1290 τοῦ
674 1244 829 1303 χρόνου
856 1247 924 1289 καὶ
957 1244 1223 1303 βραδυτέραν
1246 1242 1301 1295 ὦς
1323 1244 1375 1288 τὰ
1394 1244 1546 1299 πολλὰ,

59 1319 127 1361 καὶ
146 1314 262 1372 μάλα
282 1314 427 1372 μόλις·
461 1318 681 1372 μονονουχὶ
699 1313 898 1359 δεικνύντι
921 1320 1159 1373 περιφανῶς
1166 1348 1180 1368 ,
1213 1313 1408 1373 ἑκάτερον
1428 1313 1545 1368 εἶναι,

58 1387 108 1431 τὸ
131 1387 206 1442 μὲν
230 1386 343 1446 αὐτῷ
359 1385 466 1429 κατὰ
485 1384 702 1442 βούλησιν,
722 1385 769 1429 τό
794 1386 841 1429 δὲ
872 1385 968 1428 κατ’
992 1383 1233 1443 ἀμφότερα·
1269 1382 1381 1438 τό,τ’
1415 1382 1550 1440 ἀβού-

197 1455 274 1478 ***
308 1457 376 1499 καὶ
398 1454 432 1505 ,ὃ
471 1455 576 1513 πρὸς
606 1453 837 1514 διόρθωσιν
860 1454 938 1510 ἔχει
957 1452 1180 1514 κράτιστον
1200 1451 1441 1510 σύμβουλον
1460 1453 1550 1510 ἅμα

59 1528 129 1570 καὶ
150 1524 371 1581 σύμμαχον
393 1525 466 1569 τὸν
483 1529 560 1568 τοῦ
573 1523 729 1583 χρόνου
753 1526 935 1568 δίαυλον.

3 1609 51 1642 20
163 1594 215 1653 γ’.
252 1595 389 1638 Ταῦτ’
412 1597 563 1639 ἐννοῶν
586 1597 655 1638 καὶ
688 1594 814 1645 αὐτὸς
846 1593 941 1638 οὔτε
970 1590 1222 1652 νωθρότητα
1241 1594 1333 1650 περὶ
1353 1592 1407 1636 τὰ
1428 1590 1552 1635 πολέ-
1564 1601 1602 1635 A.
1617 1600 1663 1635 M.
1679 1600 1774 1638 6854

59 1683 137 1720 μια
171 1666 239 1707 καὶ
267 1664 459 1722 ἀφέλειαν
490 1659 579 1721 περὶ
619 1664 695 1719 τὴν
728 1665 957 1707 ἐνεστῶσαν
991 1665 1231 1722 περίστασιν
1269 1662 1349 1718 ἔχω
1379 1679 1552 1719 καταγι-
1574 1647 1773 1731 Ahgffiffi

58 1460 187 1512 λητον

59 1733 231 1778 νῶσκειν
250 1739 324 1777 τοῦ
342 1733 546 1788 βασιλέως
564 1735 929 1789 Καντακουζηνοῦ,
959 1732 1053 1776 οὔτε
1075 1733 1323 1789 ζηλοτυπίαν
1341 1733 1410 1775 καὶ
1428 1729 1627 1784 κότονῐωρ.
1641 1743 1688 1775 10.
1706 1744 1774 1776 Pa-

61 1804 293 1862 ἀπὲραντον
316 1803 467 1859 ’Άννης
499 1805 742 1856 αἲτιᾶσθαι,
780 1805 848 1846 καὶ
881 1801 1196 1846 ἀκατάλλακτον
1221 1801 1405 1859 ἔχθραν·
1442 1790 1727 1868 322d3¹³⁰⁰h5

59 1873 390 1931 μυστικωτέρους
412 1873 527 1923 τινὰς
553 1877 630 1929 τῆς
657 1874 855 1931 προνοίας
887 1871 1089 1932 τρόπους·
1125 1871 1154 1929 ἢ
1176 1871 1230 1916 τὰ
1259 1869 1396 1916 πάντα
1414 1875 1685 1922 καλῶςῪ.382

155 1963 211 1997 18.
234 1960 410 1996 Nonnulla
433 1960 569 1996 desunt.
609 1961 702 1997 Vide
724 1961 852 1998 Notas.

59 2030 244 2066 simulacra
271 2031 349 2065 luce
373 2031 561 2066 carentium
589 2043 667 2066 esse
692 2030 916 2074 viderentur,
941 2042 1033 2078 quae
1055 2043 1076 2066 e
1093 2029 1285 2076 longinquo
1311 2027 1379 2064 sibi
1401 2028 1553 2064 invicem·

60 2078 159 2124 quasi
173 2077 415 2123 praedicarent
429 2077 584 2112 intimum
599 2077 702 2112 animi
718 2078 889 2120 dolorem3
913 2090 990 2113 eum
1008 2090 1143 2123 nempe,
1164 2089 1263 2123 quem
1279 2076 1466 2122 unicuique
1481 2088 1550 2111 non

59 2124 188 2159 desinit
203 2123 373 2159 cumulate
390 2125 554 2159 exhibere
573 2136 739 2171 praesens
758 2125 987 2160 Romanorum
1003 2125 1201 2159 infelicitas.
1247 2123 1418 2158 Nimirum
1434 2123 1552 2169 publi-

60 2172 112 2206 cis
129 2175 166 2205 et
184 2170 334 2217 privatis
351 2171 581 2206 Romanorum
609 2173 712 2206 rebus
733 2171 851 2206 divina
876 2172 1013 2207 iustitia
1035 2171 1086 2206 sic
1111 2171 1219 2205 ferme
1238 2171 1418 2213 medetur,
1440 2174 1480 2204 ut
1498 2169 1551 2203 illi

59 2218 210 2260 medici,
233 2217 294 2263 qui
317 2228 385 2251 non
409 2218 689 2263 praesentissimo
710 2218 1023 2264 efficacissimoque
1049 2218 1204 2253 cauterio
1224 2223 1388 2259 utuntur,
1412 2216 1474 2251 sed
1499 2216 1551 2251 le-

59 2264 172 2306 niore,
195 2268 232 2298 et
250 2264 463 2299 curationem
483 2265 519 2299 in
539 2266 674 2311 longum
692 2266 850 2300 ducturo.
888 2265 987 2300 Istud
1005 2270 1118 2299 autem
1135 2263 1240 2298 multo
1259 2275 1359 2309 quam
1376 2263 1461 2298 illud
1478 2274 1553 2297 mo-

58 2310 182 2345 lestius
208 2310 368 2352 videtur3
393 2322 460 2345 non
479 2311 756 2357 intelligentibus
784 2311 958 2359 plerisque
978 2312 1098 2347 divina
1123 2316 1160 2345 et
1184 2310 1340 2356 benigna
1356 2309 1552 2344 Providen-

59 2357 132 2392 tiae
148 2357 301 2399 consilia,
327 2358 463 2403 quando
482 2357 543 2392 illa
560 2358 756 2404 poenitendi
772 2360 922 2405 spatium
940 2359 985 2393 iis
1002 2358 1166 2404 largitur,
1190 2356 1249 2404 qui
1266 2356 1471 2402 gravissime
1488 2356 1552 2390 de-

58 2403 238 2449 liquerint.
282 2404 422 2438 Etenim
451 2404 644 2440 hominibus
672 2407 809 2450 quidem
839 2407 943 2440 multo
978 2405 1116 2440 facilius
1142 2408 1198 2439 est
1219 2403 1361 2450 propria
1389 2402 1553 2437 aedificia

60 2449 253 2493 destruere,
278 2462 378 2496 quam
393 2458 614 2486 construere=
651 2451 727 2487 Deo
746 2458 876 2495 autem,
900 2458 1022 2498 utpote
1039 2451 1270 2492 clementiori,
1294 2461 1407 2484 rerum
1427 2448 1552 2483 aedifi-

61 2496 153 2530 catio
173 2501 211 2531 et
227 2498 481 2542 coagmentatio
502 2498 683 2533 celerrime
703 2510 746 2533 ac
767 2499 861 2534 dicto
881 2499 1002 2540 citius,
1027 2498 1161 2532 eversio
1183 2497 1317 2532 nonnisi
1340 2496 1442 2540 longo
1462 2499 1554 2530 tem-

60 2554 168 2589 pore,
192 2547 230 2578 et
247 2549 287 2577 ut
310 2544 486 2589 plurimum
505 2545 646 2587 lentius,
670 2557 846 2591 aegreque
864 2545 1043 2580 admodum
1063 2544 1254 2590 perficitur.
1300 2543 1472 2577 Nimirum
1491 2541 1552 2576 ille

60 2594 192 2623 tantum
209 2597 275 2624 non
295 2597 419 2636 aperte
438 2592 602 2634 ostendit,
627 2591 770 2626 alterum
788 2592 924 2638 quidem
939 2604 978 2626 se
995 2591 1145 2634 volente,
1164 2591 1308 2626 alterum
1324 2600 1408 2623 vero
1423 2588 1552 2635 partim

60 2635 220 2678 volente,
243 2638 368 2682 partim
391 2637 531 2672 nolente
554 2638 633 2673 fieri
666 2641 683 2658 ²⁸
697 2640 744 2659 **
768 2639 861 2684 quod
884 2639 928 2673 ad
957 2638 1230 2673 emendationem
1255 2636 1421 2683 optimum
1445 2635 1553 2670 habet

60 2681 290 2717 consiliarium
307 2688 345 2717 et
365 2683 555 2719 adiutorem
566 2710 578 2727 ‚
601 2696 729 2719 moram
746 2685 856 2731 ipsam
877 2685 972 2730 longi
989 2683 1168 2731 temporis.

81 2773 90 2782 ⁸
150 2729 186 2763 3.
197 2729 310 2782 ‘Haec
327 2730 460 2776 etipse
479 2742 611 2766 mecum
632 2736 797 2777 reputans
819 2744 884 2766 nec
907 2731 1088 2766 socordiae
1111 2731 1147 2765 in
1176 2729 1268 2764 bello
1285 2728 1462 2775 gerendo,
1486 2737 1552 2762 nec

61 2774 297 2819 simplicitatis
320 2775 356 2810 in
385 2777 444 2811 illo
470 2789 587 2812 rerum
606 2783 701 2812 statu
725 2778 850 2813 nimiae
877 2779 1155 2813 Cantacuzenum
1181 2777 1422 2822 imperatorem
1443 2773 1552 2809 ausim

60 2820 246 2874 daumare,
270 2833 335 2856 nec
354 2823 563 2869 zelotypiam
587 2825 708 2859 Annae
732 2829 772 2860 et
792 2825 910 2859 odium
934 2824 1151 2870 implacabile
1168 2822 1327 2864 causari3
1351 2820 1413 2856 sed
1432 2821 1552 2855 oecul-

60 2873 151 2902 nora
167 2867 335 2914 quaedam
347 2869 594 2906 Providentiae
611 2871 754 2907 consilia
764 2897 777 2918 ,
801 2883 892 2918 quae
910 2872 1024 2907 onmia
1050 2875 1146 2906 recte
1168 2868 1411 2906 administrans
1433 2867 1556 2903 crimi-
