1794 3172
234 149 260 196 1
272 150 368 196 100
643 149 963 197 NICEPHORI
991 148 1317 195 GREGORAE

12 279 57 313 M.
77 279 115 315 Α.
135 278 331 324 6859τρια
373 268 448 322 τῆς
480 261 696 317 ἐκκλησίας
726 259 815 319 ἱερὰ
842 257 1055 317 δόγματα,
1101 258 1164 303 δι’
1194 258 1386 315 ἀμαθίαν
1415 256 1443 314 ’ἢ
1476 256 1717 314 μοχθηρίαν

69 324 181 362 ¹⁰d⁴4
238 334 397 380 ἀτόπου
429 331 596 390 γνώμης
625 332 692 374 καὶ
718 331 1018 389 προαιρέσεως,
1057 333 1194 380 κακῶς
1227 326 1497 384 ἐκλαμβάνων
1523 329 1589 371 καὶ
1623 330 1717 369 δια-

235 406 424 463 στρέφων
441 402 514 446 τόν
533 401 757 458 ἐγκείμενον
779 407 870 451 ταῖς
889 401 1018 451 λέξεσι
1037 403 1149 453 νοῦν,
1188 396 1341 453 ὁμοίως
1363 402 1422 456 τῷ
1448 401 1508 456 σῷ
1523 396 1718 456 ’Παλαμᾷ

197 477 305 519 Οκαὶ
334 472 455 528 ὑμῖν,
497 471 634 531 ἐκείνῳ
667 469 803 513 ταύτὰ
839 469 1137 527 φθεγγομένοις
1171 467 1324 525 ἀρτίως
1358 465 1413 511 τά
1442 484 1486 510 τε
1515 465 1622 509 ἄλλα
1651 467 1720 508 καὶ

234 551 345 602 τρεῖς
364 541 613 598 ὁμολογοῦσι
633 537 778 598 φύσεις
795 541 860 583 ἐπὶ
881 543 957 583 τοῦ
984 543 1182 596 Σωτῆρος
1199 533 1583 594 μεταμορφώσεως,
1617 535 1750 590 μίαν5

235 615 312 670 μὲν
342 616 418 669 τῆς
448 607 802 667 ἆνθρωπότητος,
841 606 917 652 δύο
947 609 992 652 δὲ
1021 615 1113 652 ταῖν
1145 609 1258 651 δυεῖν
1291 603 1531 662 θεοτήτων,
1572 608 1650 661 τῆς
1677 621 1723 647 τε

237 684 428 741 ἀφανοῦς
464 681 533 724 καὶ
569 683 644 736 τῆς
677 679 1029 736 παραδειχθείσης
1062 678 1258 721 ἀκτίστου
1295 676 1489 733 δευτέρας
1518 672 1724 730 θεότητος

237 752 345 797 καθ’
367 749 499 807 ὑμᾶς·
538 743 595 793 ὧν
613 747 689 805 τὴν
711 749 786 804 μὲν
804 747 1035 803 οἷμέθεκτον
1055 751 1157 790 πᾶσι
1177 744 1311 802 πάντη
1330 746 1437 803 φατὲ
1446 778 1461 799 ,
1485 744 1562 801 τὴν
1584 744 1629 787 δὲ
1647 760 1724 799 με-

237 819 418 878 θεκτήν·
456 817 511 870 ὥς
534 815 837 875 ἀναγκάζεσθαι
859 815 981 860 πάλιν
1001 815 1113 873 ἡμᾶς
1125 850 1140 870 ,
1174 817 1241 859 καὶ
1263 813 1424 859 τούτων
1441 814 1518 870 τὴν
1546 813 1724 857 ἀτοπίαν

240 892 424 949 ἐλέγχειν.
492 887 583 946 (Ε.)
614 889 702 931 Καὶ
724 885 892 945 πρῶτόν
911 904 955 944 γε
973 886 1045 930 τὸν
1063 887 1156 943 περὶ
1174 885 1379 941 μεθέξεως
1399 882 1520 941 λόγον
1541 880 1723 940 ἓνεγκόν-
1737 890 1781 925 10

200 962 309 1012 Βτες
336 962 393 1011 εἷς
420 957 548 1014 μέσον
578 957 730 1012 ἴδωμεν
759 961 847 1008 πῶς
868 955 890 1000 ὁ
913 955 985 1008 σὸς
1006 959 1221 1011 Παλαμᾶς
1242 956 1285 998 ἐκ
1302 958 1386 998 τῶν
1408 957 1580 1011 γραφῶν
1599 957 1727 995 ποιεῖ-

241 1049 312 1075 ται
343 1030 419 1086 τὴν
442 1026 611 1084 ἐκλογὴν
641 1030 727 1071 τῶν
746 1039 789 1070 τε
813 1024 1023 1082 ἡμετέρων
1049 1027 1118 1069 καὶ
1144 1023 1353 1083 θύραθεν.
1376 1076 1377 1079 ¹
1401 1021 1456 1074 ὥς
1481 1023 1559 1080 γὰρ
1581 1022 1727 1065 πολλοὶ

243 1101 342 1157 μὲν,
388 1098 513 1156 φησὶ,
552 1097 717 1152 κλητοὶ,
755 1095 882 1153 ὄλίγοι
907 1097 952 1139 δὲ
980 1095 1179 1149 ἐκλεκτοί,
1219 1093 1328 1139 οὕτω
1359 1094 1427 1136 καὶ
1456 1090 1622 1136 πολλῶν
1650 1091 1726 1147 τὴν

245 1173 331 1214 τῶν
358 1170 531 1226 γραφῶν
560 1165 727 1222 ἐκλογὴν
760 1164 1038 1220 ποιουμένων,
1082 1164 1296 1222 τάσφαλὲς
1334 1163 1484 1220 ὀλίγοις
1515 1160 1725 1218 πρόσεστι.

244 1239 457 1295 μέμνημαι
485 1235 565 1293 γὰρ
603 1239 689 1280 τῶν
717 1232 922 1290 Ἑλλήνων
961 1236 1093 1285 ἐνίους
1138 1233 1196 1290 πὴ
1226 1234 1302 1288 μὲν
1341 1231 1464 1287 ὅμοια
1491 1238 1578 1282 τοῖς
1607 1229 1725 1287 ἡμῶν
1740 1235 1785 1273 15

246 1305 556 1367 φθεγγομένους
586 1303 737 1362 ἇγίοις,
786 1298 843 1348 ὧν
877 1302 977 1360 ἡμῖν
1006 1303 1093 1347 ἔνια
1130 1300 1429 1360 παρειληφόσιν
1460 1302 1502 1352 ἐς
1531 1301 1606 1357 τὴν
1643 1303 1728 1343 τῶν

247 1376 374 1435 ἁγίων
397 1375 573 1430 ἅμιλλαν
590 1380 894 1431 συνεισενεγκεῖν
915 1371 1098 1431 ἐγεγόνει,
1125 1372 1182 1429 πὴ
1203 1372 1238 1415 δ’
1262 1368 1438 1427 ἀνόμοιά
1459 1388 1502 1414 τε
1523 1372 1590 1413 καὶ
1610 1370 1731 1414 ἐναν-

205 1449 241 1485 F·
254 1448 343 1491 τία·
382 1445 459 1503 ἀφ’
486 1438 543 1488 ὧν
565 1451 650 1495 τοῖς
671 1446 763 1502 περὶ
781 1447 996 1499 Παλαμᾶν
1017 1443 1254 1500 ἐκλέγεσθαι
1272 1442 1326 1485 τὰ
1348 1440 1455 1485 κατὰ
1471 1438 1637 1497 γνώμην
1656 1439 1731 1482 πέ-

246 1532 408 1573 πρωται
421 1547 434 1568 ,
466 1511 697 1571 κανθάροις
718 1514 790 1558 ἴσα
801 1546 815 1567 ,
849 1510 909 1564 οἷς
928 1520 1060 1569 μισεῖν
1082 1513 1157 1568 μὲν
1177 1511 1353 1568 πέφυκεν
1373 1509 1453 1554 ὅσα
1469 1508 1616 1566 εὐώδη,
1651 1507 1732 1552 ὅσα

249 1585 294 1629 δ’
335 1582 474 1637 ἀπόζει
504 1587 669 1641 μακρᾶς
707 1583 938 1636 δυσωδίας,
985 1586 1121 1626 ταῦτα
1159 1581 1205 1624 δ’
1239 1581 1427 1638 ἀσμένως
1466 1581 1727 1637 προσίεσθαι.
1740 1586 1789 1622 20

251 1653 343 1714 (ς’.)
382 1655 494 1710 Φησὶ
517 1655 657 1697 τοίνυν
685 1651 707 1697 ὃ
733 1652 1004 1703 Πλατωνικὸς
1030 1649 1226 1710 ,Πρόκλος
1245 1651 1287 1695 ἐν
1309 1657 1396 1701 τοῖς
1424 1649 1552 1693 αὗτοῦ
1579 1652 1733 1692 θεολο-

249 1731 402 1782 γικοῖς’
439 1726 559 1778 »πᾶν
590 1723 639 1766 τὸ
669 1723 839 1779 μετέχον
873 1726 949 1767 τοῦ
980 1720 1251 1779 μετεχομένου
1283 1719 1628 1779 καταδεέστερον·
1664 1719 1734 1762 καὶ

343 1835 378 1871 5.
401 1830 462 1870 ἐπὶ
477 1834 545 1880 τῆς
564 1834 636 1871 τοῦ
657 1833 747 1870 coni.
769 1835 883 1882 Capp.

250 1929 291 1962 ta
306 1926 549 1973 perturbaret,
573 1939 635 1962 seu
654 1926 849 1974 imperitia,
872 1937 935 1961 seu
962 1925 1111 1962 stolidae
1134 1925 1259 1962 mentis
1278 1937 1319 1961 ac
1337 1922 1527 1961 voluntatis
1545 1922 1735 1970 pravitate,

251 1975 436 2009 verborum
462 1985 597 2009 sensum
614 1975 702 2009 male
724 1974 921 2019 intelligens
941 1985 981 2008 ac
1000 1978 1223 2019 pervertens3
1247 1973 1529 2019 quemadmodum
1548 1982 1640 2006 nunc
1665 1970 1736 2004 Pa-

252 2019 365 2054 lamae
383 2020 554 2066 contigit,
577 2024 613 2056 et
629 2021 752 2062 vobis,
775 2021 835 2065 qui
860 2026 932 2055 tum
952 2019 1030 2055 aliis
1057 2021 1102 2055 de
1128 2021 1231 2055 rebus
1258 2020 1377 2054 eadem
1405 2029 1547 2066 prorsus
1574 2029 1649 2052 cum
1675 2016 1735 2050 illo

253 2066 515 2112 pronunciatis,
539 2071 611 2101 tum
635 2068 672 2102 in
698 2066 838 2101 Christo
863 2067 1036 2101 salvatore
1057 2067 1304 2113 transfigurato
1323 2070 1396 2101 tres
1420 2070 1563 2100 naturas
1581 2062 1738 2098 admitti-

254 2112 324 2155 tis,
350 2124 449 2146 unam
474 2113 610 2158 quidem
636 2115 814 2148 humanam
839 2116 875 2148 et
901 2113 985 2147 duas
1010 2113 1095 2148 alias
1118 2114 1260 2148 duarum
1289 2113 1475 2155 deitatum,
1499 2122 1645 2158 quarum
1669 2121 1738 2144 una

256 2159 305 2193 ait
321 2158 527 2201 invisibilis,
551 2160 662 2194 altera
685 2171 769 2195 vero
794 2159 906 2194 deitas
927 2160 1084 2195 increata
1110 2160 1224 2204 (iuxta
1247 2166 1398 2195 vestram
1415 2157 1637 2201 sententiam)
1654 2157 1737 2191 sub-

256 2206 481 2247 ostendatur3
504 2205 554 2240 ita
573 2211 612 2240 ut
640 2207 757 2241 harum
777 2205 914 2252 quidem
935 2207 1079 2242 alteram
1098 2207 1141 2241 ab
1167 2207 1320 2242 omnibus
1339 2205 1510 2240 creaturis
1532 2201 1738 2250 participati

257 2251 392 2286 omnino
410 2263 478 2285 non
497 2263 611 2297 posse,
629 2253 770 2288 alteram
787 2264 870 2288 vero
884 2265 987 2299 posse
1003 2253 1178 2289 asseratis.
1206 2253 1308 2288 Unde
1326 2253 1426 2287 huius
1446 2256 1585 2286 vestrae
1601 2250 1739 2296 opinio-

257 2297 312 2332 nis
328 2298 478 2344 ineptias
503 2309 650 2343 arguere
666 2299 790 2334 iterum
810 2299 978 2345 cogimur.
1025 2301 1108 2346 (V.)
1132 2300 1181 2335 Et
1199 2301 1343 2346 primum
1370 2299 1505 2345 quidem
1524 2298 1569 2331 de
1592 2295 1739 2342 partici-

257 2344 398 2391 patione
426 2356 613 2380 sermonem
639 2345 856 2380 instituamus
874 2349 910 2381 et
943 2346 980 2381 in
1006 2347 1153 2382 medium
1184 2347 1406 2381 adducamus.
1461 2343 1738 2385 Consideremus,

257 2390 426 2437 quomodo
443 2391 601 2426 Palamas
623 2396 703 2426 tuus
721 2404 766 2427 ex
784 2393 924 2438 scriptis
947 2398 1020 2428 tum
1046 2394 1111 2428 SS.
1135 2394 1295 2435 Patrum,
1318 2397 1389 2427 tum
1410 2392 1652 2437 profanorum,
1677 2390 1741 2424 de-

257 2437 385 2472 lectum
410 2437 578 2483 quendam
607 2437 777 2473 habuerit.
834 2439 886 2473 Ut
913 2440 1021 2482 enim,
1053 2439 1184 2486 inquit,
1215 2438 1311 2474 multi
1334 2438 1472 2485 quidem
1497 2441 1576 2472 suut
1608 2435 1739 2478 vocati,

259 2484 364 2530 pauci
387 2495 471 2519 vero
492 2484 620 2527 electi3
643 2485 694 2520 sic
715 2485 797 2520 licet
820 2485 918 2520 multi
944 2486 1150 2532 scriptorum
1177 2486 1346 2520 delectum
1367 2486 1536 2526 habeant,
1562 2483 1664 2530 pauci
1682 2489 1740 2518 ta-

259 2541 337 2565 men
354 2534 432 2565 tuto
451 2530 488 2565 id
506 2531 651 2566 faciunt.
698 2531 790 2566 Nam
809 2532 973 2578 quosdam
992 2545 1013 2567 e
1034 2532 1181 2579 paganis
1197 2532 1331 2567 memini
1359 2531 1483 2578 partim
1515 2530 1637 2565 similia
1658 2541 1740 2563 san-

260 2576 328 2611 ctis
348 2577 514 2612 Patribus
532 2578 661 2612 nostris
687 2578 816 2614 dixisse
844 2580 1008 2624 (quorum
1028 2580 1216 2625 quaedam,
1241 2591 1314 2614 cum
1336 2579 1403 2613 SS.
1419 2578 1582 2613 Patribus
1601 2588 1741 2622 compa-

260 2622 389 2665 randa,
412 2622 448 2658 in
474 2623 619 2659 medium
640 2624 875 2670 protulimus),
905 2626 1032 2671 partim
1051 2637 1135 2660 vero
1153 2626 1324 2660 absimilia
1346 2631 1381 2660 et
1403 2623 1597 2666 contraria3
1620 2634 1640 2657 e
1661 2622 1742 2668 qui-

259 2668 326 2704 bus
342 2670 499 2705 Palamas
519 2670 662 2716 eiusque
681 2671 854 2716 gregales,
879 2684 968 2717 quae
988 2683 1072 2707 suae
1093 2671 1245 2718 opinioni
1263 2672 1450 2714 favebant,
1474 2670 1621 2717 quodam
1639 2667 1741 2715 quasi

259 2715 335 2749 fato
363 2716 563 2762 elegerunt,
587 2718 632 2752 de
658 2729 752 2752 more
781 2719 1063 2761 scarabaeorum3
1087 2717 1146 2764 qui
1165 2718 1217 2753 ita
1244 2724 1322 2753 sunt
1341 2730 1363 2753 a
1389 2722 1512 2753 natura
1540 2715 1741 2762 comparati,

261 2766 302 2796 ut
324 2773 548 2809 quaecunque
571 2763 658 2798 bene
679 2764 793 2805 olent,
818 2769 1045 2807 aversentur3
1068 2776 1293 2812 quaecunque
1322 2775 1406 2800 vero
1435 2774 1576 2810 gravem
1602 2774 1644 2797 ac
1665 2763 1743 2796 foe-

261 2807 370 2842 tidum
397 2809 536 2845 odorem
560 2810 711 2856 spirant,
735 2810 895 2846 lubenter
925 2811 1186 2858 amplectantur.
1251 2811 1351 2857 (Vl.)
1387 2811 1513 2857 ltaque
1541 2808 1742 2845 Platonicus

261 2853 407 2891 Proclus
423 2855 474 2892 ita
492 2856 529 2892 in
545 2857 618 2893 suis
638 2856 845 2903 theologicis
863 2856 1138 2895 institutionibus
1154 2857 1275 2894 habet.
1318 2858 1460 2901 „Omne
1485 2855 1578 2904 quod
1596 2854 1742 2903 partici—
