1754 3164
612 168 1092 215 ANNOTATIONES.
1474 163 1492 210 1
1505 163 1605 212 243

73 292 152 332 que
183 277 422 319 Metochites
450 277 493 316 in
521 277 685 317 exilium
714 276 878 326 missus,
922 275 1086 316 domum
1113 274 1237 315 rediit
1267 280 1360 328 post
1389 274 1607 325 biennium,

73 351 176 376 anno
199 337 354 376 scilicet
376 335 646 374 MCCCXXX.
703 348 858 374 Boxvm.

189 393 284 447 Peg.
315 395 419 443 459,
452 396 491 436 8.
546 391 595 433 Ἡ
610 394 685 433 τοῦ
705 389 897 444 βασιλέως
914 385 1089 440 Ἀλεξίου
1109 391 1183 431 τοῦ
1206 391 1432 443 Κομνηνοῦ
1455 394 1610 432 πενθε-

75 449 156 505 ροὶ]
189 452 288 491 Vide
313 450 697 502 Constantinopolim
723 448 868 487 Christ.
901 447 972 489 lib.
1003 447 1070 489 IV.
1103 453 1203 486 sect.
1221 447 1309 486 XV.
1335 461 1375 486 n.
1400 449 1440 491 5.
1465 449 1535 486 ubi
1559 449 1610 488 de

75 509 232 548 Chorae
251 509 494 548 monasterio
518 515 556 547 et
586 507 696 546 illius
726 505 1005 545 conditoribus
1036 519 1083 544 ac
1104 504 1442 544 instauratoribus
1467 505 1608 545 multa.

72 580 249 606 numne..

187 621 286 676 Pag.
315 625 420 671 460,
451 625 491 664 6.
544 616 829 672 Ἐπισκότησις
847 617 1021 673 ήλιακή]
1052 621 1166 659 Anno
1190 618 1287 660 Chr.
1317 618 1611 659 MCCGXXXI.

75 679 140 719 die
158 683 224 722 30.
247 681 348 718 Nov.
371 679 555 717 Calvisio.
613 691 768 717 1301vm.

190 735 356 776 Ibidem.
395 731 602 783 Τοσαύτας
631 734 782 788 ἡμέρας
805 763 836 773 ..
853 763 863 774 .
878 766 887 775 .
910 730 987 775 ὅσα
1014 733 1084 775 καὶ
1114 728 1237 781 mittis*
1265 727 1319 786 ἦν
1349 731 1417 784 ἔτη
1438 729 1487 772 τοὶ
1509 729 1612 774 miv-

74 811 124 836 τα
149 789 381 848 βεβιωκώς]
420 794 522 843 Ergo
557 793 643 832 dies
680 791 854 830 LXXIV.
897 791 998 831 Vide
1026 790 1182 830 Possini
1219 790 1517 829 observationes
1542 790 1615 830 Pa·
1696 830 1699 833 ,
1730 786 1733 792 ’

77 852 352 905 chymerianas
372 851 441 891 lib.
463 851 538 890 III.
565 865 652 903 cap.
670 849 778 890 VIII.
803 855 899 888 sect.
917 849 985 888 IV.
1010 848 1061 887 ad
1084 848 1186 886 Hist.
1209 847 1427 886 Michaelis.
1454 861 1613 887 nouvm.

193 923 288 973 Pag.
317 919 421 968 460,
452 922 492 962 8.
540 916 752 967 ’Έκλειψις
778 914 1021 971 σεληνιακή]
1054 918 1127 956 Die
1160 918 1226 960 15.
1247 916 1431 957 Decemb.
1460 930 1614 957 Bolvm.

194 992 292 1043 Pag.
319 989 424 1039 460,
454 991 494 1031 9.
550 982 618 1028 Ἐν
652 985 825 1043 ἑσπέρᾳ]
877 988 906 1027 i.
936 1000 968 1028 e.
1010 986 1150 1038 vigilia
1191 991 1282 1024 ante
1321 984 1425 1024 diem
1455 985 1612 1026 festum.

77 1061 231 1087 Bolvm.

192 1103 293 1157 Pag.
324 1103 428 1153 460,
457 1106 523 1145 11.
583 1096 687 1141 Κατ’
709 1096 838 1154 αὐτὴν
860 1099 934 1152 μέν
962 1116 1006 1154 γε
1036 1097 1112 1152 τήν
1145 1102 1219 1140 τοῦ
1240 1097 1517 1152 φεβρουαρίου
1541 1099 1616 1139 δω-

79 1159 275 1214 δεκάτην]
304 1160 492 1209 wolfius,
525 1159 664 1197 codice
688 1159 910 1197 ususmale
933 1158 1201 1210 interpuncto,
1232 1155 1331 1195 haec
1352 1156 1619 1207 coniungebat

80 1234 171 1259 cum
196 1219 246 1258 iis
264 1232 366 1271 quae
388 1216 661 1270 praecedunt,
695 1223 733 1254 et
758 1217 815 1254 ita
833 1229 1042 1267 vesperam
1065 1214 1456 1253 commemorationis
1477 1213 1522 1254 D,
1539 1213 1619 1252 An.

78 1277 180 1316 tonii
220 1276 451 1316 conferebat
488 1275 530 1314 in
563 1275 669 1313 diem
702 1274 912 1312 Februarii
957 1272 1256 1311 duodecimum.
1312 1270 1530 1310 Bollandus
1567 1270 1619 1309 ad

80 1335 187 1374 diem
219 1335 292 1374 XI.
323 1333 531 1373 Februarii
561 1344 651 1384 pag.
681 1331 777 1372 507.
809 1332 850 1368 in
879 1330 1015 1368 indice
1043 1328 1413 1382 praetermissorum
1444 1334 1620 1376 annotat,

83 1390 127 1431 S.
150 1390 373 1431 Antonium
391 1388 666 1444 patriarcham
693 1384 1177 1440 Constantinopolitanum
1202 1385 1278 1425 hoc
1307 1384 1370 1424 die
1394 1384 1455 1439 (id
1476 1392 1536 1423 est
1557 1384 1620 1423 die

80 1447 164 1489 XI.
185 1447 414 1501 Februarii)
441 1447 652 1486 memorari
671 1446 711 1483 in
733 1443 918 1496 catalogo
936 1441 1112 1495 generali
1136 1442 1332 1481 Ferrarii:
1364 1449 1404 1480 at
1420 1443 1463 1480 in
1492 1441 1617 1482 Mar-

80 1503 278 1560 iyrologio
301 1504 490 1544 Romano
512 1513 548 1541 et
566 1501 753 1548 ,Menaeis‚
782 1499 888 1541 XII.
912 1499 1129 1539 Februarii.
1188 1500 1342 1538 Favent
1359 1500 1495 1550 itaque
1511 1499 1620 1537 Wol-

81 1563 208 1601 fianae
228 1560 549 1614 interpretationi
572 1559 907 1610 Martyrologium
928 1559 1152 1596 Romanum
1182 1563 1223 1595 et
1250 1557 1432 1606 Menaea3
1458 1562 1620 1595 nostrae

83 1619 222 1658 Codex
252 1620 423 1671 Regius,
465 1617 715 1656 constructio
752 1616 842 1668 ipsa
870 1615 1089 1654 verborum
1125 1619 1165 1653 et
1197 1614 1402 1665 catalogus
1430 1613 1617 1652 Ferrarii.

81 1690 237 1717 Bolvm.

202 1737 300 1788 Peg.
330 1735 434 1782 460,
467 1733 534 1773 19.
591 1725 660 1770 Ἐκ
696 1723 865 1782 σιδήρου
894 1727 1106 1781 σταυρῶν]
1148 1728 1258 1777 Quas
1287 1726 1450 1779 quidem
1482 1739 1622 1765 cruces

82 1788 348 1846 Σιγνόχριστα
373 1788 642 1842 appellabant.
701 1787 802 1825 Vide
827 1786 1072 1825 Glossarium
1098 1786 1201 1825 med.
1235 1790 1274 1823 et
1301 1784 1459 1823 infimae
1490 1785 1622 1822 Grae-

85 1849 219 1889 citatis
247 1849 292 1887 in
306 1847 383 1886 hac
405 1860 516 1886 voce.
575 1859 751 1884 nummo.

200 1909 295 1959 Pag.
326 1905 432 1954 462,
464 1907 501 1947 1.
561 1900 642 1943 Διοῖ
661 1899 709 1942 τοὶ
734 1904 818 1942 τῶν
838 1901 1043 1954 νηστίμων
1068 1900 1234 1940 ἐκείνων
1253 1896 1431 1951 ἡμερῶν]
1464 1897 1621 1944 Quibus

85 1963 270 2004 monachi
297 1962 551 2016 ξηροφαγίαν
578 1960 855 1999 observabant.
916 1959 1021 1998 Vide
1047 1959 1222 1996 Glossar.
1252 1956 1357 1995 med.
1387 1955 1561 1994 Graecit.
1580 1955 1621 1992 in

84 2022 163 2061 hac
186 2035 300 2070 voce,
332 2019 402 2058 ubi
424 2019 540 2057 istius
562 2018 811 2071 ξηροφαγίας
836 2017 918 2056 cibi
938 2022 1213 2065 recensentur,
1244 2014 1285 2052 in
1308 2012 1452 2065 quibus
1470 2007 1622 2067 παγού-

86 2096 154 2135 ρια
181 2092 253 2117 seu
274 2077 412 2117 cancri
436 2076 595 2123 marini,
625 2075 797 2127 proinde
822 2070 1117 2128 ὀστρακόδερμα
1138 2076 1410 2111 recensentur.
1439 2083 1618 2109 mmmm.

203 2150 299 2199 Pag.
329 2144 435 2194 4623,
469 2144 533 2186 15.
591 2138 850 2196 Ἐγκὸλπιον]
881 2141 981 2181 Vide
1004 2142 1132 2182 Gloss.
1153 2139 1255 2182 med.
1278 2139 1405 2178 Latin.
1435 2143 1475 2177 et
1500 2138 1622 2178 Grae-

89 2206 156 2247 cit.
177 2205 219 2244 in
240 2201 492 2255 Encolpium,
518 2206 557 2239 et
582 2196 829 2252 Ἐγκόλπιον.
887 2211 1068 2239 DUCANG.

205 2265 299 2314 Pag.
328 2260 432 2308 462,
465 2260 528 2300 18.
584 2252 849 2309 Ἀπήλλαξεν]
880 2257 984 2295 XIII.
1005 2252 1226 2303 Februarii,
1245 2253 1354 2292 circa
1377 2252 1516 2291 horam
1532 2250 1619 2289 XII.

89 2321 242 2368 noctis,
275 2324 319 2356 ut
353 2316 531 2370 praefert
568 2314 768 2365 adscripta
802 2321 897 2352 nota
934 2313 1071 2352 Codici
1099 2312 1311 2350 Cantacuz.
1346 2310 1415 2348 lib.
1448 2310 1497 2348 ΙΙ.
1527 2322 1616 2360 cap.

89 2375 276 2416 XXVIII.
298 2388 402 2413 anno
430 2367 853 2413 ChrgMCCCXXXII.
883 2370 1032 2410 indict.
1054 2370 1143 2409 XV.
1200 2381 1374 2407 DUCANG.

206 2447 301 2498 Pag.
331 2443 438 2493 463,
469 2441 508 2484 4.
569 2436 754 2494 Εὕρηται
773 2437 848 2494 γάρ
868 2439 912 2481 ἐκ
933 2440 1086 2481 πολλοῦ
1107 2436 1261 2492 βίβλος]
1290 2435 1394 2474 Vide
1416 2438 1550 2471 notata
1572 2431 1622 2470 ad

89 2502 162 2542 lib.
180 2501 286 2542 VIII.
306 2515 348 2554 p.
373 2503 468 2543 188.
492 2499 535 2536 C.
595 2510 774 2537 nocane.

209 2561 304 2611 Pag·
334 2558 441 2606 463,
478 2559 542 2599 18.
578 2552 732 2606 Μονήν
751 2555 826 2594 τοῦ
843 2549 997 2606 Λιβός]
1029 2553 1085 2591 De
1114 2566 1194 2604 quo
1215 2548 1456 2588 monasterio
1474 2546 1623 2598 egimus

92 2617 135 2656 in
158 2613 504 2667 Constantinopoli
525 2611 671 2651 Christ.
695 2611 763 2650 lib.
783 2610 852 2650 IV.
874 2616 974 2649 sect.
992 2610 1042 2649 II.
1068 2624 1107 2649 n.
1129 2608 1274 2648 XXVI.
1314 2617 1480 2643 nocane.

212 2686 309 2735 Pag.
338 2684 445 2732 463,
477 2685 543 2725 19.
588 2678 727 2720 ’Ένθα
756 2675 807 2730 δή
835 2678 904 2720 καὶ
927 2675 972 2719 τὸ
997 2677 1152 2726 πένθος
1184 2669 1274 2716 κατ’
1304 2671 1422 2724 ἔθος]
1469 2670 1547 2710 Ubi
1577 2668 1624 2708 (Ie

93 2755 201 2780 more
228 2740 419 2793 exequiae
447 2740 528 2777 eius
558 2744 632 2777 etc.
690 2737 879 2775 Verterat
913 2735 1102 2784 wolfius,
1143 2732 1211 2772 ubi
1244 2728 1290 2768 de
1318 2743 1424 2767 more
1453 2737 1623 2782 quotan-

95 2799 158 2837 nis
186 2803 288 2846 etc.,
313 2795 435 2848 quasi
466 2809 551 2834 non
583 2794 715 2833 solum
749 2789 839 2834 κατ’
866 2792 986 2845 ἔθος,
1017 2792 1088 2832 sed
1127 2797 1167 2832 et
1190 2783 1285 2830 κατ’
1314 2785 1424 2836 ἔτος,
1451 2785 1623 2838 legisset.

94 2868 243 2894 nowm.
