1794 3172
383 169 698 216 HISTORIAE
724 169 1097 216 BYZANTINAE
1117 167 1217 214 XII.
1247 175 1288 218 7.
1447 160 1550 210 597

72 284 160 323 τῶν
187 282 368 339 Περσῶν
397 281 441 332 ἐξ
467 279 609 332 Ἀσίας
640 282 697 332 εἷς
722 278 930 338 Εὐρώπην
956 281 1190 336 μέλλουσαν
1228 271 1453 335 διαβαίνειν
1485 278 1547 322 ἐπὶ
1572 278 1770 347 ΑὮωΪΒζῙ-’Ῑ

77 347 245 408 πονήρῳ
278 354 355 406 τῆς
386 349 555 410 Θρᾴκης
585 353 652 394 καὶ
685 352 842 394 τῶν.ἐν
875 348 1007 408 ταύτῃ
1034 347 1273 405 Ῥιομαὶκῶν
1299 353 1450 407 χωρῶν
1482 330 1771 410 καὶῙἾᾜζεὶὸίία’

74 417 233 462 πόλεων
248 452 261 471 ,
310 425 617 477 ναυαρχοῦντος
648 422 716 463 καὶ
743 419 818 463 τόν
850 424 1038 463 τοιοῦτον
1069 418 1241 476 ἄγοντος
1280 417 1429 462 στόλον
1460 416 1591 469 ἐνόςῙ)

72 505 205 541 τινος,
245 487 377 544 ὄνομα
400 488 570 545 Ἀμούρ.
644 488 737 549 (Β.)
771 490 847 539 Εἷς
881 489 963 546 γὰρ
1001 490 1234 547 σατραπίας
1274 489 1683 545 διαιρεθείσηςῩι301

43 562 150 613 5τῆς
169 562 252 601 τῶν
269 562 448 616 Περσῶν
463 559 614 615 ἀρχῆς,
653 557 710 608 ὥς
726 558 916 615 ἄνωτέρω
937 575 1017 602 που
1039 560 1129 615 περὶ
1150 555 1310 602 τούτων
1327 556 1551 616 εἰρήκειμεν

74 626 352 684 πλατύτερον,
399 627 515 671 ἄλλοι
549 629 654 671 ἄλλα
696 633 778 671 τῶν
818 630 1032 683 παραλίων
1070 629 1258 683 διέλαχον
1288 632 1363 683 τῆς
1383 627 1547 678 Ἀσίας·

74 696 148 747 οὓς
167 697 205 739 οἶ
223 695 414 754 ἀπόγονοι
432 702 508 741 τοῦ
523 696 678 754 χρόνου
699 697 864 755 ῥέοντος
882 695 1162 752 διαδεξάμενοι
1175 731 1188 750 ,
1228 698 1268 740 οἱ
1287 698 1363 753 μὲν
1384 697 1453 739 διὰ
1473 695 1550 740 σύ-

73 783 182 809 νεσιν
204 767 271 809 καὶ
296 768 505 825 ἐμπειρίαν
527 767 750 822 πολεμικὴν
783 769 841 817 εἷς
869 769 1005 822 μεῖζον
1037 767 1332 824 προκεκοφέναι
1363 766 1440 822 τὴν
1470 771 1547 810 τοῦ

72 834 224 893 κλήρου
249 837 446 892 διαδοχὴν
480 835 783 894 ἐπεπράχεσαν·
822 836 861 879 οἱ
901 838 946 880 δὲ
979 835 1215 894 νωθρότητι
1243 831 1428 886 διανοίας
1462 843 1592 887 tergm

19 910 63 946 10
74 901 165 948 οὖσι
184 904 306 960 μόλις
328 906 544 961 ἐνέμειναν.
582 908 657 950 εἶσὶ
678 906 721 948 δ’
749 906 796 949 οἳ
810 908 877 949 καὶ
903 911 987 950 τῶν
1010 906 1139 950 ὄντων
1157 907 1302 956 τελέως
1322 904 1550 956 ἐξεπεπτώ-

70 992 206 1019 κεσαν,
244 973 405 1019 τούτων
431 977 571 1019 τοίνυν
599 970 795 1019 ἄπ’άντων
823 974 1087 1034 ἴσχυρότερος
1125 974 1146 1019 ὃ
1170 975 1323 1032 Ἀμοὺρ
1361 973 1543 1031 ἐγεγόνει,

69 1047 232 1102 σπουδῇ
269 1047 335 1088 καὶ
371 1043 504 1103 τόλμῃ
528 1044 792 1103 χρησάμενος
827 1043 930 1101 ὑπὲρ
954 1046 1053 1095 τοῦς
1072 1045 1236 1095 ἄλλους.
1273 1047 1446 1094 Λυδίας
1465 1045 1544 1103 γὰρ

70 1116 137 1157 καὶ
152 1114 309 1165 Ἰωνίας
339 1108 461 1165 οὗτος
494 1114 550 1158 ὢν
582 1113 744 1171 ἡγεμών
783 1120 977 1158 ναυτικοῦ
1015 1133 1058 1158 τε
1094 1113 1245 1158 στόλου
1274 1115 1350 1171 τὴν
1375 1112 1544 1157 θάλασ-

68 1199 147 1226 σαν
171 1184 400 1240 ἐμπέπληκε
434 1187 501 1227 καὶ
533 1185 712 1242 φοβερὰς
754 1184 796 1227 ἐν
825 1189 979 1241 βραχεῖ
1008 1184 1067 1240 μὴ
1101 1183 1164 1228 ὅτι
1193 1191 1284 1235 ταῖς
1311 1186 1354 1227 ἐν
1377 1185 1543 1244 Αἰγαίῳ

15 1258 58 1294 15
70 1251 209 1308 νήσοις
237 1254 389 1310 ἐγένετο
418 1258 788 1312 θαλαττοκρατῶν,
822 1254 928 1297 ἀλλὰ
950 1257 1017 1297 καὶ
1045 1254 1251 1309 Εὐβοεῦσι
1261 1287 1274 1307 ,
1312 1255 1380 1296 καὶ
1404 1257 1544 1297 Πελο-

69 1324 326 1379 ποννησίοις,
363 1326 509 1382 Κρησί
533 1341 576 1367 τε
611 1326 679 1367 καὶ
711 1321 906 1378 Ῥοδίοις,
944 1325 1012 1367 καὶ
1033 1322 1147 1382 πάσῃ
1162 1329 1213 1382 τῇ
1237 1325 1282 1367 ἐκ
1310 1325 1667 1373 ΘετταλίαςΡ.371

68 1391 162 1450 ι’ἱχρι
196 1394 426 1446 Βυζαντίου
461 1395 664 1452 παραλίῳ.
702 1391 878 1444 τούτους
902 1393 979 1450 γὰρ
1001 1392 1188 1444 ἅπαντας
1206 1391 1327 1437 ὁπότε
1345 1391 1541 1449 βούλοιτο
1573 1420 1577 1422 -

67 1452 308 1505 ναυστολῶν
335 1480 379 1506 τε
414 1462 537 1520 ἐδῄου
571 1465 638 1506 καὶ
660 1461 817 1521 φόρους
838 1465 1025 1518 ἐτησίους
1047 1468 1193 1519 συνῆγε
1210 1461 1326 1519 μάλα
1349 1481 1412 1512 τοι
1429 1496 1433 1500 ⁴
1445 1464 1542 1520 βρί-

69 1535 227 1582 θοντας
259 1533 302 1583 ἐξ
333 1532 484 1577 αὐτῶν.
557 1532 646 1592 (Γ.)
688 1527 823 1583 Οὗτος
854 1528 929 1576 οὖν
949 1534 993 1575 ἐκ
1012 1537 1192 1586 πολλοῦ,
1230 1537 1307 1588 τῆς
1327 1535 1542 1575 τοῧ,.Καν-

10 1607 58 1642 20
69 1602 320 1657 τακουζηνοῦ
350 1600 491 1659 φήμης
517 1602 623 1656 μετὰ
652 1600 811 1659 κρότων
843 1604 910 1645 καὶ
935 1600 1076 1656 ὕμνων
1103 1606 1275 1659 μακρῶν
1307 1601 1376 1644 διὰ
1405 1599 1543 1657 πάσης

67 1671 344 1726 πορευομένης
386 1675 462 1727 γῆς
497 1673 566 1714 καὶ
602 1669 844 1726 θαλάττης,
909 1670 1086 1728 ἐραστὴς
1115 1668 1290 1727 ἐγεγόνει
1326 1659 1440 1714 πάνυ
1476 1688 1541 1714 τοι

66 1738 233 1797 σφόδρα
256 1737 483 1797 διάπυρος,
520 1741 588 1783 καὶ
611 1741 752 1797 φιλίαν
778 1737 968 1797 τηρήσειν
999 1739 1251 1798 αὐθαίρετον
1277 1734 1579 1797 ἐπηγγείλατινΒ

66 1808 135 1851 διὰ
165 1810 262 1863 βίου
287 1808 445 1859 παντὸς
479 1809 594 1869 αὐτῷ
627 1827 672 1852 τε
706 1811 773 1852 καὶ
802 1811 919 1852 παισὶ
941 1807 1151 1865 διαδόχοις
1171 1809 1313 1853 αὐτοῦ.
1350 1811 1418 1852 καὶ
1439 1810 1538 1864 μέν·

64 1895 128 1921 τοι
150 1879 218 1921 καὶ
243 1875 440 1935 τοιαύτην
462 1877 593 1935 αὐτὴν
615 1881 672 1929 εἰς
691 1879 809 1930 τέλος
837 1876 1076 1937 τετήρηκεν,
1115 1879 1206 1923 οἵαν
1230 1876 1352 1935 οἶμαι
1382 1878 1479 1923 οὔδ’
1515 1877 1538 1922 ὅ

62 2000 148 2023 mum
170 1988 352 2024 traiectum
377 1988 422 2024 iri
442 2001 484 2024 ex
500 1989 583 2025 Asia
600 1989 636 2026 in
657 1990 830 2037 Europam
852 1990 1030 2033 audierat,
1055 1989 1231 2026 Thraciae
1251 1988 1431 2032 infestum,
1448 1991 1561 2036 'pro-z,

61 2035 252 2081 vinciisque
274 2041 311 2071 et
333 2036 497 2078 urbibus,
529 2049 615 2084 quas
641 2038 786 2073 Romani
810 2037 883 2072 illic
909 2038 1096 2080 haberent3
1127 2038 1337 2083 praefectum
1364 2041 1475 2072 autem
1491 2029 1575 2074 etl*

59 2082 179 2117 ducem
203 2094 280 2117 esse
301 2082 394 2117 illius
418 2083 538 2118 classis
556 2085 748 2130 quendam,
772 2084 907 2119 nomine
925 2086 1043 2119 Amur.
1062 2084 1074 2089 ”
1092 2084 1177 2129 (11.)
1201 2084 1241 2118 In
1258 2083 1429 2129 satrapias
1445 2083 1539 2129 enim·
1559 2081 1579 2137 ’ἔτ

57 2128 171 2163 diviso
189 2129 372 2164 Persarum
398 2129 563 2175 imperio,
587 2136 627 2166 ut
646 2131 774 2166 alicubi
798 2131 911 2166 fusius
933 2131 978 2165 de
1003 2131 1056 2165 his
1081 2131 1292 2176 disserentes
1314 2141 1421 2176 supra
1443 2129 1551 2187 dixi-qt
1578 2131 1588 2170 ’ξ

57 2186 152 2217 mus,
175 2175 234 2209 alii
258 2175 344 2210 alias
369 2177 485 2211 sortiti
507 2182 586 2212 sunt
611 2178 798 2212 maritimas
823 2178 927 2213 Asiae
945 2178 1117 2223 regiones.
1165 2177 1263 2219 Quas
1287 2188 1363 2212 cum
1388 2181 1550 2223 nepotes·
1567 2171 1589 2233 ι’

56 2233 79 2257 a
99 2221 283 2256 maioribus
306 2222 514 2268 procedente
536 2228 691 2270 tempore
709 2224 945 2270 accepissent,
970 2224 1030 2259 alii
1046 2224 1216 2259 industria
1234 2234 1299 2258 sua
1315 2228 1352 2258 et
1366 2222 1418 2257 rei
1434 2222 1535 2256 belii-
1560 2230 1587 2267 -ς

58 2279 120 2303 cae
146 2268 293 2303 scientia
320 2268 530 2311 effecerant,
554 2275 593 2305 ut
617 2271 791 2305 hereditas
815 2271 874 2305 iila
896 2270 1056 2306 maiorem
1078 2271 1115 2305 in
1138 2270 1272 2306 modum
1290 2269 1510 2316 ampliaretur
1518 2279 1534 2312 ς
1586 2271 1593 2281 “

56 2314 117 2349 alii
146 2315 190 2349 ob
214 2315 344 2360 ingenii
365 2315 565 2351 tarditatem
589 2317 649 2351 vix
676 2329 738 2352 sua
760 2317 996 2360 retinuerant3
1019 2317 1079 2352 alii
1098 2317 1248 2362 denique
1267 2316 1368 2352 etiam
1397 2326 1534 2350 suarum
1577 2328 1580 2338 ¹

54 2372 168 2395 rerum
192 2362 407 2406 possessione
431 2362 566 2397 omnino
591 2363 800 2398 exciderant.
847 2365 923 2399 Hos
944 2375 1059 2398 omnes
1076 2364 1234 2399 Amurius
1252 2361 1411 2410 potentia
1428 2363 1535 2408 supe-

52 2408 165 2442 rabat.
212 2408 372 2453 Namque
393 2409 450 2443 hic
467 2420 541 2443 cum
559 2409 692 2455 Lydiae
710 2415 887 2456 praeesset
906 2414 942 2444 et
958 2410 1089 2453 Ioniae,
1112 2410 1291 2445 navalibus
1311 2408 1421 2455 copiis
1438 2419 1535 2442 mare

52 2453 229 2499 implevit3
263 2459 299 2488 et
321 2455 413 2490 imus
441 2455 582 2500 imperio
609 2457 742 2503 potitus
774 2457 885 2492 evasit
927 2456 1026 2492 brevi
1053 2456 1277 2498 metuendus,
1307 2467 1373 2489 non
1409 2454 1533 2489 insulis

51 2501 151 2534 modo
174 2500 303 2546 Aegaei
315 2513 338 2542 ,‘
357 2501 417 2536 sed
442 2506 479 2536 et
496 2502 757 2538 Euboeensibus
770 2529 781 2547 ,
804 2508 841 2539 et
856 2503 1134 2548 Peloponnesiis,
1165 2507 1201 2537 et
1218 2501 1465 2543 Cretensibus,
1499 2503 1538 2536 et
1553 2532 1561 2556 ι
1579 2507 1584 2519 ⁴

53 2545 217 2589 Rhodiis,
241 2552 278 2582 et
296 2547 361 2582 toti
375 2548 566 2583 maritimae
583 2549 738 2595 regioni,
762 2562 851 2596 quae
875 2562 896 2584 a
917 2550 1102 2585 Thessalia
1118 2548 1322 2596 Byzantium
1346 2559 1456 2593 usque
1475 2558 1539 2581 ex-
1558 2561 1567 2573 ·

52 2592 220 2627 tenditur.
266 2594 340 2628 Hos
357 2594 447 2629 enim
464 2606 591 2639 omnes,
615 2596 750 2642 quoties
769 2597 901 2631 libitum
919 2601 1024 2638 esset,
1044 2596 1189 2631 navibus
1207 2596 1374 2630 advectus
1389 2593 1538 2639 diripie-

54 2638 127 2680 bat,
151 2639 364 2685 cogeba'tque
381 2641 424 2674 ab
443 2640 488 2675 iis
505 2641 708 2686 gravissima
727 2642 908 2689 quotannis
925 2643 1069 2678 tributa.
1109 2642 1211 2687 (111.)
1234 2641 1305 2675 Hic
1321 2641 1430 2685 igitur
1448 2640 1537 2674 iam-

54 2684 189 2729 pridem
211 2685 467 2729 Cantacuzeni‚
501 2688 596 2723 cuius
621 2689 714 2724 fama
737 2690 842 2724 multo
870 2691 992 2735 plausu
1020 2695 1056 2724 et
1079 2687 1232 2723 maximis
1261 2687 1421 2721 laudibus
1443 2686 1538 2720 cele-

54 2731 156 2766 brata
181 2735 289 2766 totum
318 2739 486 2768 terrarum
511 2745 554 2769 ac
581 2735 684 2769 maris
709 2737 825 2771 orbem
853 2740 1127 2782 peragraverat,
1161 2732 1400 2769 ardentissimo
1420 2743 1537 2767 amore

54 2783 177 2822 captus
202 2778 335 2823 fuerat,
361 2784 398 2814 et
421 2779 603 2825 ingenuam
630 2793 672 2816 ac
691 2782 919 2816 voluntariam
940 2782 1144 2828 promiserat
1163 2793 1222 2825 se,
1249 2779 1360 2826 quoad
1377 2778 1536 2814 victurus

51 2828 156 2866 esset,
179 2830 393 2860 servaturum
408 2837 485 2861 esse
507 2827 694 2862 amicitiam
706 2839 780 2863 cum
792 2841 845 2870 eo,
869 2833 906 2862 et
923 2840 999 2863 cum
1015 2828 1149 2869 liberis,
1168 2838 1255 2874 quos
1274 2825 1455 2860 habiturus
1472 2823 1534 2860 ille

52 2874 147 2905 esset
169 2881 398 2911 successores.
442 2873 493 2908 Et
511 2879 608 2910 certe
631 2874 733 2911 talem
749 2885 824 2912 eam
842 2875 886 2911 ad
903 2880 1090 2911 extremum
1109 2885 1219 2921 usque
1239 2871 1395 2919 spiritum
1412 2881 1535 2908 serva-
