1794 3172
272 142 405 192 1014
711 147 1035 198 ,NICEPHORI
1064 148 1389 197 GREGORAE

49 267 88 300 Α.
105 262 151 299 Μ.
170 265 262 302 6859
276 265 348 306 τοῦ
378 264 484 305 θεοῦ
516 257 732 315 ἐκκλησίαν
760 256 1029 316 βλαπτούσης
1052 256 1184 318 ὅρμῆς
1210 259 1471 317 μεμνημένην
1502 257 1741 316 λαμβάνειν,

100 314 158 347 Ιηᾱ
173 310 216 349 4²
271 333 308 375 εἰ
330 330 389 387 μὴ
410 328 522 387 λόγοι
541 332 624 372 τῶν
641 326 768 371 πάλαι
799 333 943 387 σοφῶν
965 328 1174 384 ἀνέψυχον
1195 327 1315 385 ἡμῶν
1342 329 1391 374 τὸ
1411 334 1487 386 τῆς
1508 335 1649 386 ψυχῆς
1671 332 1743 384 ἒμ-

270 401 430 453 παθὲς,
468 398 544 454 τὴν
565 402 649 441 τῶν
663 396 916 455 πραγμάτων
934 396 1209 454 ἀστάθμητον
1226 397 1350 454 χύσιν
1375 397 1474 456 ἡμῖν
1505 397 1743 455 προβαλλό-

212 497 214 500 >
268 487 395 525 μενοι.
434 466 513 512 ὅσα
540 467 619 525 γὰρ
642 472 726 510 τῶν
746 465 1001 525 πραγμάτων
1019 467 1078 524 μὴ
1107 467 1271 519 κανόνες
1298 469 1366 511 καὶ
1396 466 1534 524 νόμων
1553 466 1743 523 στάθμαι

265 541 569 595 χειροτονοῦσιν
579 570 592 590 ,
633 536 739 579 ἀλλὰ
758 535 876 593 τύχαι
896 539 964 580 καὶ
987 535 1311 581 δυναστεύουσαι
1325 545 1460 594 χεῖρες
1471 571 1484 590 ,
1523 542 1657 580 ταῦτα
1676 539 1774 581 καὶὸ

228 608 342 652 Ετόν
369 605 525 666 δρόμον
555 604 775 661 ἀνώμαλον
800 606 878 662 ἔχει
909 609 1122 663 διηνεκῶς,
1161 609 1227 649 καὶ
1261 605 1350 650 οἷον
1379 604 1611 662 ἀμπώτιδες
1640 609 1746 649 εἶκο-

118 686 162 721 V,
180 686 250 723 515
270 679 424 730 νίζουσι
450 678 516 719 καὶ
536 674 779 732 πλήμμυραι
802 674 1043 732 θαλάττης,
1082 677 1150 719 καὶ
1184 675 1278 720 ὅσαι
1308 678 1537 732 μεταβολαὶ
1567 680 1649 719 τῶν
1681 677 1746 718 ἒν-

268 752 419 791 τεῧθεν
439 745 656 802 Εὖρίπων·
694 744 755 796 οἷς
775 745 867 789 οὔτε
888 746 934 790 τὸ
952 747 1110 802 χαίρειν
1131 745 1364 790 ἄκλαυστον
1383 752 1650 803 συγχωρεΐται
1671 746 1746 799 με’-

271 834 353 861 νειν
385 817 427 867 ές
459 819 590 871 μῆκος
622 815 706 869 ἀεὶ,
747 814 839 859 οὕτε
874 820 933 875 τῷ
963 820 1186 858 λυπεῖσθαι
1221 813 1421 866 καθάπαξ
1447 814 1618 870 ἄμικτον
1646 814 1746 870 ἔχειν

272 886 334 930 ἀεὶ
355 885 402 929 τὸ
422 892 590 943 χαῖρον·
628 884 734 928 ἀλλὰ
750 885 942 941 μέμικται
963 884 1111 929 πάντα.
1159 885 1237 928 κάκ
1262 889 1338 929 τοῦ
1367 883 1557 928 τοιούτου
1587 883 1743 927 πλάνου
1758 892 1794 927 1(

273 957 342 999 καὶ
365 953 520 1010 κύβου,
558 961 646 1005 τοῖς
673 954 889 1013 διαφόροις
916 956 1175 1014 ἔντρέχοντος
1195 956 1325 1011 βιόις,
1362 954 1471 999 ἔστιν
1493 956 1748 1012 ἐφιστῶντας

270 1025 347 1081 τὴν
370 1022 558 1068 διάνοιαν
577 1024 677 1074 τοὺς
709 1026 1007 1083 συνετωτέρους
1026 1022 1279 1079 μανθάνειν,
1319 1023 1454 1082 ῶσπερ
1475 1026 1519 1067 ἐκ
1540 1025 1748 1079 στοιχείων

118 1100 161 1139 P.
179 1101 249 1139 638
272 1096 340 1138 καὶ
368 1097 614 1149 συλλαβῶν,
652 1092 760 1136 ἔστιν
790 1093 817 1137 ἃ
846 1099 930 1138 τῶν
961 1094 1291 1151 ε’γκεκρυμμένων
1319 1101 1406 1144 τοῖς
1432 1091 1644 1151 πράγμασι
1665 1110 1748 1147 μυ-

272 1164 474 1221 στηρίων,
506 1165 573 1206 καὶ
591 1162 650 1219 μὴ
673 1167 955 1221 θορυβεῖσθαι
974 1166 1041 1206 καὶ
1064 1167 1304 1215 ξενοπαθεῖν
1322 1162 1427 1221 πρὸς
1448 1163 1523 1219 τὴν
1544 1167 1628 1206 τῶν
1649 1179 1749 1220 φαι-

272 1234 454 1287 νομένων
486 1230 662 1288 ἀήθειαν
672 1266 684 1286 ,
724 1233 830 1277 ἀλλὰ
849 1232 925 1277 κάν
944 1234 1090 1289 μέσαις
1113 1241 1204 1284 ταῖς
1233 1240 1491 1291 συμφοραῖς,
1527 1234 1595 1274 καὶ
1623 1230 1748 1286 μάλι-
1762 1240 1794 1277 1ἒ

235 1304 240 1329 ³
275 1319 356 1348 στα
383 1309 474 1352 ταῖς
493 1301 600 1345 κατὰ
624 1302 750 1357 θεὸν,
791 1307 850 1362 τῷ
879 1307 956 1360 τῆς
985 1301 1150 1360 γνώμης
1181 1301 1327 1346 ἑστῶτι
1355 1303 1536 1358 βεβαίως
1558 1302 1750 1358 ἐγκαρτε-

273 1380 373 1430 ρεῖν.
412 1372 618 1429 αἰνίγματι
642 1372 720 1430 γὰρ
743 1371 916 1423 ἐοικότες
947 1373 986 1416 οἱ
1015 1376 1097 1416 τῶν
1129 1370 1366 1430 ἀνθρώπων
1395 1372 1479 1427 βίοι
1516 1370 1575 1414 δι’
1601 1370 1750 1428 ἑτέρων

277 1443 395 1499 ἕτερα
427 1443 672 1485 συντελοῢσί
697 1459 741 1485 τε
768 1444 836 1485 καὶ
868 1444 1154 1485 διακονοῦνται
1187 1446 1238 1499 τῇ
1265 1439 1400 1485 πάντα
1423 1445 1566 1499 σοφῶς
1589 1443 1750 1484 οἰκονο-

237 1509 418 1569 Βμούσῃ
442 1511 638 1572 προνοίᾳ,
674 1511 752 1567 τὴν
767 1509 884 1567 ἡμῶν
907 1510 1172 1555 λανθάνοντα
1191 1509 1362 1557 σύνεσιν.
1396 1511 1464 1554 καὶ
1483 1514 1558 1554 νῦν
1575 1511 1650 1565 μὲν
1674 1509 1751 1552 ἆλ-

276 1579 416 1637 λήλοις
437 1580 570 1638 ἐχθρὰ
599 1582 667 1624 καὶ
692 1582 865 1636 πολέμια
885 1582 1095 1638 φαίνεται·
1131 1585 1206 1624 νῦν
1227 1582 1271 1624 δὲ
1291 1581 1394 1638 πρὸς
1412 1581 1552 1624 ἕνωσίν
1573 1586 1669 1622 τινα
1683 1579 1749 1621 καὶ
1761 1586 1794 1622 2<

277 1649 511 1707 συγγενικὴν
539 1648 739 1705 ἁρμονίαν
769 1652 883 1694 δοκεῖ
907 1651 1240 1706 συμπλέκεσθαι,
1279 1650 1356 1694 κᾶν
1384 1646 1566 1708 ᾖπολλὰ
1594 1649 1648 1691 τὰ
1675 1665 1751 1704 με-

243 1737 246 1742 ·
277 1719 381 1770 ταξὺ
404 1719 577 1777 χρονικὰ
602 1719 878 1777 διαστήματα.
952 1722 1011 1779 (Γ
1009 1721 1042 1779 )
1070 1721 1195 1763 Ἀλλὰ
1226 1725 1358 1763 ταῦτα
1386 1717 1612 1762 καθολικὸν
1639 1718 1751 1774 εἶ’ρη-

277 1805 346 1832 ται
368 1787 534 1847 τρόπον.
571 1794 758 1833 συντελεῖ
773 1790 813 1833 δ’
840 1788 951 1845 ὅμως
972 1790 1078 1833 κατὰ
1096 1790 1148 1833 τὰ
1169 1794 1243 1833 νῦν
1265 1791 1333 1832 καὶ
1350 1787 1448 1845 ἦμΐν
1470 1786 1623 1844 ὁμοίως
1644 1805 1752 1843 συμ-

371 1885 406 1924 4.
431 1884 557 1932 νόμων
576 1899 638 1923 em.
658 1887 758 1923 Boiv.
781 1899 844 1934 pro
868 1884 992 1934 νόμοι.
1095 1889 1150 1923 10.
1173 1884 1243 1923 κάκ
1263 1899 1328 1922 em.
1347 1886 1448 1922 Boiv.
1463 1897 1526 1932 pro
1548 1885 1624 1922 καί.

280 1978 380 2013 quam
401 1968 542 2002 moleste
560 1968 684 2002 ferrem
703 1979 743 2003 ac
761 1968 936 2013 lugerem,
960 1966 1027 2002 nisi
1046 1970 1199 2002 veterum
1219 1966 1425 2013 sapientium
1441 1965 1534 2000 dicta
1548 1991 1558 2009 ,
1583 1976 1672 2011 quae
1695 1976 1752 1999 res

281 2015 443 2048 humanas
467 2014 646 2049 instabiles
673 2027 714 2049 ac
736 2014 850 2049 fluxas
870 2026 946 2048 esse
976 2014 1171 2057 declarant,
1197 2013 1450 2058 aegritudinem
1475 2012 1577 2047 animi
1607 2012 1673 2046 mei
1697 2022 1754 2045 so-

280 2059 447 2094 larentur.
511 2060 600 2094 Nam
627 2072 850 2106 quaecunque
877 2072 933 2095 res
968 2072 1035 2094 non
1066 2073 1108 2095 ex
1142 2061 1274 2106 regulis
1300 2066 1336 2095 et
1369 2060 1483 2106 legum
1515 2058 1752 2105 praescriptis,

280 2106 343 2140 sed
371 2117 414 2140 ex
437 2106 598 2140 fortunae
622 2107 827 2152 maiorisque
860 2107 1043 2152 potestatis
1071 2107 1249 2152 suffragiis
1275 2108 1450 2153 pendent,
1483 2117 1598 2140 earum
1631 2116 1752 2138 cursus

281 2163 417 2198 semper
442 2152 632 2198 inaequalis
652 2158 724 2195 est3
749 2153 867 2188 similis
891 2165 1012 2199 nempe
1030 2154 1192 2189 fluctibus
1210 2154 1246 2188 in
1270 2166 1307 2188 se
1326 2153 1606 2193 recurrentibus,
1631 2155 1667 2185 et
1688 2162 1754 2184 un-

281 2199 399 2233 dantis
431 2199 547 2244 pelagi
575 2199 815 2242 incrementis,
850 2200 996 2246 aliisque
1025 2202 1188 2235 fretorum
1224 2199 1512 2246 reciprocantium
1539 2197 1755 2232 vicissitudi-

281 2245 396 2280 nibus.
441 2245 562 2291 Itaque
579 2245 648 2280 illis
671 2257 736 2281 nec
755 2246 920 2281 eiusmodi
942 2247 1102 2292 gaudium
1123 2247 1245 2289 datur,
1279 2246 1371 2292 quod
1391 2244 1602 2281 lacrimarum
1626 2255 1755 2290 perpe—

282 2296 342 2326 tuo
358 2302 481 2337 expers
501 2297 656 2334 maneat,
678 2303 742 2327 nec
761 2293 927 2327 eiusmodi
941 2294 1106 2336 tristitia,
1133 2306 1222 2340 quae
1242 2294 1334 2327 nullo
1355 2302 1500 2337 unquam
1520 2291 1648 2335 gaudio
1665 2295 1754 2324 tem-

283 2343 443 2384 peretur,
469 2338 531 2372 sed
555 2338 660 2373 mixta
685 2339 807 2374 omnia.
856 2341 910 2374 Ex
929 2341 994 2374 hac
1021 2344 1152 2382 autem,
1176 2339 1315 2386 quaein
1332 2338 1447 2373 varias
1466 2337 1562 2372 vitae
1584 2336 1753 2370 conditio-

282 2396 346 2419 nes
363 2384 529 2427 incurrit,
553 2385 747 2420 temeritate
769 2390 806 2420 et
826 2386 987 2422 fortunae
1013 2387 1090 2422 alea
1113 2389 1229 2432 potest
1251 2383 1500 2430 intelligentior
1522 2383 1688 2429 quisque,
1723 2382 1754 2417 si

283 2431 429 2466 animum
449 2430 625 2473 attendat,
649 2431 827 2468 latentium
845 2433 879 2467 in
897 2433 983 2479 ipsis
998 2434 1102 2468 rebus
1115 2432 1356 2478 mysteriorum
1373 2431 1521 2477 aliquam
1540 2435 1673 2476 partem
1691 2440 1754 2464 ve-

283 2477 336 2512 lut
362 2489 406 2512 ex
424 2477 599 2512 elementis
617 2481 654 2512 et
671 2478 810 2523 syllabis
833 2492 1063 2526 cognoscere,
1089 2481 1244 2525 adeoque
1262 2482 1462 2512 eventorum
1482 2476 1666 2511 insolentia
1689 2487 1754 2510 nec

283 2523 484 2570 perturbari
505 2535 569 2559 nec
592 2525 854 2569 obstupescere3
886 2527 947 2561 sed
978 2527 1013 2560 in
1037 2525 1158 2560 mediis
1182 2524 1455 2566 calamitatibus,
1480 2522 1683 2569 praesertim
1709 2521 1755 2556 iis

284 2581 376 2616 quae
400 2571 443 2605 ad
465 2570 574 2606 Deum
599 2570 710 2617 ipsum
737 2573 950 2616 referuntur,
974 2573 1110 2607 immoto
1136 2571 1240 2607 animi
1270 2575 1363 2606 statu
1390 2572 1525 2605 durare.
1585 2568 1755 2604 Nimirum

284 2616 471 2662 aenigmati
487 2616 613 2652 similes
631 2618 798 2653 humanae
825 2631 882 2654 res
906 2618 1143 2666 providentiae
1161 2618 1274 2653 omnia
1297 2617 1472 2663 sapienter
1488 2614 1684 2662 disponenti
1704 2613 1755 2648 sic

285 2664 461 2706 serviunt,
483 2668 523 2698 ut
542 2664 574 2698 ei
590 2663 660 2699 alia
677 2676 738 2710 per
759 2665 844 2700 alias
861 2677 984 2701 causas
1010 2665 1183 2712 [eventa],
1205 2664 1414 2699 intellectum
1440 2666 1593 2697 nostrum
1617 2660 1756 2706 fugien-

284 2710 356 2752 tia,
380 2710 477 2744 velut
503 2709 720 2746 contribuant
746 2715 853 2757 atque
879 2712 1147 2748 subministrent.
1202 2711 1329 2756 anue
1354 2721 1445 2744 nunc
1472 2719 1588 2743 secum
1609 2707 1756 2741 invicem

285 2754 423 2791 inimica
443 2760 479 2791 et
496 2756 624 2793 infesta
640 2768 685 2803 pu
713 2769 816 2800 nare,
840 2770 927 2793 nunc
944 2759 980 2794 in
1000 2770 1103 2793 unum
1122 2757 1316 2792 coalescere
1335 2762 1371 2792 et
1394 2755 1541 2803 quodum
1560 2753 1670 2789 veluti
1697 2764 1756 2787 co-

286 2802 459 2846 gnationis
485 2803 627 2839 foedere
651 2803 688 2839 vi
714 2808 814 2839 entur
837 2805 1014 2851 colligari,
1037 2803 1175 2839 tametsi
1197 2803 1330 2850 magnis
1354 2808 1543 2849 temporum
1566 2798 1758 2834 intervallis

286 2847 536 2895 disiungantur.
583 2850 687 2897 (111.)
708 2850 781 2886 Sed
802 2851 889 2888 haec
910 2851 1047 2898 quidem
1071 2851 1259 2897 generatim
1283 2849 1378 2885 dicta
1394 2852 1496 2892 sunt3
1519 2846 1678 2893 apposite
1701 2849 1758 2880 ta-
