1794 3172
243 124 346 176 592
656 134 971 180 NICEPHORI
1000 134 1323 180 GREGORAE

30 253 68 288 A.
88 253 131 287 M.
147 250 239 290 6849
251 242 447 287 τάναντία
476 243 583 286 κατὰ
611 243 683 287 τόν
713 244 839 288 αὐτὸν
856 242 1009 303 χρόνον
1038 245 1081 288 ἐν
1109 249 1168 304 τῷ
1200 245 1313 304 αὐτῷ
1340 245 1531 304 γενέσθαι
1562 245 1724 291 ὗποκει-

81 302 184 336 1¹¹d·9
245 313 356 372 με’νῳ
391 318 475 357 τῶν
511 311 733 369 ἀμηχάνων
767 312 873 358 εἶναί
907 330 1023 373 φασι.
1074 312 1227 358 τούτου
1266 315 1310 358 δ’
1357 315 1491 368 οὕτως
1541 314 1720 372 ἔχοντος,

249 383 325 438 οὐχ
353 380 437 440 ὁρῶ
469 384 531 433 τίς
565 382 615 426 ἂν
650 384 740 438 ἐμοὶ
772 384 926 440 γένοιτο
954 383 1142 440 μηχανὴ,
1187 383 1215 440 ἢ
1248 386 1486 442 μεριζομένη
1514 386 1618 443 πρὸς
1647 385 1721 430 δύο

244 449 555 496 τάναντιώτατα
600 453 819 510 παρέχοιτο
868 455 973 513 δρᾷν
1007 453 1209 511 ἀσφαλῶς
1239 453 1266 496 ἃ
1294 456 1635 512 προκεχείρισμαι.
1673 455 1722 499 τὸ

246 523 322 578 μὲν
352 521 432 578 γὰρ
472 526 555 564 τῶν
581 527 728 565 κοινῶν
753 527 1021 580 προνοεῖσθαι
1049 521 1301 580 πραγμάτων
1339 521 1534 567 ἁπάντων
1571 525 1642 568 ἕνα
1670 530 1758 580 με5

206 591 347 636 Βὸντα
369 580 521 644 αὐτὸν,
556 593 624 633 καὶ
651 589 816 635 πάντων
840 593 1120 647 ἐπιμελεῖσθαι
1148 597 1231 635 τῶν
1250 591 1496 637 ὑπεικόντων
1528 597 1579 651 τῇ
1599 599 1726 649 βασι-

245 662 335 720 λεία
360 658 598 718 ἀνθρώπων
626 661 685 717 μὴ
710 660 864 721 ῥᾳδίως
883 659 964 704 ὑπὸ
985 665 1067 706 τῶν
1088 663 1294 716 πολεμίων
1310 661 1602 718 βλάπτεσθαι,
1641 668 1726 706 πᾶ·-

246 746 326 773 σαν
355 729 456 772 ἕλκει
484 730 588 787 πρὸς
613 729 735 774 ἑαυτὸ
764 729 975 784 διάνοιαν,
1015 732 1083 773 καὶ
1114 735 1253 774 πᾶσαν
1282 736 1488 789 λογισμῶν
1503 730 1726 776 ὖποτάττει

244 800 473 857 φροντίδα·
510 799 557 842 τὸ
590 800 631 843 δ’
667 800 809 850 αὐτοῖς
836 800 1024 854 ἐκείνοις,
1063 794 1120 843 ὧν
1154 800 1452 857 προνενόημαι,
1491 801 1727 857 ἐπιβούλοις

243 872 474 925 κεχρῆσθαι
504 869 610 912 κατὰ
638 874 714 927 τῆς
745 871 926 924 ἐμαυτοῦ
968 871 1096 926 ζωῆς,
1141 875 1265 914 τοῦτο
1308 872 1352 913 δὲ
1381 869 1642 928 παγχάλεπον
1672 871 1722 916 ὂν
1736 883 1781 919 10

245 935 456 994 ἀναγκάζει
486 937 652 982 πάντων
683 937 925 982 ἀποστάντα
954 957 1006 994 με
1038 943 1122 982 τῶν
1158 939 1296 983 ἄλλων
1327 942 1561 998 φροντίδων
1595 939 1728 997 μόνης

243 1000 322 1063 τῆς
350 1009 529 1062 ἐμαυτοῦ
564 1010 669 1064 ζωῆς
698 1013 992 1066 προνοεῖσθαι,
1040 1010 1108 1051 καὶ
1133 1009 1210 1065 τὴν
1239 1011 1390 1052 οἰκείαν
1421 1009 1653 1068 ἀσφάλειαν
1681 1012 1725 1054 ἐκ

206 1076 402 1128 Επαντὸς
429 1076 795 1135 πραγματεύεσθαι
823 1076 994 1135 τρόπου.
1031 1076 1181 1122 τούτου
1212 1079 1256 1122 δὲ
1285 1079 1362 1134 τὴν
1392 1077 1620 1137 διόρθωσιν
1643 1080 1726 1136 ἀμ·-

243 1153 340 1204 ςοοῖν
366 1144 463 1202 ὑμῖν
497 1147 758 1205 ἀνηρτῆσθαι
790 1149 935 1205 ἐχρῆν,
975 1148 1010 1204 εἴ
1039 1147 1093 1190 τὰ
1112 1150 1250 1192 δίκαια
1272 1146 1465 1206 πράττειν
1482 1148 1721 1204 ἐβούλεσθε,

243 1213 306 1266 οἷς
323 1217 445 1272 χρέος
475 1215 586 1260 ἅπαν
609 1217 787 1273 ἀνῆπται
816 1221 917 1260 πᾶσι
938 1215 1106 1276 τρόποις
1128 1219 1362 1275 ἐπείγεσθαι
1392 1218 1634 1276 ἀποτρέπειν
1654 1221 1722 1262 καὶ
1737 1227 1782 1263 15

241 1283 509 1339 ἀποκόπτειν,
549 1286 622 1329 εἴτι
651 1305 731 1330 που
760 1284 867 1330 κατά
894 1303 937 1330 τε
969 1291 1053 1330 τῶν
1076 1291 1151 1342 τῆς
1180 1289 1394 1343 βασιλείας
1422 1286 1529 1343 ὁμοῦ
1561 1290 1725 1344 καὶτῆς

239 1355 455 1411 ἐκκλησίας
473 1353 702 1414 ὑποφύοιτο
725 1357 868 1407 κακίας
890 1354 1139 1413 βλάστημα,
1180 1356 1202 1401 ὃ
1235 1361 1474 1412 λυμανεῖται
1494 1363 1723 1416 προβαῖνον

239 1426 297 1474 εἷς
336 1423 506 1480 αὔξησιν
540 1428 609 1469 καὶ
648 1425 758 1470 ἅπαν
787 1425 920 1483 ἄρδην
951 1426 1121 1484 ἀφανιεΐ
1149 1426 1196 1470 τὸ
1228 1425 1380 1485 κράτος
1402 1427 1572 1485 ἀμφοῖν.
1608 1426 1725 1482 ὑμεῖς

240 1494 287 1536 δὲ
313 1499 547 1552 μοχθηροῖς
574 1494 749 1554 ἀνδράσι
774 1495 918 1552 λάθρα
957 1498 1026 1540 καὶ
1061 1496 1191 1552 συχνὰ
1231 1495 1606 1553 κοινολογούμενοι,
1655 1499 1725 1540 καὶ

202 1569 330 1614 Ἑτοῖς
362 1564 499 1608 αὐτῶν
529 1564 782 1623 παραλόγοις
808 1564 996 1621 ἑπόμενοι
1023 1563 1180 1622 λόγοις,
1228 1570 1280 1624 τῇ
1311 1566 1506 1627 ἀριστερᾷ
1522 1568 1628 1626 χειρὶ
1647 1566 1723 1623 τὴν
1735 1574 1781 1609 20

240 1632 375 1683 δεξιὰν
406 1632 651 1679 ἀποκόπτειν
687 1636 957 1693 ἐπειγομένοις
1002 1633 1161 1686 ἑκόντες
1201 1635 1370 1680 ἐοίκατε,
1417 1635 1554 1679 ἔπειτα
1588 1639 1624 1679 εἶ
1646 1637 1723 1692 μὲν

239 1702 351 1757 ἐμοῦ
372 1703 449 1759 τὴν
473 1704 616 1760 ψυχὴν
647 1703 798 1763 ἐξάγειν
828 1709 902 1748 τοῦ
941 1702 1136 1760 σώματος
1162 1712 1250 1756 τοῖς
1278 1704 1510 1760 ἐπιβούλοις
1536 1701 1587 1762 ἦν
1619 1706 1723 1764 πρὸς

237 1769 476 1827 βουλήσεως
505 1771 664 1828 μόνου,
710 1769 780 1818 καὶ
811 1773 870 1830 μὴ
900 1774 1006 1817 κατὰ
1037 1773 1193 1825 παντὸς
1213 1773 1379 1832 ἐχώρει,
1417 1779 1501 1818 τῶν
1525 1792 1569 1818 τε
1590 1778 1723 1833 φίλων

239 1842 309 1883 καὶ
329 1845 412 1884 τῶν
441 1839 639 1897 ἐκγόνων,
687 1843 736 1886 τὸ
763 1847 840 1899 τῆς
859 1847 978 1900 σφῶν
1001 1842 1211 1895 ἀναιδείας
1234 1845 1377 1901 ξίφος,
1422 1844 1522 1895 ἴσως
1538 1845 1615 1900 μὲν
1635 1846 1722 1888 ἐσί-

329 1928 388 1964 23.
409 1926 561 1966 πάντων
584 1930 674 1965 coni.
692 1930 794 1966 Boiv.

237 1997 441 2032 stantissimi
462 1999 636 2034 contraria
654 2000 772 2035 eodem
788 2003 945 2047 tempore
964 1998 1074 2035 eidem
1094 1999 1148 2036 rei
1171 2006 1300 2047 negant
1320 2001 1433 2036 inesse
1462 2013 1576 2048 posse.
1617 2001 1721 2044 Quod

236 2054 312 2077 cum
331 2043 381 2078 ita
398 2045 467 2087 sit,
490 2057 558 2080 non
577 2046 678 2081 video
696 2058 862 2093 quaenam
886 2058 907 2080 a
926 2059 979 2081 me
999 2046 1108 2093 possit
1127 2048 1281 2083 machina
1298 2048 1475 2092 adhiberi,
1499 2061 1568 2094 qua
1586 2049 1719 2084 duabus

234 2091 339 2124 rebus
362 2090 475 2137 iisque
501 2092 645 2127 maxime
671 2093 854 2127 contrariis
889 2093 1003 2127 divisa
1034 2094 1230 2129 cautissime
1253 2095 1378 2141 possim
1401 2096 1544 2142 exsequi
1566 2108 1609 2130 ea
1631 2108 1720 2141 quae

234 2136 387 2171 decrevi.
437 2137 527 2172 Nam
555 2144 591 2173 et
617 2139 683 2174 toti
710 2140 869 2185 publicae
898 2140 950 2174 rei
979 2151 1082 2174 unum
1113 2153 1166 2175 me
1192 2142 1412 2188 prospicere,
1435 2148 1471 2177 et
1488 2143 1531 2177 de
1551 2143 1719 2184 omnibus,

234 2182 297 2227 qui
317 2183 397 2217 huic
415 2183 558 2230 imperio
587 2186 736 2220 subiecti
764 2191 863 2228 sunt,
887 2186 1069 2220 sollicitum
1087 2199 1184 2230 esse,
1209 2199 1253 2222 ne
1271 2189 1354 2233 quid
1371 2189 1566 2223 detrimenti
1589 2195 1718 2224 temere

236 2229 281 2263 ab
303 2229 458 2265 hostibus
479 2230 672 2277 accipiant,
696 2232 732 2266 id
751 2232 886 2277 quidem
912 2245 1028 2267 omnes
1051 2234 1159 2268 trahit
1181 2235 1225 2268 ad
1254 2246 1292 2268 se
1319 2235 1421 2269 animi
1439 2247 1575 2277 nervos,
1600 2247 1717 2269 omnes

235 2275 392 2311 vindicat
415 2278 644 2323 cogitationes
663 2283 699 2313 et
722 2290 837 2313 curas.
883 2280 931 2314 At
953 2291 1012 2313 eos
1039 2279 1133 2325 ipsos
1155 2281 1249 2315 vitae
1272 2293 1370 2316 meae
1389 2281 1567 2323 insidiari,
1592 2281 1717 2327 quibus

237 2321 396 2364 consulo,
424 2323 461 2357 id
481 2336 563 2358 vero
581 2325 819 2370 gravissimum
840 2337 914 2360 cum
934 2325 998 2368 sit,
1022 2326 1117 2371 cogit
1133 2338 1186 2361 me
1206 2327 1295 2361 omni
1314 2328 1384 2362 alia
1403 2340 1488 2362 cura
1506 2329 1642 2363 abiecta
1658 2328 1717 2362 uni

236 2367 420 2413 providere
438 2370 672 2413 salutiqmeae,
695 2376 731 2406 et
750 2383 884 2417 quoquo
909 2372 1006 2406 modo
1025 2383 1150 2418 parare
1168 2373 1248 2407 mihi
1270 2374 1499 2408 securitatem.
1546 2374 1635 2408 Eius
1652 2386 1718 2408 au-

237 2419 304 2448 tem
322 2415 373 2449 rei
392 2416 657 2452 emendationem
676 2418 837 2452 ambobus
857 2419 955 2452 vobis
975 2419 1172 2454 incumbere
1194 2421 1398 2465 oportebat,
1421 2420 1549 2466 siquae
1570 2432 1716 2466 aequum

236 2466 312 2495 erat
337 2474 379 2496 ea
403 2463 520 2506 facere
538 2463 753 2506 voluissetis3
785 2465 884 2499 vobis
910 2464 1066 2510 inquam,
1091 2465 1133 2500 ad
1156 2478 1242 2511 quos
1266 2478 1308 2501 ea
1331 2466 1439 2501 omnis
1460 2478 1544 2501 cura
1567 2472 1716 2511 spectat,

237 2517 380 2552 quorum
401 2521 498 2544 omne
516 2509 664 2545 studium
683 2510 719 2545 iu
739 2522 780 2545 eo
801 2510 880 2556 poni
899 2511 1024 2553 debet,
1051 2517 1090 2546 ut
1110 2513 1278 2547 avertatis
1297 2525 1338 2547 ac
1357 2513 1586 2559 praecidatis,
1612 2514 1717 2558 quid·-

237 2552 322 2598 quid
341 2555 377 2588 in
396 2555 573 2601 imperium
593 2556 692 2591 simul
710 2562 746 2591 et
773 2557 950 2592 ecclesiam
978 2558 1189 2593 succreverit
1206 2559 1369 2604 germinis
1386 2558 1478 2600 mali,
1503 2571 1569 2604 quo
1588 2560 1623 2594 in
1641 2559 1715 2594 dies

233 2606 442 2644 augescente
464 2603 636 2648 corrumpi
656 2603 765 2649 possit
785 2609 892 2649 atque
915 2604 1047 2638 omnino
1066 2605 1174 2639 deleri
1193 2605 1372 2651 utriusque
1390 2606 1573 2651 potestatis
1594 2607 1713 2641 robur.

231 2646 280 2679 At
295 2657 370 2688 vos,
393 2659 469 2682 cum
486 2649 650 2695 improbis
668 2650 858 2685 hominibus
877 2651 962 2685 clam
984 2657 1020 2685 et
1038 2652 1160 2685 crebro
1182 2651 1429 2697 colloquentes,
1455 2664 1640 2697 eorumque
1661 2653 1714 2686 in-

231 2691 323 2726 sanis
342 2693 478 2729 inducti
496 2696 734 2740 suasionibus,
756 2696 801 2731 iis
820 2696 909 2732 ultro
929 2697 1173 2739 assimilamini,
1198 2697 1259 2743 qui
1278 2697 1418 2733 sinistra
1437 2710 1536 2733 manu
1557 2700 1713 2733 dextram

231 2745 409 2784 amputare
433 2741 602 2776 studeant.
647 2743 719 2778 Iam
739 2755 822 2778 vero
835 2768 846 2785 ‚
870 2743 902 2777 si
920 2744 1064 2778 animam
1088 2743 1253 2778 mihivuni
1269 2744 1404 2790 eripere
1423 2745 1552 2779 vellent
1570 2745 1714 2779 iusidia-

229 2787 325 2820 tores
343 2786 430 2829 mei,
455 2799 519 2823 nec
537 2800 652 2823 eorum
669 2789 950 2825 insolentissimus
972 2789 1109 2836 gladius
1132 2802 1195 2836 per
1205 2791 1331 2825 amicos
1353 2803 1479 2832 omnes,
1500 2803 1563 2837 per
1583 2803 1713 2826 omnem

231 2830 374 2878 stirpem
398 2838 490 2870 esset
508 2846 740 2883 pervasurus,
763 2835 934 2885 quiessem
955 2847 1032 2883 ego„
1046 2837 1216 2880 fortasse,
1252 2837 1402 2874 sortasse
1422 2837 1526 2874 etiam
1546 2850 1613 2874 non
1635 2838 1712 2884 qui-
