<?xml version="1.0" encoding="UTF-8"?>
<!DOCTYPE html PUBLIC "-//W3C//DTD XHTML 1.0 Transitional//EN"
    "http://www.w3.org/TR/xhtml1/DTD/xhtml1-transitional.dtd">
<html xmlns="http://www.w3.org/1999/xhtml" xml:lang="en" lang="en">
 <head>
  <title>
</title>
<meta http-equiv="Content-Type" content="text/html;charset=utf-8" />
  <meta name='ocr-system' content='tesseract 3.04.00' />
  <meta name='ocr-capabilities' content='ocr_page ocr_carea ocr_par ocr_line ocrx_word'/>
</head>
<body>
  <div class='ocr_page' id='page_1' title='image "./corpusscriptorum39niebuoft_0132.png"; bbox 0 0 1794 3172; ppageno 0'>
   <div class='ocr_carea' id='block_1_1' title="bbox 275 533 1685 614">
    <p class='ocr_par' dir='ltr' id='par_1_1' title="bbox 275 533 1685 614">
     <span class='ocr_line' id='line_1_1' title="bbox 275 533 1685 614; baseline -0.001 0"><span class='ocrx_word' id='word_1_1' title='bbox 275 554 888 614; x_wconf 71' lang='grc' dir='ltr'><em>ΝΙΚΗΦΟΡΟΥ</em></span> <span class='ocrx_word' id='word_1_2' title='bbox 942 552 1132 612; x_wconf 82' lang='lat' dir='ltr'><em>TOY</em></span> <span class='ocrx_word' id='word_1_3' title='bbox 1184 533 1685 612; x_wconf 78' lang='grc' dir='ltr'><em>ΓΡΗΓΟΡΑ</em></span> 
     </span>
    </p>
   </div>
   <div class='ocr_carea' id='block_1_2' title="bbox 425 692 1530 852">
    <p class='ocr_par' dir='ltr' id='par_1_2' title="bbox 425 692 1530 852">
     <span class='ocr_line' id='line_1_2' title="bbox 425 692 1530 745; baseline -0.002 -3"><span class='ocrx_word' id='word_1_4' title='bbox 425 695 969 745; x_wconf 68' lang='grc' dir='ltr'><em>ΡΩΜΛΙΚΗΣ</em></span> <span class='ocrx_word' id='word_1_5' title='bbox 1034 692 1530 743; x_wconf 83' lang='grc' dir='ltr'><em>ΙΣΤΟΡΙΑΣ</em></span> 
     </span>
     <span class='ocr_line' id='line_1_3' title="bbox 763 810 1193 852; baseline -0.012 0"><span class='ocrx_word' id='word_1_6' title='bbox 763 812 1067 852; x_wconf 50' lang='grc' dir='ltr'><strong><em>«4οΓοΣ</em></strong></span> <span class='ocrx_word' id='word_1_7' title='bbox 1122 810 1193 848; x_wconf 78' lang='lat' dir='ltr'><em>M.</em></span> 
     </span>
    </p>
   </div>
   <div class='ocr_carea' id='block_1_3' title="bbox 236 951 1709 1145">
    <p class='ocr_par' dir='ltr' id='par_1_3' title="bbox 236 951 1709 1145">
     <span class='ocr_line' id='line_1_4' title="bbox 236 951 1709 1017; baseline -0.003 -1"><span class='ocrx_word' id='word_1_8' title='bbox 236 955 930 1017; x_wconf 40' lang='lat' dir='ltr'>NI(]EIVH()RIJ</span> <span class='ocrx_word' id='word_1_9' title='bbox 1036 951 1709 1015; x_wconf 59' lang='lat' dir='ltr'><strong>GI{E(}()RJAE</strong></span> 
     </span>
     <span class='ocr_line' id='line_1_5' title="bbox 240 1059 1500 1145; baseline -0.005 1"><span class='ocrx_word' id='word_1_10' title='bbox 240 1059 242 1061; x_wconf 30' lang='lat'><em>&#39;</em></span> <span class='ocrx_word' id='word_1_11' title='bbox 450 1092 982 1145; x_wconf 84' lang='lat' dir='ltr'><strong>BYZANTINAE</strong></span> <span class='ocrx_word' id='word_1_12' title='bbox 1052 1091 1500 1142; x_wconf 86' lang='lat' dir='ltr'><strong>HISTORIAE</strong></span> 
     </span>
    </p>
   </div>
   <div class='ocr_carea' id='block_1_4' title="bbox 552 1222 1403 1274">
    <p class='ocr_par' dir='ltr' id='par_1_4' title="bbox 552 1222 1403 1274">
     <span class='ocr_line' id='line_1_6' title="bbox 552 1222 1403 1274; baseline -0.004 -9"><span class='ocrx_word' id='word_1_13' title='bbox 552 1226 739 1267; x_wconf 88' lang='lat' dir='ltr'>LIBER</span> <span class='ocrx_word' id='word_1_14' title='bbox 773 1224 1057 1265; x_wconf 89' lang='lat' dir='ltr'>DECIMUS</span> <span class='ocrx_word' id='word_1_15' title='bbox 1089 1222 1403 1274; x_wconf 84' lang='lat' dir='ltr'><strong>QUARTUS.</strong></span> 
     </span>
    </p>
   </div>
   <div class='ocr_carea' id='block_1_5' title="bbox 715 1443 1237 1494">
    <p class='ocr_par' dir='ltr' id='par_1_5' title="bbox 715 1443 1237 1494">
     <span class='ocr_line' id='line_1_7' title="bbox 715 1443 1237 1494; baseline -0.006 -13"><span class='ocrx_word' id='word_1_16' title='bbox 715 1443 1237 1494; x_wconf 60' lang='lat' dir='ltr'>ARGUMENTUM</span> 
     </span>
    </p>
   </div>
   <div class='ocr_carea' id='block_1_6' title="bbox 234 1515 1719 2915">
    <p class='ocr_par' dir='ltr' id='par_1_6' title="bbox 234 1515 1719 2915">
     <span class='ocr_line' id='line_1_8' title="bbox 335 1515 1717 1560; baseline -0.003 -10"><span class='ocrx_word' id='word_1_17' title='bbox 335 1515 607 1558; x_wconf 84' lang='lat' dir='ltr'><em>Cantacuzenus,</em></span> <span class='ocrx_word' id='word_1_18' title='bbox 631 1527 707 1550; x_wconf 86' lang='lat' dir='ltr'><em>cum</em></span> <span class='ocrx_word' id='word_1_19' title='bbox 726 1516 868 1550; x_wconf 88' lang='lat' dir='ltr'><em>Amurio</em></span> <span class='ocrx_word' id='word_1_20' title='bbox 897 1515 1207 1560; x_wconf 77' lang='lat' dir='ltr'><em>christopolitanas</em></span> <span class='ocrx_word' id='word_1_21' title='bbox 1223 1515 1349 1559; x_wconf 77' lang='lat' dir='ltr'><strong><em>fauces</em></strong></span> <span class='ocrx_word' id='word_1_22' title='bbox 1370 1517 1632 1559; x_wconf 84' lang='lat' dir='ltr'><em>transgressus,</em></span> <span class='ocrx_word' id='word_1_23' title='bbox 1655 1524 1717 1558; x_wconf 87' lang='lat' dir='ltr'><em>op-</em></span> 
     </span>
     <span class='ocr_line' id='line_1_9' title="bbox 235 1561 1717 1608; baseline -0.001 -13"><span class='ocrx_word' id='word_1_24' title='bbox 235 1561 324 1607; x_wconf 81' lang='lat' dir='ltr'><em>pida</em></span> <span class='ocrx_word' id='word_1_25' title='bbox 353 1563 539 1596; x_wconf 88' lang='lat' dir='ltr'><em>sollicitare</em></span> <span class='ocrx_word' id='word_1_26' title='bbox 569 1563 754 1597; x_wconf 85' lang='lat' dir='ltr'><em>constituit.</em></span> <span class='ocrx_word' id='word_1_27' title='bbox 813 1563 1003 1597; x_wconf 74' lang='lat' dir='ltr'><em>Perithorio</em></span> <span class='ocrx_word' id='word_1_28' title='bbox 1021 1565 1161 1607; x_wconf 83' lang='lat' dir='ltr'><em>frustra</em></span> <span class='ocrx_word' id='word_1_29' title='bbox 1183 1566 1403 1608; x_wconf 81' lang='lat' dir='ltr'><em>oppugnato,</em></span> <span class='ocrx_word' id='word_1_30' title='bbox 1438 1561 1717 1605; x_wconf 79' lang='lat' dir='ltr'><em>Didymotichum</em></span> 
     </span>
     <span class='ocr_line' id='line_1_10' title="bbox 238 1608 1717 1654; baseline 0.001 -13"><span class='ocrx_word' id='word_1_31' title='bbox 238 1609 325 1644; x_wconf 87' lang='lat' dir='ltr'><em>abit.</em></span> <span class='ocrx_word' id='word_1_32' title='bbox 374 1609 428 1642; x_wconf 84' lang='lat' dir='ltr'><em>Ibi</em></span> <span class='ocrx_word' id='word_1_33' title='bbox 450 1621 486 1643; x_wconf 91' lang='lat' dir='ltr'><em>se</em></span> <span class='ocrx_word' id='word_1_34' title='bbox 509 1614 542 1643; x_wconf 88' lang='lat' dir='ltr'><em>et</em></span> <span class='ocrx_word' id='word_1_35' title='bbox 559 1611 643 1643; x_wconf 62' lang='lat' dir='ltr'><em>⁴suos</em></span> <span class='ocrx_word' id='word_1_36' title='bbox 665 1610 786 1654; x_wconf 73' lang='lat' dir='ltr'><em>reficit.</em></span> <span class='ocrx_word' id='word_1_37' title='bbox 838 1610 963 1643; x_wconf 82' lang='lat' dir='ltr'><strong><em>Irenae</em></strong></span> <span class='ocrx_word' id='word_1_38' title='bbox 995 1609 1094 1643; x_wconf 74' lang='lat' dir='ltr'><em>uxori</em></span> <span class='ocrx_word' id='word_1_39' title='bbox 1123 1609 1266 1654; x_wconf 81' lang='lat' dir='ltr'><em>gratias</em></span> <span class='ocrx_word' id='word_1_40' title='bbox 1290 1609 1370 1653; x_wconf 78' lang='lat' dir='ltr'><em>agit</em></span> <span class='ocrx_word' id='word_1_41' title='bbox 1393 1609 1433 1642; x_wconf 84' lang='lat' dir='ltr'><em>ob</em></span> <span class='ocrx_word' id='word_1_42' title='bbox 1456 1619 1512 1642; x_wconf 87' lang='lat' dir='ltr'><em>res</em></span> <span class='ocrx_word' id='word_1_43' title='bbox 1532 1608 1717 1653; x_wconf 87' lang='lat' dir='ltr'><em>praeclare</em></span> 
     </span>
     <span class='ocr_line' id='line_1_11' title="bbox 234 1655 1718 1700; baseline -0.001 -12"><span class='ocrx_word' id='word_1_44' title='bbox 234 1660 367 1700; x_wconf 84' lang='lat' dir='ltr'><em>gestas.</em></span> <span class='ocrx_word' id='word_1_45' title='bbox 416 1656 502 1690; x_wconf 82' lang='lat' dir='ltr'><em>Eius</em></span> <span class='ocrx_word' id='word_1_46' title='bbox 524 1657 678 1691; x_wconf 87' lang='lat' dir='ltr'><em>mulieris</em></span> <span class='ocrx_word' id='word_1_47' title='bbox 700 1657 888 1691; x_wconf 80' lang='lat' dir='ltr'><em>strenuitas</em></span> <span class='ocrx_word' id='word_1_48' title='bbox 912 1661 946 1691; x_wconf 89' lang='lat' dir='ltr'><em>et</em></span> <span class='ocrx_word' id='word_1_49' title='bbox 968 1656 1122 1690; x_wconf 82' lang='lat' dir='ltr'><em>solertia.</em></span> <span class='ocrx_word' id='word_1_50' title='bbox 1169 1655 1334 1699; x_wconf 77' lang='lat' dir='ltr'><em>Byzantii</em></span> <span class='ocrx_word' id='word_1_51' title='bbox 1359 1656 1504 1689; x_wconf 88' lang='lat' dir='ltr'><em>Amurio</em></span> <span class='ocrx_word' id='word_1_52' title='bbox 1533 1655 1718 1699; x_wconf 84' lang='lat' dir='ltr'><em>pecuniam</em></span> 
     </span>
     <span class='ocr_line' id='line_1_12' title="bbox 235 1702 1718 1746; baseline 0 -12"><span class='ocrx_word' id='word_1_53' title='bbox 235 1703 402 1746; x_wconf 83' lang='lat' dir='ltr'><em>offerunt,</em></span> <span class='ocrx_word' id='word_1_54' title='bbox 426 1707 465 1737; x_wconf 89' lang='lat' dir='ltr'><em>ut</em></span> <span class='ocrx_word' id='word_1_55' title='bbox 488 1704 625 1736; x_wconf 82' lang='lat' dir='ltr'><em>domum</em></span> <span class='ocrx_word' id='word_1_56' title='bbox 648 1704 780 1738; x_wconf 86' lang='lat' dir='ltr'><em>redeat.</em></span> <span class='ocrx_word' id='word_1_57' title='bbox 830 1704 918 1744; x_wconf 75' lang='lat' dir='ltr'><em>Hic,</em></span> <span class='ocrx_word' id='word_1_58' title='bbox 941 1714 980 1736; x_wconf 89' lang='lat' dir='ltr'><em>re</em></span> <span class='ocrx_word' id='word_1_59' title='bbox 1000 1715 1077 1736; x_wconf 86' lang='lat' dir='ltr'><em>cum</em></span> <span class='ocrx_word' id='word_1_60' title='bbox 1098 1704 1337 1737; x_wconf 79' lang='lat' dir='ltr'><em>Cantacuzeno</em></span> <span class='ocrx_word' id='word_1_61' title='bbox 1362 1702 1632 1743; x_wconf 85' lang='lat' dir='ltr'><em>communicata,</em></span> <span class='ocrx_word' id='word_1_62' title='bbox 1654 1712 1718 1745; x_wconf 87' lang='lat' dir='ltr'><em>pe—</em></span> 
     </span>
     <span class='ocr_line' id='line_1_13' title="bbox 234 1749 1717 1795; baseline -0.001 -13"><span class='ocrx_word' id='word_1_63' title='bbox 234 1749 372 1782; x_wconf 87' lang='lat' dir='ltr'><em>cuniam</em></span> <span class='ocrx_word' id='word_1_64' title='bbox 387 1750 524 1794; x_wconf 87' lang='lat' dir='ltr'><em>accipit.</em></span> <span class='ocrx_word' id='word_1_65' title='bbox 555 1750 598 1783; x_wconf 88' lang='grc' dir='ltr'><em>Ιη</em></span> <span class='ocrx_word' id='word_1_66' title='bbox 615 1750 735 1784; x_wconf 83' lang='lat' dir='ltr'><em>Asiam</em></span> <span class='ocrx_word' id='word_1_67' title='bbox 755 1751 898 1793; x_wconf 88' lang='lat' dir='ltr'><em>traiicit,</em></span> <span class='ocrx_word' id='word_1_68' title='bbox 917 1750 1012 1783; x_wconf 83' lang='lat' dir='ltr'><em>brevi</em></span> <span class='ocrx_word' id='word_1_69' title='bbox 1028 1750 1203 1783; x_wconf 83' lang='lat' dir='ltr'><em>rediturus</em></span> <span class='ocrx_word' id='word_1_70' title='bbox 1221 1749 1328 1795; x_wconf 87' lang='lat' dir='ltr'><em>(Cap.</em></span> <span class='ocrx_word' id='word_1_71' title='bbox 1343 1749 1394 1794; x_wconf 92' lang='lat'><em>1).</em></span> <span class='ocrx_word' id='word_1_72' title='bbox 1438 1750 1571 1783; x_wconf 81' lang='lat' dir='ltr'><em>Terrae</em></span> <span class='ocrx_word' id='word_1_73' title='bbox 1590 1752 1623 1783; x_wconf 90' lang='lat' dir='ltr'><em>et</em></span> <span class='ocrx_word' id='word_1_74' title='bbox 1639 1759 1717 1781; x_wconf 86' lang='lat' dir='ltr'><em>ma-</em></span> 
     </span>
     <span class='ocr_line' id='line_1_14' title="bbox 234 1796 1718 1842; baseline -0.001 -13"><span class='ocrx_word' id='word_1_75' title='bbox 234 1796 284 1829; x_wconf 90' lang='lat' dir='ltr'><em>ris</em></span> <span class='ocrx_word' id='word_1_76' title='bbox 308 1796 461 1840; x_wconf 78' lang='lat' dir='ltr'><em>agitatio</em></span> <span class='ocrx_word' id='word_1_77' title='bbox 484 1797 646 1831; x_wconf 87' lang='lat' dir='ltr'><em>violenta.</em></span> <span class='ocrx_word' id='word_1_78' title='bbox 683 1798 808 1832; x_wconf 78' lang='lat' dir='ltr'><em>Clades</em></span> <span class='ocrx_word' id='word_1_79' title='bbox 825 1809 865 1831; x_wconf 74' lang='lat' dir='ltr'><em>ex</em></span> <span class='ocrx_word' id='word_1_80' title='bbox 883 1797 1081 1842; x_wconf 82' lang='lat' dir='ltr'><em>grandine.-</em></span> <span class='ocrx_word' id='word_1_81' title='bbox 1103 1797 1186 1830; x_wconf 87' lang='lat' dir='ltr'><em>item</em></span> <span class='ocrx_word' id='word_1_82' title='bbox 1206 1808 1246 1830; x_wconf 62' lang='grc' dir='ltr'><em>επ</em></span> <span class='ocrx_word' id='word_1_83' title='bbox 1263 1801 1380 1830; x_wconf 89' lang='lat' dir='ltr'><em>terrae</em></span> <span class='ocrx_word' id='word_1_84' title='bbox 1397 1801 1504 1830; x_wconf 87' lang='lat' dir='ltr'><em>motu.</em></span> <span class='ocrx_word' id='word_1_85' title='bbox 1538 1796 1590 1838; x_wconf 83' lang='lat' dir='ltr'><em>De</em></span> <span class='ocrx_word' id='word_1_86' title='bbox 1610 1807 1718 1840; x_wconf 63' lang='lat' dir='ltr'><em>emm-</em></span> 
     </span>
     <span class='ocr_line' id='line_1_15' title="bbox 235 1842 1718 1888; baseline 0 -13"><span class='ocrx_word' id='word_1_87' title='bbox 235 1842 384 1876; x_wconf 85' lang='lat' dir='ltr'><em>datione.</em></span> <span class='ocrx_word' id='word_1_88' title='bbox 434 1843 484 1876; x_wconf 87' lang='lat' dir='ltr'><em>De</em></span> <span class='ocrx_word' id='word_1_89' title='bbox 506 1848 623 1877; x_wconf 89' lang='lat' dir='ltr'><em>terrae</em></span> <span class='ocrx_word' id='word_1_90' title='bbox 645 1849 739 1878; x_wconf 89' lang='lat' dir='ltr'><em>motu</em></span> <span class='ocrx_word' id='word_1_91' title='bbox 761 1845 900 1879; x_wconf 87' lang='lat' dir='ltr'><em>iterum.</em></span> <span class='ocrx_word' id='word_1_92' title='bbox 949 1844 1055 1877; x_wconf 88' lang='lat' dir='ltr'><em>Aerei</em></span> <span class='ocrx_word' id='word_1_93' title='bbox 1078 1843 1208 1888; x_wconf 86' lang='lat' dir='ltr'><em>Angeli</em></span> <span class='ocrx_word' id='word_1_94' title='bbox 1230 1848 1335 1888; x_wconf 86' lang='lat' dir='ltr'><em>caput</em></span> <span class='ocrx_word' id='word_1_95' title='bbox 1357 1843 1575 1877; x_wconf 79' lang='lat' dir='ltr'><em>inclinatum.</em></span> <span class='ocrx_word' id='word_1_96' title='bbox 1617 1842 1718 1875; x_wconf 85' lang='lat' dir='ltr'><em>Urbis</em></span> 
     </span>
     <span class='ocr_line' id='line_1_16' title="bbox 234 1889 1717 1934; baseline 0.001 -13"><span class='ocrx_word' id='word_1_97' title='bbox 234 1889 456 1923; x_wconf 81' lang='lat' dir='ltr'><em>simulacrum</em></span> <span class='ocrx_word' id='word_1_98' title='bbox 480 1901 654 1924; x_wconf 73' lang='lat' dir='ltr'><em>excussum</em></span> <span class='ocrx_word' id='word_1_99' title='bbox 673 1903 691 1930; x_wconf 86' lang='lat' dir='ltr'><em>e</em></span> <span class='ocrx_word' id='word_1_100' title='bbox 713 1903 820 1925; x_wconf 84' lang='lat' dir='ltr'><em>manu</em></span> <span class='ocrx_word' id='word_1_101' title='bbox 840 1895 979 1925; x_wconf 84' lang='lat' dir='ltr'><em>statuae</em></span> <span class='ocrx_word' id='word_1_102' title='bbox 1002 1891 1260 1934; x_wconf 84' lang='lat' dir='ltr'><em>imperatoriae.</em></span> <span class='ocrx_word' id='word_1_103' title='bbox 1319 1890 1411 1932; x_wconf 74' lang='lat' dir='ltr'><em>Quid</em></span> <span class='ocrx_word' id='word_1_104' title='bbox 1435 1901 1478 1923; x_wconf 89' lang='lat' dir='ltr'><em>ea</em></span> <span class='ocrx_word' id='word_1_105' title='bbox 1501 1900 1556 1922; x_wconf 84' lang='lat' dir='ltr'><em>res</em></span> <span class='ocrx_word' id='word_1_106' title='bbox 1574 1893 1717 1933; x_wconf 86' lang='lat' dir='ltr'><em>porten-</em></span> 
     </span>
     <span class='ocr_line' id='line_1_17' title="bbox 235 1935 1718 1983; baseline 0 -15"><span class='ocrx_word' id='word_1_107' title='bbox 235 1935 319 1968; x_wconf 83' lang='lat' dir='ltr'><em>dere</em></span> <span class='ocrx_word' id='word_1_108' title='bbox 341 1935 418 1969; x_wconf 83' lang='lat' dir='ltr'><em>visa</em></span> <span class='ocrx_word' id='word_1_109' title='bbox 441 1937 499 1969; x_wconf 89' lang='lat' dir='ltr'><em>sit.</em></span> <span class='ocrx_word' id='word_1_110' title='bbox 549 1938 728 1981; x_wconf 84' lang='lat' dir='ltr'><em>Templum</em></span> <span class='ocrx_word' id='word_1_111' title='bbox 752 1939 788 1972; x_wconf 89' lang='lat' dir='ltr'><em>S.</em></span> <span class='ocrx_word' id='word_1_112' title='bbox 815 1938 967 1983; x_wconf 85' lang='lat' dir='ltr'><em>Sophiae</em></span> <span class='ocrx_word' id='word_1_113' title='bbox 998 1938 1164 1971; x_wconf 86' lang='lat' dir='ltr'><em>orientem</em></span> <span class='ocrx_word' id='word_1_114' title='bbox 1194 1948 1311 1971; x_wconf 87' lang='lat' dir='ltr'><em>versus</em></span> <span class='ocrx_word' id='word_1_115' title='bbox 1333 1937 1480 1970; x_wconf 82' lang='lat' dir='ltr'><em>dehiscit</em></span> <span class='ocrx_word' id='word_1_116' title='bbox 1504 1936 1576 1980; x_wconf 78' lang='lat'><em>(2).</em></span> <span class='ocrx_word' id='word_1_117' title='bbox 1623 1937 1718 1979; x_wconf 88' lang='lat' dir='ltr'><em>Apo-</em></span> 
     </span>
     <span class='ocr_line' id='line_1_18' title="bbox 236 1982 1718 2030; baseline 0.001 -16"><span class='ocrx_word' id='word_1_118' title='bbox 236 1993 381 2023; x_wconf 85' lang='lat' dir='ltr'><em>caucus‚</em></span> <span class='ocrx_word' id='word_1_119' title='bbox 411 1983 512 2016; x_wconf 83' lang='lat' dir='ltr'><em>rebus</em></span> <span class='ocrx_word' id='word_1_120' title='bbox 533 1984 604 2017; x_wconf 90' lang='lat' dir='ltr'><em>suis</em></span> <span class='ocrx_word' id='word_1_121' title='bbox 627 1985 779 2028; x_wconf 68' lang='lat' dir='ltr'><em>diffisus,</em></span> <span class='ocrx_word' id='word_1_122' title='bbox 815 1985 1056 2030; x_wconf 80' lang='lat' dir='ltr'><em>patriarcham</em></span> <span class='ocrx_word' id='word_1_123' title='bbox 1080 1988 1115 2018; x_wconf 87' lang='lat' dir='ltr'><em>et</em></span> <span class='ocrx_word' id='word_1_124' title='bbox 1137 1984 1303 2017; x_wconf 80' lang='lat' dir='ltr'><em>Ioannem</em></span> <span class='ocrx_word' id='word_1_125' title='bbox 1329 1984 1506 2017; x_wconf 74' lang='lat' dir='ltr'><em>Gabalum</em></span> <span class='ocrx_word' id='word_1_126' title='bbox 1528 1982 1594 2016; x_wconf 88' lang='lat' dir='ltr'><em>sibi</em></span> <span class='ocrx_word' id='word_1_127' title='bbox 1616 1994 1718 2015; x_wconf 88' lang='lat' dir='ltr'><em>man-</em></span> 
     </span>
     <span class='ocr_line' id='line_1_19' title="bbox 237 2029 1719 2075; baseline 0.001 -14"><span class='ocrx_word' id='word_1_128' title='bbox 237 2029 353 2071; x_wconf 84' lang='lat' dir='ltr'><em>cipare</em></span> <span class='ocrx_word' id='word_1_129' title='bbox 377 2030 511 2063; x_wconf 83' lang='lat' dir='ltr'><em>statuit.</em></span> <span class='ocrx_word' id='word_1_130' title='bbox 561 2029 788 2065; x_wconf 85' lang='lat' dir='ltr'><em>Patriarchae</em></span> <span class='ocrx_word' id='word_1_131' title='bbox 805 2032 985 2075; x_wconf 82' lang='lat' dir='ltr'><em>familiam</em></span> <span class='ocrx_word' id='word_1_132' title='bbox 1008 2042 1227 2064; x_wconf 80' lang='lat' dir='ltr'><em>numerosam</em></span> <span class='ocrx_word' id='word_1_133' title='bbox 1251 2035 1354 2065; x_wconf 85' lang='lat' dir='ltr'><em>ornat</em></span> <span class='ocrx_word' id='word_1_134' title='bbox 1377 2035 1411 2064; x_wconf 90' lang='lat' dir='ltr'><em>et</em></span> <span class='ocrx_word' id='word_1_135' title='bbox 1431 2030 1536 2064; x_wconf 86' lang='lat' dir='ltr'><em>ditat.</em></span> <span class='ocrx_word' id='word_1_136' title='bbox 1585 2029 1719 2073; x_wconf 87' lang='lat' dir='ltr'><em>Ipsum,</em></span> 
     </span>
     <span class='ocr_line' id='line_1_20' title="bbox 236 2075 1717 2118; baseline 0.001 -9"><span class='ocrx_word' id='word_1_137' title='bbox 236 2079 277 2109; x_wconf 85' lang='lat' dir='ltr'><em>ut</em></span> <span class='ocrx_word' id='word_1_138' title='bbox 299 2075 467 2117; x_wconf 86' lang='lat' dir='ltr'><em>infulam,</em></span> <span class='ocrx_word' id='word_1_139' title='bbox 500 2077 630 2110; x_wconf 86' lang='lat' dir='ltr'><em>calceos</em></span> <span class='ocrx_word' id='word_1_140' title='bbox 654 2082 688 2111; x_wconf 86' lang='lat' dir='ltr'><em>et</em></span> <span class='ocrx_word' id='word_1_141' title='bbox 710 2079 941 2112; x_wconf 81' lang='lat' dir='ltr'><em>subscribendi</em></span> <span class='ocrx_word' id='word_1_142' title='bbox 969 2089 1098 2112; x_wconf 82' lang='lat' dir='ltr'><em>morem</em></span> <span class='ocrx_word' id='word_1_143' title='bbox 1128 2082 1259 2118; x_wconf 84' lang='lat' dir='ltr'><em>mutet,</em></span> <span class='ocrx_word' id='word_1_144' title='bbox 1295 2078 1466 2111; x_wconf 88' lang='lat' dir='ltr'><em>hortatur.</em></span> <span class='ocrx_word' id='word_1_145' title='bbox 1514 2076 1567 2110; x_wconf 88' lang='lat' dir='ltr'><em>De</em></span> <span class='ocrx_word' id='word_1_146' title='bbox 1594 2076 1717 2110; x_wconf 80' lang='lat' dir='ltr'><em>Novae</em></span> 
     </span>
     <span class='ocr_line' id='line_1_21' title="bbox 238 2120 1717 2169; baseline 0.001 -15"><span class='ocrx_word' id='word_1_147' title='bbox 238 2120 372 2154; x_wconf 89' lang='lat' dir='ltr'><em>Romae</em></span> <span class='ocrx_word' id='word_1_148' title='bbox 394 2122 587 2167; x_wconf 80' lang='lat' dir='ltr'><em>privilegiis</em></span> <span class='ocrx_word' id='word_1_149' title='bbox 609 2123 761 2159; x_wconf 84' lang='lat' dir='ltr'><em>disserit.-</em></span> <span class='ocrx_word' id='word_1_150' title='bbox 785 2126 868 2159; x_wconf 87' lang='lat' dir='ltr'><em>item</em></span> <span class='ocrx_word' id='word_1_151' title='bbox 883 2126 927 2159; x_wconf 86' lang='lat' dir='ltr'><em>de</em></span> <span class='ocrx_word' id='word_1_152' title='bbox 945 2125 1153 2160; x_wconf 80' lang='lat' dir='ltr'><em>auctoritate</em></span> <span class='ocrx_word' id='word_1_153' title='bbox 1173 2125 1418 2169; x_wconf 86' lang='lat' dir='ltr'><em>patriarchali,</em></span> <span class='ocrx_word' id='word_1_154' title='bbox 1440 2135 1545 2168; x_wconf 85' lang='lat' dir='ltr'><em>quam</em></span> <span class='ocrx_word' id='word_1_155' title='bbox 1563 2123 1616 2157; x_wconf 88' lang='lat' dir='ltr'><em>ait</em></span> <span class='ocrx_word' id='word_1_156' title='bbox 1638 2134 1717 2156; x_wconf 92' lang='lat' dir='ltr'><em>ma-</em></span> 
     </span>
     <span class='ocr_line' id='line_1_22' title="bbox 240 2167 1718 2210; baseline 0.001 -8"><span class='ocrx_word' id='word_1_157' title='bbox 240 2167 370 2202; x_wconf 70' lang='lat' dir='ltr'><em>ximam</em></span> <span class='ocrx_word' id='word_1_158' title='bbox 393 2179 481 2209; x_wconf 78' lang='lat' dir='ltr'><em>nunc</em></span> <span class='ocrx_word' id='word_1_159' title='bbox 505 2181 586 2203; x_wconf 87' lang='lat' dir='ltr'><em>esse.</em></span> <span class='ocrx_word' id='word_1_160' title='bbox 636 2170 844 2205; x_wconf 86' lang='lat' dir='ltr'><em>Patriarcha</em></span> <span class='ocrx_word' id='word_1_161' title='bbox 874 2173 993 2206; x_wconf 86' lang='lat' dir='ltr'><em>rubros</em></span> <span class='ocrx_word' id='word_1_162' title='bbox 1015 2173 1147 2206; x_wconf 82' lang='lat' dir='ltr'><em>calceos</em></span> <span class='ocrx_word' id='word_1_163' title='bbox 1167 2176 1316 2207; x_wconf 84' lang='lat' dir='ltr'><em>recusat.</em></span> <span class='ocrx_word' id='word_1_164' title='bbox 1366 2171 1514 2205; x_wconf 86' lang='lat' dir='ltr'><em>Caetera</em></span> <span class='ocrx_word' id='word_1_165' title='bbox 1537 2170 1718 2210; x_wconf 81' lang='lat' dir='ltr'><em>admittit,-</em></span> 
     </span>
     <span class='ocr_line' id='line_1_23' title="bbox 241 2214 1716 2262; baseline 0.001 -14"><span class='ocrx_word' id='word_1_166' title='bbox 241 2214 442 2248; x_wconf 66' lang='lat' dir='ltr'><em>ambitiosus</em></span> <span class='ocrx_word' id='word_1_167' title='bbox 458 2219 492 2248; x_wconf 85' lang='lat' dir='ltr'><em>et</em></span> <span class='ocrx_word' id='word_1_168' title='bbox 508 2216 716 2260; x_wconf 82' lang='lat' dir='ltr'><em>imprudens.</em></span> <span class='ocrx_word' id='word_1_169' title='bbox 762 2219 956 2253; x_wconf 85' lang='lat' dir='ltr'><em>Sacerdotii</em></span> <span class='ocrx_word' id='word_1_170' title='bbox 980 2224 1014 2253; x_wconf 91' lang='lat' dir='ltr'><em>et</em></span> <span class='ocrx_word' id='word_1_171' title='bbox 1037 2218 1174 2262; x_wconf 83' lang='lat' dir='ltr'><em>imperii</em></span> <span class='ocrx_word' id='word_1_172' title='bbox 1197 2219 1355 2252; x_wconf 82' lang='lat' dir='ltr'><em>diversae</em></span> <span class='ocrx_word' id='word_1_173' title='bbox 1370 2218 1581 2262; x_wconf 84' lang='lat' dir='ltr'><em>functiones.</em></span> <span class='ocrx_word' id='word_1_174' title='bbox 1620 2216 1716 2250; x_wconf 87' lang='lat' dir='ltr'><em>Utri-</em></span> 
     </span>
     <span class='ocr_line' id='line_1_24' title="bbox 239 2262 1715 2309; baseline 0.002 -16"><span class='ocrx_word' id='word_1_175' title='bbox 239 2271 346 2304; x_wconf 81' lang='lat' dir='ltr'><em>usque</em></span> <span class='ocrx_word' id='word_1_176' title='bbox 367 2262 549 2304; x_wconf 86' lang='lat' dir='ltr'><em>potestatis</em></span> <span class='ocrx_word' id='word_1_177' title='bbox 571 2263 709 2297; x_wconf 85' lang='lat' dir='ltr'><em>habitas</em></span> <span class='ocrx_word' id='word_1_178' title='bbox 732 2264 860 2309; x_wconf 83' lang='lat' dir='ltr'><em>dispar.</em></span> <span class='ocrx_word' id='word_1_179' title='bbox 909 2266 1032 2300; x_wconf 87' lang='lat' dir='ltr'><em>Altera</em></span> <span class='ocrx_word' id='word_1_180' title='bbox 1055 2266 1205 2299; x_wconf 85' lang='lat' dir='ltr'><em>alteram</em></span> <span class='ocrx_word' id='word_1_181' title='bbox 1228 2270 1398 2309; x_wconf 81' lang='lat' dir='ltr'><em>quatenus</em></span> <span class='ocrx_word' id='word_1_182' title='bbox 1418 2265 1525 2298; x_wconf 85' lang='lat' dir='ltr'><em>iuvet.</em></span> <span class='ocrx_word' id='word_1_183' title='bbox 1569 2263 1715 2296; x_wconf 77' lang='lat' dir='ltr'><em>loannes</em></span> 
     </span>
     <span class='ocr_line' id='line_1_25' title="bbox 237 2307 1716 2356; baseline 0.003 -16"><span class='ocrx_word' id='word_1_184' title='bbox 237 2307 445 2352; x_wconf 83' lang='lat' dir='ltr'><em>patriarcha</em></span> <span class='ocrx_word' id='word_1_185' title='bbox 462 2319 496 2341; x_wconf 85' lang='lat' dir='ltr'><em>se</em></span> <span class='ocrx_word' id='word_1_186' title='bbox 515 2313 549 2342; x_wconf 91' lang='lat' dir='ltr'><em>et</em></span> <span class='ocrx_word' id='word_1_187' title='bbox 565 2309 744 2353; x_wconf 86' lang='lat' dir='ltr'><em>imperium</em></span> <span class='ocrx_word' id='word_1_188' title='bbox 758 2312 923 2354; x_wconf 82' lang='lat' dir='ltr'><em>perdidit.</em></span> <span class='ocrx_word' id='word_1_189' title='bbox 964 2312 1138 2346; x_wconf 85' lang='lat' dir='ltr'><em>Christum</em></span> <span class='ocrx_word' id='word_1_190' title='bbox 1154 2312 1287 2346; x_wconf 85' lang='lat' dir='ltr'><em>imitari</em></span> <span class='ocrx_word' id='word_1_191' title='bbox 1308 2312 1463 2356; x_wconf 73' lang='lat' dir='ltr'><em>pontifex</em></span> <span class='ocrx_word' id='word_1_192' title='bbox 1478 2311 1591 2345; x_wconf 86' lang='lat' dir='ltr'><em>debet.</em></span> <span class='ocrx_word' id='word_1_193' title='bbox 1617 2309 1716 2344; x_wconf 84' lang='lat' dir='ltr'><em>Lau-</em></span> 
     </span>
     <span class='ocr_line' id='line_1_26' title="bbox 240 2354 1715 2402; baseline 0.002 -16"><span class='ocrx_word' id='word_1_194' title='bbox 240 2354 330 2387; x_wconf 85' lang='lat' dir='ltr'><em>data</em></span> <span class='ocrx_word' id='word_1_195' title='bbox 353 2354 396 2387; x_wconf 82' lang='lat' dir='ltr'><em>ab</em></span> <span class='ocrx_word' id='word_1_196' title='bbox 421 2354 619 2388; x_wconf 75' lang='lat' dir='ltr'><em>Alexandro</em></span> <span class='ocrx_word' id='word_1_197' title='bbox 641 2356 772 2401; x_wconf 79' lang='lat' dir='ltr'><em>Magno</em></span> <span class='ocrx_word' id='word_1_198' title='bbox 796 2358 962 2402; x_wconf 79' lang='lat' dir='ltr'><em>Diogenis</em></span> <span class='ocrx_word' id='word_1_199' title='bbox 984 2359 1166 2393; x_wconf 86' lang='lat' dir='ltr'><em>modestia.</em></span> <span class='ocrx_word' id='word_1_200' title='bbox 1211 2359 1358 2393; x_wconf 86' lang='lat' dir='ltr'><em>Fructus</em></span> <span class='ocrx_word' id='word_1_201' title='bbox 1379 2357 1588 2391; x_wconf 83' lang='lat' dir='ltr'><em>ambitionis.</em></span> <span class='ocrx_word' id='word_1_202' title='bbox 1621 2358 1715 2400; x_wconf 83' lang='lat' dir='ltr'><em>Apo-</em></span> 
     </span>
     <span class='ocr_line' id='line_1_27' title="bbox 241 2400 1716 2449; baseline 0.001 -15"><span class='ocrx_word' id='word_1_203' title='bbox 241 2411 367 2434; x_wconf 81' lang='lat' dir='ltr'><em>caucus</em></span> <span class='ocrx_word' id='word_1_204' title='bbox 389 2400 514 2434; x_wconf 83' lang='lat' dir='ltr'><em>Ioanni</em></span> <span class='ocrx_word' id='word_1_205' title='bbox 538 2401 697 2436; x_wconf 84' lang='lat' dir='ltr'><em>Gabalae</em></span> <span class='ocrx_word' id='word_1_206' title='bbox 711 2404 827 2446; x_wconf 85' lang='lat' dir='ltr'><em>filiam</em></span> <span class='ocrx_word' id='word_1_207' title='bbox 850 2416 949 2438; x_wconf 84' lang='lat' dir='ltr'><em>snam</em></span> <span class='ocrx_word' id='word_1_208' title='bbox 973 2406 1218 2449; x_wconf 77' lang='lat' dir='ltr'><em>desponsuram</em></span> <span class='ocrx_word' id='word_1_209' title='bbox 1240 2417 1276 2439; x_wconf 88' lang='lat' dir='ltr'><em>se</em></span> <span class='ocrx_word' id='word_1_210' title='bbox 1295 2405 1467 2449; x_wconf 85' lang='lat' dir='ltr'><em>promittit</em></span> <span class='ocrx_word' id='word_1_211' title='bbox 1475 2416 1488 2444; x_wconf 93' lang='grc'><em>,·</em></span> <span class='ocrx_word' id='word_1_212' title='bbox 1513 2403 1597 2448; x_wconf 80' lang='lat' dir='ltr'><em>quid</em></span> <span class='ocrx_word' id='word_1_213' title='bbox 1614 2404 1716 2437; x_wconf 85' lang='lat' dir='ltr'><em>vicis-</em></span> 
     </span>
     <span class='ocr_line' id='line_1_28' title="bbox 240 2447 1715 2494; baseline 0.002 -14"><span class='ocrx_word' id='word_1_214' title='bbox 240 2447 308 2481; x_wconf 84' lang='lat' dir='ltr'><em>sim</em></span> <span class='ocrx_word' id='word_1_215' title='bbox 330 2447 375 2480; x_wconf 80' lang='lat' dir='ltr'><em>ab</em></span> <span class='ocrx_word' id='word_1_216' title='bbox 400 2458 439 2481; x_wconf 88' lang='lat' dir='ltr'><em>eo</em></span> <span class='ocrx_word' id='word_1_217' title='bbox 460 2452 596 2491; x_wconf 85' lang='lat' dir='ltr'><em>pactus.</em></span> <span class='ocrx_word' id='word_1_218' title='bbox 642 2448 772 2482; x_wconf 85' lang='lat' dir='ltr'><em>Rerum</em></span> <span class='ocrx_word' id='word_1_219' title='bbox 804 2451 1139 2486; x_wconf 81' lang='lat' dir='ltr'><em>administrationem</em></span> <span class='ocrx_word' id='word_1_220' title='bbox 1171 2452 1282 2486; x_wconf 85' lang='lat' dir='ltr'><em>eidem</em></span> <span class='ocrx_word' id='word_1_221' title='bbox 1305 2451 1496 2485; x_wconf 87' lang='lat' dir='ltr'><em>committit.</em></span> <span class='ocrx_word' id='word_1_222' title='bbox 1537 2451 1614 2494; x_wconf 85' lang='lat' dir='ltr'><em>Ipse</em></span> <span class='ocrx_word' id='word_1_223' title='bbox 1638 2460 1715 2483; x_wconf 88' lang='lat' dir='ltr'><em>cum</em></span> 
     </span>
     <span class='ocr_line' id='line_1_29' title="bbox 237 2493 1718 2539; baseline 0.002 -12"><span class='ocrx_word' id='word_1_224' title='bbox 237 2493 446 2538; x_wconf 83' lang='lat' dir='ltr'><em>patriarcha</em></span> <span class='ocrx_word' id='word_1_225' title='bbox 469 2499 503 2528; x_wconf 88' lang='lat' dir='ltr'><em>et</em></span> <span class='ocrx_word' id='word_1_226' title='bbox 523 2495 656 2529; x_wconf 79' lang='lat' dir='ltr'><em>iuniore</em></span> <span class='ocrx_word' id='word_1_227' title='bbox 677 2495 883 2539; x_wconf 87' lang='lat' dir='ltr'><em>imperatore</em></span> <span class='ocrx_word' id='word_1_228' title='bbox 901 2498 1100 2533; x_wconf 88' lang='lat' dir='ltr'><em>Perinthum</em></span> <span class='ocrx_word' id='word_1_229' title='bbox 1124 2499 1208 2533; x_wconf 85' lang='lat' dir='ltr'><em>abit.</em></span> <span class='ocrx_word' id='word_1_230' title='bbox 1256 2499 1375 2532; x_wconf 84' lang='lat' dir='ltr'><em>Scelus</em></span> <span class='ocrx_word' id='word_1_231' title='bbox 1395 2497 1584 2531; x_wconf 71' lang='lat' dir='ltr'><em>maximum</em></span> <span class='ocrx_word' id='word_1_232' title='bbox 1606 2496 1718 2530; x_wconf 82' lang='lat' dir='ltr'><em>medi-</em></span> 
     </span>
     <span class='ocr_line' id='line_1_30' title="bbox 238 2541 1718 2590; baseline 0.001 -15"><span class='ocrx_word' id='word_1_233' title='bbox 238 2545 348 2576; x_wconf 83' lang='lat' dir='ltr'><em>tatur.</em></span> <span class='ocrx_word' id='word_1_234' title='bbox 393 2541 518 2575; x_wconf 81' lang='lat' dir='ltr'><em>Annae</em></span> <span class='ocrx_word' id='word_1_235' title='bbox 539 2541 768 2586; x_wconf 80' lang='lat' dir='ltr'><em>imperatricis</em></span> <span class='ocrx_word' id='word_1_236' title='bbox 790 2554 884 2577; x_wconf 82' lang='lat' dir='ltr'><em>mens</em></span> <span class='ocrx_word' id='word_1_237' title='bbox 907 2555 1023 2579; x_wconf 87' lang='lat' dir='ltr'><em>caeca.</em></span> <span class='ocrx_word' id='word_1_238' title='bbox 1071 2546 1155 2590; x_wconf 89' lang='lat' dir='ltr'><em>Spes</em></span> <span class='ocrx_word' id='word_1_239' title='bbox 1179 2546 1302 2580; x_wconf 86' lang='lat' dir='ltr'><em>inanes</em></span> <span class='ocrx_word' id='word_1_240' title='bbox 1334 2544 1407 2588; x_wconf 87' lang='lat'><em>(3).</em></span> <span class='ocrx_word' id='word_1_241' title='bbox 1457 2544 1718 2578; x_wconf 82' lang='lat' dir='ltr'><em>Cantacuzenus</em></span> 
     </span>
     <span class='ocr_line' id='line_1_31' title="bbox 240 2587 1718 2637; baseline 0.003 -17"><span class='ocrx_word' id='word_1_242' title='bbox 240 2587 462 2620; x_wconf 85' lang='lat' dir='ltr'><em>Comotenam</em></span> <span class='ocrx_word' id='word_1_243' title='bbox 486 2592 520 2622; x_wconf 91' lang='lat' dir='ltr'><em>et</em></span> <span class='ocrx_word' id='word_1_244' title='bbox 545 2588 809 2632; x_wconf 86' lang='lat' dir='ltr'><em>Gratianopolin</em></span> <span class='ocrx_word' id='word_1_245' title='bbox 842 2590 879 2622; x_wconf 86' lang='lat' dir='ltr'><em>in</em></span> <span class='ocrx_word' id='word_1_246' title='bbox 902 2591 1110 2625; x_wconf 86' lang='lat' dir='ltr'><em>deditionem</em></span> <span class='ocrx_word' id='word_1_247' title='bbox 1143 2593 1279 2637; x_wconf 87' lang='lat' dir='ltr'><em>accipit.</em></span> <span class='ocrx_word' id='word_1_248' title='bbox 1330 2591 1524 2624; x_wconf 86' lang='lat' dir='ltr'><em>Momitilae</em></span> <span class='ocrx_word' id='word_1_249' title='bbox 1547 2601 1659 2636; x_wconf 85' lang='lat' dir='ltr'><em>genus</em></span> <span class='ocrx_word' id='word_1_250' title='bbox 1684 2594 1718 2624; x_wconf 83' lang='lat' dir='ltr'><em>et</em></span> 
     </span>
     <span class='ocr_line' id='line_1_32' title="bbox 237 2633 1718 2679; baseline 0.002 -12"><span class='ocrx_word' id='word_1_251' title='bbox 237 2633 342 2667; x_wconf 83' lang='lat' dir='ltr'><em>varia</em></span> <span class='ocrx_word' id='word_1_252' title='bbox 357 2635 518 2677; x_wconf 83' lang='lat' dir='ltr'><em>fortuna.</em></span> <span class='ocrx_word' id='word_1_253' title='bbox 564 2635 610 2669; x_wconf 89' lang='lat' dir='ltr'><em>Ut</em></span> <span class='ocrx_word' id='word_1_254' title='bbox 629 2645 693 2679; x_wconf 87' lang='lat' dir='ltr'><em>per</em></span> <span class='ocrx_word' id='word_1_255' title='bbox 710 2636 895 2669; x_wconf 87' lang='lat' dir='ltr'><em>latrocinia</em></span> <span class='ocrx_word' id='word_1_256' title='bbox 917 2638 1119 2672; x_wconf 82' lang='lat' dir='ltr'><em>metuendus</em></span> <span class='ocrx_word' id='word_1_257' title='bbox 1141 2638 1301 2673; x_wconf 84' lang='lat' dir='ltr'><em>evaserit.</em></span> <span class='ocrx_word' id='word_1_258' title='bbox 1334 2638 1489 2671; x_wconf 84' lang='lat' dir='ltr'><em>Societas</em></span> <span class='ocrx_word' id='word_1_259' title='bbox 1507 2637 1551 2671; x_wconf 83' lang='lat' dir='ltr'><em>ab</em></span> <span class='ocrx_word' id='word_1_260' title='bbox 1572 2649 1610 2671; x_wconf 89' lang='lat' dir='ltr'><em>eo</em></span> <span class='ocrx_word' id='word_1_261' title='bbox 1627 2636 1718 2670; x_wconf 84' lang='lat' dir='ltr'><em>inita</em></span> 
     </span>
     <span class='ocr_line' id='line_1_33' title="bbox 239 2680 1717 2729; baseline 0.002 -15"><span class='ocrx_word' id='word_1_262' title='bbox 239 2691 317 2714; x_wconf 83' lang='lat' dir='ltr'><em>cum</em></span> <span class='ocrx_word' id='word_1_263' title='bbox 337 2680 587 2715; x_wconf 81' lang='lat' dir='ltr'><em>Cantacuzeno.</em></span> <span class='ocrx_word' id='word_1_264' title='bbox 641 2682 776 2715; x_wconf 85' lang='lat' dir='ltr'><em>Viribus</em></span> <span class='ocrx_word' id='word_1_265' title='bbox 798 2683 963 2716; x_wconf 88' lang='lat' dir='ltr'><em>maiorem</em></span> <span class='ocrx_word' id='word_1_266' title='bbox 985 2684 1023 2717; x_wconf 86' lang='lat' dir='ltr'><em>in</em></span> <span class='ocrx_word' id='word_1_267' title='bbox 1044 2685 1184 2719; x_wconf 87' lang='lat' dir='ltr'><em>modum</em></span> <span class='ocrx_word' id='word_1_268' title='bbox 1206 2684 1318 2719; x_wconf 85' lang='lat' dir='ltr'><em>auctis</em></span> <span class='ocrx_word' id='word_1_269' title='bbox 1341 2684 1537 2728; x_wconf 85' lang='lat' dir='ltr'><em>despoticae</em></span> <span class='ocrx_word' id='word_1_270' title='bbox 1557 2684 1717 2729; x_wconf 82' lang='lat' dir='ltr'><em>dignita-</em></span> 
     </span>
     <span class='ocr_line' id='line_1_34' title="bbox 237 2727 1717 2774; baseline 0.002 -13"><span class='ocrx_word' id='word_1_271' title='bbox 237 2727 285 2761; x_wconf 84' lang='lat' dir='ltr'><em>tis</em></span> <span class='ocrx_word' id='word_1_272' title='bbox 307 2727 463 2772; x_wconf 83' lang='lat' dir='ltr'><em>insignia</em></span> <span class='ocrx_word' id='word_1_273' title='bbox 485 2739 510 2761; x_wconf 90' lang='lat' dir='ltr'><em>a</em></span> <span class='ocrx_word' id='word_1_274' title='bbox 533 2727 711 2771; x_wconf 74' lang='lat' dir='ltr'><em>Byzantiis</em></span> <span class='ocrx_word' id='word_1_275' title='bbox 733 2728 852 2762; x_wconf 82' lang='lat' dir='ltr'><em>oblata</em></span> <span class='ocrx_word' id='word_1_276' title='bbox 876 2731 1012 2774; x_wconf 84' lang='lat' dir='ltr'><em>accipit.</em></span> <span class='ocrx_word' id='word_1_277' title='bbox 1055 2731 1294 2766; x_wconf 83' lang='lat' dir='ltr'><em>Cantacuzeno</em></span> <span class='ocrx_word' id='word_1_278' title='bbox 1317 2731 1515 2765; x_wconf 84' lang='lat' dir='ltr'><em>insidiatur.</em></span> <span class='ocrx_word' id='word_1_279' title='bbox 1549 2731 1616 2764; x_wconf 88' lang='lat' dir='ltr'><em>Hic</em></span> <span class='ocrx_word' id='word_1_280' title='bbox 1636 2740 1717 2764; x_wconf 87' lang='lat' dir='ltr'><em>vere</em></span> 
     </span>
     <span class='ocr_line' id='line_1_35' title="bbox 237 2774 1717 2823; baseline 0.003 -17"><span class='ocrx_word' id='word_1_281' title='bbox 237 2783 327 2806; x_wconf 80' lang='lat' dir='ltr'><em>novo</em></span> <span class='ocrx_word' id='word_1_282' title='bbox 347 2774 606 2808; x_wconf 82' lang='lat' dir='ltr'><em>Comotenorum</em></span> <span class='ocrx_word' id='word_1_283' title='bbox 636 2774 720 2808; x_wconf 81' lang='lat' dir='ltr'><em>urbe</em></span> <span class='ocrx_word' id='word_1_284' title='bbox 753 2785 911 2819; x_wconf 87' lang='lat' dir='ltr'><em>egressus</em></span> <span class='ocrx_word' id='word_1_285' title='bbox 941 2777 1036 2820; x_wconf 85' lang='lat' dir='ltr'><em>apud</em></span> <span class='ocrx_word' id='word_1_286' title='bbox 1065 2778 1292 2823; x_wconf 80' lang='lat' dir='ltr'><em>Mosinopolin</em></span> <span class='ocrx_word' id='word_1_287' title='bbox 1315 2782 1599 2814; x_wconf 80' lang='lat' dir='ltr'><em>castrametatur.</em></span> <span class='ocrx_word' id='word_1_288' title='bbox 1649 2776 1717 2811; x_wconf 77' lang='lat' dir='ltr'><em>Ob-</em></span> 
     </span>
     <span class='ocr_line' id='line_1_36' title="bbox 238 2819 1716 2859; baseline 0.003 -6"><span class='ocrx_word' id='word_1_289' title='bbox 238 2819 414 2853; x_wconf 85' lang='lat' dir='ltr'><em>dormiscit</em></span> <span class='ocrx_word' id='word_1_290' title='bbox 436 2820 675 2855; x_wconf 84' lang='lat' dir='ltr'><em>amoenissimo</em></span> <span class='ocrx_word' id='word_1_291' title='bbox 699 2821 735 2854; x_wconf 88' lang='lat' dir='ltr'><em>in</em></span> <span class='ocrx_word' id='word_1_292' title='bbox 755 2822 843 2855; x_wconf 88' lang='lat' dir='ltr'><em>loco.-</em></span> <span class='ocrx_word' id='word_1_293' title='bbox 867 2823 927 2856; x_wconf 88' lang='lat' dir='ltr'><em>ubi</em></span> <span class='ocrx_word' id='word_1_294' title='bbox 941 2834 996 2857; x_wconf 88' lang='lat' dir='ltr'><em>res</em></span> <span class='ocrx_word' id='word_1_295' title='bbox 1015 2824 1092 2858; x_wconf 87' lang='lat' dir='ltr'><em>visu</em></span> <span class='ocrx_word' id='word_1_296' title='bbox 1114 2830 1149 2859; x_wconf 89' lang='lat' dir='ltr'><em>et</em></span> <span class='ocrx_word' id='word_1_297' title='bbox 1171 2825 1296 2859; x_wconf 83' lang='lat' dir='ltr'><em>auditu</em></span> <span class='ocrx_word' id='word_1_298' title='bbox 1318 2824 1494 2858; x_wconf 80' lang='lat' dir='ltr'><em>mirabiles</em></span> <span class='ocrx_word' id='word_1_299' title='bbox 1517 2824 1549 2857; x_wconf 80' lang='lat' dir='ltr'><em>ei</em></span> <span class='ocrx_word' id='word_1_300' title='bbox 1566 2823 1716 2858; x_wconf 78' lang='lat' dir='ltr'><em>oblatae.</em></span> 
     </span>
     <span class='ocr_line' id='line_1_37' title="bbox 240 2865 1718 2915; baseline 0.001 -12"><span class='ocrx_word' id='word_1_301' title='bbox 240 2865 431 2903; x_wconf 81' lang='lat' dir='ltr'><em>Mvmitilas</em></span> <span class='ocrx_word' id='word_1_302' title='bbox 453 2868 665 2914; x_wconf 85' lang='lat' dir='ltr'><em>imparatum</em></span> <span class='ocrx_word' id='word_1_303' title='bbox 687 2867 878 2915; x_wconf 76' lang='lat' dir='ltr'><em>opprimere</em></span> <span class='ocrx_word' id='word_1_304' title='bbox 895 2870 1058 2915; x_wconf 76' lang='lat' dir='ltr'><em>festinat.</em></span> <span class='ocrx_word' id='word_1_305' title='bbox 1109 2871 1367 2909; x_wconf 81' lang='lat' dir='ltr'><em>Gantacuzenus</em></span> <span class='ocrx_word' id='word_1_306' title='bbox 1388 2882 1465 2907; x_wconf 86' lang='lat' dir='ltr'><em>cum</em></span> <span class='ocrx_word' id='word_1_307' title='bbox 1487 2870 1560 2907; x_wconf 80' lang='lat' dir='ltr'><em>suis</em></span> <span class='ocrx_word' id='word_1_308' title='bbox 1581 2870 1619 2906; x_wconf 79' lang='lat' dir='ltr'><em>in</em></span> <span class='ocrx_word' id='word_1_309' title='bbox 1641 2880 1718 2905; x_wconf 88' lang='lat' dir='ltr'><em>ma-</em></span> 
     </span>
    </p>
   </div>
  </div>
 </body>
</html>
