1794 3172
385 108 704 155 HISTORIAE
729 108 1105 162 BYZANTINAE
1129 110 1251 153 XIII.
1271 117 1310 157 2.
1372 110 1375 113 ’
1481 104 1581 152 637

96 221 273 276 σωμεν”.
311 224 363 280 τῇ
383 238 427 278 γε
448 220 533 277 μὴν
554 218 754 282 ὑστεραία
785 219 931 276 πέμπει
962 219 1060 270 τοὺς
1089 219 1163 264 τὸν
1197 217 1372 278 Κράλην
1403 221 1583 278 Σερβιάς
1605 221 1794 259 A.c.134i

94 290 172 345 τὴν
195 292 393 347 ταχίστην
416 289 661 342 διδάξοντας
680 295 756 347 τῆς
778 287 1068 346 συμπεσούσης
1088 287 1214 346 τύχης
1234 290 1310 346 τὴν
1345 272 1794 354 τραγιέ)διάν1ωξέεἱῗὲα’

95 361 164 402 καὶ
195 359 301 418 πρὸς
329 359 464 403 οἶκτον
495 358 739 417 κινήσοντας
765 358 866 403 ὅσον
895 359 1022 413 εἲκὸς,
1061 358 1381 416 ἀναμνησθέντα
1402 364 1478 403 τοῦ
1499 361 1584 404 τῶν

95 428 372 485 ἀνθρωπίνων
394 428 648 487 πραγμάτων
670 430 845 473 ἀπίστου
875 429 944 472 καὶ
963 428 1187 483 ἀβεβαίου·
1224 431 1292 472 καὶ
1321 428 1377 480 ὥς
1400 428 1584 486 ἀδήλους

58 500 163 546 5καὶ
182 497 331 554 ἥκιστα
352 497 581 557 ὡρισμένας
600 499 681 555 ἔχει
701 500 820 542 ταυτὶ
840 498 916 549 τὰς
935 496 1112 556 ἐφόδους
1131 499 1243 542 καθ’
1267 492 1324 543 ὧν
1347 497 1580 557 πορεύεται·

92 570 161 610 καὶ
182 566 237 618 ὥς
253 568 334 626 χρὴ
354 570 444 626 περὶ
473 574 556 612 τῶν
587 566 960 627 κακοπραγούντων
982 566 1198 612 ὄπώσποτε
1226 567 1459 622 βούλεσθαι
1483 569 1583 621 τούς

91 637 402 695 εὖπραγοῦντας
435 638 498 682 ἀεὶ
529 638 582 681 τὰ
611 643 800 695 προσηνῆ
820 639 887 681 καὶ
910 637 1099 694 χρηστὰ,
1138 636 1326 689 δεδιότας
1347 632 1445 690 τούς
1464 639 1620 697 arpa-1)

90 713 172 757 νεῖς
199 705 373 758 τοξότας
413 713 488 764 τῆς
529 706 655 764 τύχης
693 709 762 750 καὶ
792 707 868 758 τὰς
899 711 984 751 τῶν
1023 707 1171 750 ἄλλοτ’
1195 706 1330 759 ἄλλως
1350 709 1579 765 ἐρχομένων

89 782 319 834 συμφορῶν
339 779 639 836 λαβυρίνθους,
663 781 748 820 τῶν
769 775 1023 835 πραγμάτιον
1045 777 1107 820 ἀεὶ
1131 779 1320 835 συμφυὲς
1340 778 1388 821 τὸ
1415 778 1578 835 ἀπροσ-

33 855 79 891 10
95 844 270 902 δόκητον
310 847 438 904 πέρας
472 852 633 903 μᾶλλον
664 845 864 903 ἐχόντων,
903 845 929 903 ἢ
964 846 1011 890 τὸ
1033 845 1401 905 προσδοκώμενον,
1439 849 1507 891 καὶ
1527 849 1575 893 τό

90 915 238 972 ἀτυχὲς
257 920 417 971 μᾶλλον
448 916 474 974 ἢ
511 916 558 961 τὸ
595 916 792 972 ἐπιτυχές.
839 914 946 959 ἀλλά
974 934 1037 968 τις
1057 921 1140 960 τῶν
1169 916 1342 974 ἄγχιστα
1362 915 1580 973 Ῥωμαίοις

87 986 166 1041 ’τὴν
194 987 357 1030 δίαιταν
386 987 641 1043 ποιουμένων
668 988 753 1030 ε’κεΐ
777 990 1050 1044 Τριβαλλῶν,
1089 988 1340 1044 προλοχίσας
1358 987 1476 1038 τινὰς
1493 992 1578 1031 τῶν

90 1057 247 1099 οἰκείων
264 1056 379 1114 παρὰ
401 1057 477 1113 τὴν
508 1054 630 1111 ὃδὸν,
664 1060 875 1113 χειροῦται
907 1056 1005 1106 τούς
1025 1056 1239 1113 πρέσβεις,
1277 1059 1345 1100 καὶ
1366 1061 1480 1115 σφᾶς
1499 1057 1620 1114 τὴνΕ

85 1127 286 1181 ταχίστην
302 1127 452 1182 κομίζει
480 1131 540 1186 τῷ
557 1124 806 1185 ’Λποκαύκῳ
829 1128 965 1184 δῶρον
984 1124 1269 1182 ποθούμενον*
1305 1128 1372 1170 καὶ
1397 1127 1576 1185 στοργὴν

31 1204 75 1239 15
90 1193 195 1250 ὁμοῦ
215 1197 283 1238 καὶ
302 1194 614 1254 φιλοφροσύνην
634 1195 793 1252 πολλὴν
829 1193 1010 1253 εὖρηκώς
1042 1195 1110 1239 διὰ
1140 1199 1263 1239 τοῦτο
1297 1198 1575 1254 μετατίθησιν

87 1264 218 1316 εὐθὺς
250 1267 318 1309 καὶ
350 1271 490 1323 σχῆμα
523 1268 590 1309 καὶ
625 1267 787 1309 δίαιταν
821 1267 971 1316 ἐκεῖνος
1002 1267 1045 1308 ἐκ
1071 1269 1318 1323 Τριβαλλῶν
1347 1267 1389 1317 ἐς
1408 1266 1461 1310 τὰ
1487 1271 1572 1310 τῶν

81 1332 294 1390 Ῥωμαίων
314 1334 418 1392 ἤθη.
491 1335 582 1393 (Ε.)
621 1334 786 1379 Τούτου
817 1336 860 1379 δὶ
894 1334 1027 1387 οὕτως
1058 1335 1395 1391 συνενεχθέντος,
1432 1331 1485 1393 ἦν
1507 1354 1571 1387 τις

83 1409 167 1447 τῶν
187 1403 364 1456 ἐνδόξων
387 1409 659 1463 Τριβαλλῶν,
696 1410 772 1461 τῆς
788 1403 932 1463 χώρας
954 1403 1210 1462 ἡγεμονεύων,
1227 1407 1294 1448 καὶ
1318 1405 1448 1463 ἄκρας
1468 1407 1570 1449 ἐκεί-

81 1491 180 1530 νης,
217 1475 422 1532 Λιβέριος
443 1475 587 1531 ὄνομα.
625 1473 760 1535 τούτῳ
780 1478 897 1534 φιλία
921 1493 983 1526 τις
1004 1470 1055 1531 ἦν
1084 1476 1129 1518 ἐκ
1150 1479 1329 1518 παλαιοῦ
1354 1475 1458 1533 πρὸς
1476 1480 1601 1531 fiac-F

25 1552 72 1587 20
84 1544 198 1587 σιλέα
212 1558 223 1568 ·
258 1538 310 1601 ἧς
332 1543 353 1588 ὅ
370 1545 566 1600 βασιλεῦς
584 1546 648 1588 ἐπὶ
670 1550 816 1602 καιροῦ
838 1549 912 1588 νῦν
933 1547 990 1595 εἷς
1019 1543 1247 1601 ἀνάμνησιν
1281 1544 1355 1588 ιἰὺν
1387 1544 1567 1600 ἔπεμψεν

80 1613 210 1664 εὐθὺς
233 1613 347 1673 αὐτῷ
374 1615 510 1666 δεξιὰν
531 1616 598 1657 καὶ
618 1612 789 1671 λόγους,
833 1611 1001 1665 ὁποίους
1023 1615 1091 1657 καὶ
1114 1612 1240 1664 ὅσους
1269 1611 1296 1669 ἡ
1313 1615 1434 1671 χρεία
1453 1616 1521 1656 καὶ
1542 1612 1565 1658 ὅ

80 1682 223 1741 καιρὸς
243 1682 412 1741 ἀπῄτει·
449 1685 517 1727 καὶ
539 1682 628 1739 ἅμα
661 1681 964 1739 συνταξάμενος
999 1682 1125 1727 ὥδευε
1155 1683 1231 1740 τὴν
1263 1683 1328 1726 ἐπὶ
1349 1683 1421 1727 τὸν
1442 1681 1566 1741 Κρά-

81 1757 157 1809 λην
182 1755 381 1812 Σερβίας,
417 1751 591 1811 ὁπλίτην
621 1771 664 1798 τε
693 1751 943 1811 ἐπαγόμενος
969 1753 1042 1797 τὸν
1061 1755 1208 1798 οἷκεΐον
1220 1752 1435 1812 στρατὸν,
1472 1756 1563 1814 θεῷ

77 1909 348 1957 prandeamus.”
394 1912 445 1948 Ac
465 1914 604 1958 postera
622 1910 759 1958 quidem
781 1910 838 1948 die
864 1909 969 1947 mittit
984 1910 1232 1958 quamprimum
1251 1911 1296 1947 ad
1318 1911 1455 1947 Cralem
1475 1911 1562 1946 Ser·-

77 1957 176 2000 viae,
200 1959 260 2004 qui
278 1971 378 1994 casus
403 1959 495 1993 illius
521 1958 650 2004 tragici
674 1958 855 1993 certiorem
880 1970 956 1992 eum
983 1957 1133 1999 faciant,
1156 1969 1199 1992 ac
1219 1958 1487 1995 misericordiam
1507 1958 1561 1994 illi

75 2010 258 2048 moveant,
281 2011 449 2052 quatenus
474 2017 537 2052 par
557 2011 631 2048 est,
661 2016 774 2041 rerum
797 2006 1017 2040 humanarum
1042 2004 1247 2041 infidelitate
1274 2011 1310 2041 et
1334 2004 1558 2051 fragilissima

74 2051 270 2086 conditione
295 2052 328 2087 ei
355 2057 624 2088 commemorata.
695 2053 869 2087 Incertum
904 2052 1033 2099 quippe
1062 2063 1104 2087 ac
1132 2052 1268 2087 minime
1295 2051 1556 2088 determinatum

74 2110 170 2141 esse,
194 2098 240 2133 ad
256 2110 343 2145 quos
360 2099 614 2134 vicissitudines
634 2099 714 2134 illae
735 2098 813 2134 sint‘
826 2104 1074 2145 perventurae3
1106 2103 1142 2133 et
1168 2104 1329 2145 oportere
1351 2100 1387 2134 in
1412 2098 1556 2134 miseros

72 2145 260 2191 proclivem
277 2158 318 2180 ac
334 2147 515 2192 benignam
540 2158 617 2181 esse
639 2157 755 2182 eorum
771 2146 1005 2188 voluntatem,
1031 2156 1173 2191 quorum
1196 2157 1261 2182 res⁴
1277 2146 1448 2180 secundae
1467 2145 1556 2179 sint:

71 2192 342 2228 extimescendos
362 2205 484 2239 nempe
513 2193 709 2239 inopinatos
730 2193 887 2228 fortunae
907 2192 996 2227 ictus
1021 2198 1058 2227 et
1073 2191 1318 2229 alternantium
1338 2203 1480 2228 casuum
1500 2191 1554 2226 la·-

70 2236 274 2282 byrinthos3
298 2252 374 2274 cum
396 2240 432 2274 id
452 2241 555 2275 rebus
581 2251 715 2286 semper
741 2252 762 2274 a
783 2246 906 2274 natura
926 2239 1030 2282 insit,
1066 2243 1107 2274 ut
1132 2239 1260 2274 exitum
1285 2239 1399 2286 potius
1424 2238 1555 2285 impro-

70 2285 180 2319 visum
197 2286 367 2329 habeant,
393 2298 492 2332 quam
514 2299 589 2322 eum
610 2288 669 2332 qui
689 2286 734 2321 sit
754 2286 952 2332 praevisus,
979 2291 1015 2320 et
1030 2284 1201 2320 infelicem
1222 2287 1338 2332 potius
1355 2297 1454 2331 quam
1473 2284 1554 2319 feli-

69 2343 155 2366 cem.
202 2333 275 2366 Sed
301 2345 388 2367 unus
413 2346 457 2368 ex
482 2334 525 2368 iis
547 2333 734 2376 Triballis,
758 2332 817 2378 qui
838 2333 999 2368 Romanis
1015 2332 1085 2368 illic
1105 2333 1250 2378 proximi
1271 2332 1456 2379 degebant,
1476 2342 1552 2366 cum

68 2378 106 2413 in
123 2378 257 2413 insidiis
283 2379 377 2414 iuxta
399 2381 489 2415 viam
515 2380 718 2415 collocasset
738 2380 902 2426 quosdam
923 2391 966 2415 ex
994 2381 1088 2421 suis,
1119 2379 1254 2423 legatos
1280 2377 1552 2425 comprehendit,

67 2436 196 2472 eosque
224 2426 268 2460 ad
292 2430 508 2472 Apocaucum
536 2439 638 2474 quam
667 2425 843 2462 celerrime
869 2426 1031 2468 deducit,
1065 2425 1388 2462 desideratissimum
1413 2435 1543 2462 munna.

68 2471 293 2518 Quapropter
324 2485 479 2519 magnam
512 2474 606 2520 apud
635 2473 728 2509 illum
754 2473 934 2509 caritatem
958 2478 995 2508 et
1018 2473 1263 2513 humanitatem
1289 2477 1432 2514 nactus,
1464 2470 1551 2507 Tri-

66 2518 230 2553 ballorum
250 2520 368 2554 habitu
387 2533 428 2555 ac
445 2521 586 2556 vivendi
605 2532 734 2566 genere
753 2519 933 2563 abdicato,
957 2519 1074 2554 statim
1096 2531 1134 2554 se
1153 2519 1198 2557 ad
1218 2520 1405 2555 Romanum
1422 2528 1550 2553 morem

64 2566 245 2600 transfert.
292 2567 375 2612 (V.)
397 2568 433 2602 Is
458 2568 574 2602 exitus
596 2566 777 2613 legationis
802 2566 879 2602 fuit.
927 2567 1018 2602 Erat
1040 2571 1154 2601 autem
1179 2566 1270 2612 apud
1291 2565 1468 2601 Triballos
1492 2563 1550 2599 vir

63 2612 203 2657 quidam
223 2612 368 2648 illustris
381 2639 392 2655 ‚
415 2614 548 2660 regioni
570 2614 620 2649 illi
642 2618 679 2648 et
698 2625 781 2648 orae
800 2614 1023 2659 praefectus,
1045 2613 1179 2648 nomine
1195 2612 1379 2654 Liberius;
1404 2622 1548 2657 quocum

62 2664 164 2693 vetus
183 2660 424 2695 Cantacuzeno
447 2661 600 2696 amicitia
621 2666 709 2696 erat.
754 2660 843 2695 Eius
868 2660 937 2695 iste
962 2664 1035 2695 tum
1063 2665 1255 2706 opportune
1276 2658 1449 2699 meminit,
1471 2661 1547 2692 sta-

61 2704 190 2750 timque
207 2706 374 2742 hominem
390 2707 494 2750 misit,
519 2707 578 2754 qui
597 2707 753 2742 dextram
769 2707 883 2749 daret,
906 2711 944 2742 et
961 2706 1151 2742 orationem
1168 2707 1333 2749 haberet,
1356 2704 1489 2751 qualem
1508 2706 1546 2739 et

62 2757 222 2795 quantam
247 2757 403 2800 tempora
428 2755 489 2790 illa
514 2755 714 2801 poscebant.
768 2754 947 2800 Simulque
976 2765 1017 2788 eo
1043 2754 1163 2789 valere
1186 2754 1280 2789 iusso
1293 2779 1304 2796 ,
1334 2753 1380 2788 ad
1406 2749 1543 2786 Crfllem

61 2797 207 2835 Sex-viae
223 2798 276 2835 ire
292 2801 472 2849 perrexit..
488 2806 653 2838 armatum
668 2800 805 2849 quidem
823 2812 940 2841 secum
957 2800 1132 2837 adducens
1147 2801 1322 2849 proprium
1339 2796 1542 2839 exercitum,
