1794 3172
186 113 290 164 576
593 115 911 165 NICEPHORI
942 116 1268 162 GREGORAE

1 273 10 282 .
28 249 71 281 Μ.
93 235 220 294 6849ἣ
250 237 295 281 δὲ
323 236 395 280 καὶ
418 234 467 280 τὸ
505 228 548 278 εὖ
579 230 679 277 εἶναι
705 231 1006 290 προστίθησιν·
1040 229 1063 274 ὃ
1092 234 1293 274 τοσοῦτον
1322 229 1474 274 ἐκείνου
1494 229 1669 285 βέλτιον,

14 297 84 329 Ῑυᾶ·
109 296 132 331 9
197 306 297 351 ὅσον
316 304 366 350 τό
379 323 421 363 γε
442 304 605 361 βλέπειν
626 301 779 358 τοῦμὴ
798 301 974 357 βλέπειν.
1013 298 1108 359 (Δ.)
1133 300 1199 342 Τὰ
1219 299 1270 355 δὴ
1292 303 1466 343 τοιαῦτα
1488 304 1571 343 τῶν
1595 303 1672 355 τῆς

152 374 380 434 Βῖστορίας
404 375 621 432 χρησίμων
647 370 751 427 κάμὲ
779 371 882 428 πρὸς
905 369 950 413 τὸ
970 367 1143 427 γράφειν
1167 367 1246 412 ὅσα
1277 370 1341 411 ἐπὶ
1361 373 1445 412 τῶν
1465 366 1673 426 ἡμετέρων

187 446 321 504 γέγονε
333 442 495 501 χρόνων
515 441 752 500 παρέπεισε,
790 442 859 484 καὶ
878 438 1112 496 διηγήματα
1139 437 1410 495 προστιθέναι
1443 445 1532 488 τοῖς
1550 442 1671 496 φιλο-

189 514 331 565 κάλοις
350 510 535 571 ’ἀνδράσι
562 508 718 568 μεγάλα
746 527 790 554 τε
808 511 877 554 καὶ
897 509 1128 558 σπουδαίας
1149 507 1413 564 ἀκοῆςᾶξια,
1457 509 1526 550 καὶ
1543 505 1706 564 myri-5
1737 563 1739 565 Ι

190 589 266 640 λην
298 580 507 638 δυνάμενα
535 579 697 624 σύνεσιν
720 579 924 623 ἐντιθέναι
954 585 1039 629 τοῖς
1059 576 1148 621 ὅσοι
1177 575 1430 634 πραγμάτων
1452 576 1514 620 ἀεὶ
1532 594 1673 620 καινο-

192 653 322 710 τέριον
355 651 565 709 ἐμπειρίαν
591 647 778 706 συνάγειν
811 651 1008 692 ποθοῦσι.
1055 647 1167 705 φέρει
1199 645 1280 708 γάρ
1313 664 1402 697 πως
1443 646 1519 702 οὐχ
1547 640 1673 702 ἦττον

193 723 319 777 κάμοὶ
338 721 387 764 τὸ
410 724 581 779 πρᾶγμα
599 716 723 777 χάριν
741 718 833 762 τινὰ
851 717 955 775 πρὸς
982 716 1119 773 ἤθους
1146 715 1312 774 ῥυθμὸν
1352 717 1420 759 καὶ
1442 713 1596 772 ἡδονὴν
1623 715 1672 759 οὗ

188 791 341 848 μικρὰν
352 823 366 844 ,
403 787 583 846 μετιόντι
601 786 846 845 συχνότερον
873 786 953 844 ἀφ’
980 784 1129 844 ἑτέρων
1154 788 1209 837 εἷς
1232 786 1349 843 ἕτερα
1365 790 1450 829 τῶν
1468 778 1673 842 διηγὴμά-

155 869 280 904 Erant
298 861 492 915 πολυειδῆ
514 859 580 902 καὶ
601 859 788 901 ποικίλα·
825 853 1018 914 καθάπερ
1039 862 1127 906 τοῖς
1154 855 1321 898 πλέουσι
1355 860 1430 898 νῦν
1448 855 1524 909 μὲν
1546 852 1674 898 πελά-
1685 860 1731 894 10

191 945 301 987 γεσιν
319 928 428 972 ἔστιν
449 925 727 985 ἐντυγχάνειν,
764 930 839 970 νῦν
862 928 888 969 δ
894 925 908 941 ³
932 926 975 968 ἔκ
996 928 1183 982 πελαγῶν
1203 925 1244 975 ἐς
1265 922 1416 980 νήσους
1434 925 1502 967 καὶ
1523 925 1674 967 ἐπίνεια

191 998 395 1055 μετιέναι,
442 999 511 1041 καὶ
538 996 788 1040 πολυειδίσιν
818 996 1112 1053 ε’μφιλοχωρεΐν
1140 996 1354 1050 ἐμπορίαις
1364 1027 1377 1047 ,
1415 995 1484 1037 καὶ
1513 1011 1675 1037 παντα-

1528 1063 1541 1078 C

190 1067 324 1125 χόθεν
353 1071 620 1124 καρποῦσθαι
646 1065 812 1124 μακρὰν
843 1065 919 1120 τὴν
939 1064 1150 1121 ὠφέλειαν.
1190 1064 1280 1124 (Ε.)
1310 1063 1429 1106 Ἐπεὶ
1452 1063 1496 1106 δ’
1526 1068 1675 1113 ικανῶς

191 1135 291 1194 ἡμῖν
308 1136 363 1180 τὰ
381 1137 500 1195 μέχρι
523 1138 590 1180 καὶ
613 1137 654 1186 ἒς
674 1136 749 1192 τὴν
779 1133 968 1189 τελευτὴν
984 1133 1246 1191 Ἀνδρονίκου
1274 1137 1350 1176 τοῦ
1381 1133 1473 1176 νέου
1493 1133 1676 1197 λέλεκται

192 1206 419 1262 βασιλέως,
456 1207 616 1263 καίριον
650 1204 701 1249 ἂν
730 1204 814 1260 εἷἠ,
851 1201 1025 1253 τούτοις
1055 1200 1328 1257 συνάψαντας
1348 1200 1674 1260 διεξοδικώτερον
1688 1206 1732 1243 15

156 1286 189 1321 F
199 1276 450 1334 ἀφηγεῖσθαι
471 1275 525 1318 τὰ
541 1275 697 1333 ἐφεξῆς.
728 1272 975 1317 ἔπανακτὲον
993 1273 1132 1315 τοίνυν
1148 1272 1221 1315 τὸν
1239 1269 1362 1329 λόγον
1379 1274 1436 1322 εἷς
1457 1269 1673 1331 ἁρμονίαν,

193 1343 309 1401 μάλα
335 1345 382 1401 γε’
395 1362 459 1388 τοι
480 1348 539 1403 τῷ
566 1348 641 1400 τῆς
659 1344 845 1400 ἱστορίας
867 1341 949 1401 ὅλῳ
966 1339 1259 1399 προσήκουσαν
1276 1339 1452 1397 σώματι.

55 1423 99 1459 P.
122 1422 191 1460 357
297 1412 354 1470 β’.
378 1418 485 1457 Tor>
504 1412 582 1472 γάρ
600 1410 883 1469 τοιβασιλέως
910 1411 963 1455 τὰ
982 1413 1153 1454 λοίσθια
1179 1411 1372 1461 πνέοντος
1393 1410 1450 1454 ἔτι
1470 1408 1583 1466 παρὰ
1602 1409 1677 1465 τὴν

62 1470 483 1540 γ’ΞῼΟτῶνὉδηγιῖἱν
511 1482 644 1539 μονὴν
672 1486 747 1538 τῆς
775 1479 984 1538 πανάγνου
1016 1479 1291 1538 θεομήτορος,
1329 1480 1402 1524 τὸν
1422 1481 1572 1523 ἐκείνου
1594 1497 1678 1521 πα-

193 1552 398 1610 ρειληφώς
426 1549 743 1607 υἶὸν.Ἰωάννην
773 1549 795 1595 ὅ
824 1550 952 1607 μέγας
981 1550 1221 1604 δομέστικος
1260 1548 1282 1593 ὃ
1313 1549 1670 1604 Καντακουζηνὸς,
1687 1561 1734 1596 20

193 1621 362 1666 ἔννατον
391 1626 466 1678 τῆς
496 1619 655 1677 ἡλικίας
689 1620 779 1670 ἔτος
808 1620 1058 1675 ἇμείβοντα,
1097 1620 1164 1663 καὶ
1196 1616 1272 1662 σύν
1292 1637 1335 1676 γε
1357 1619 1470 1679 αὐτῷ
1488 1618 1559 1662 τὸν
1579 1618 1674 1672 μετ’

194 1691 322 1736 ἀύτὸν
358 1690 537 1750 ἀδελφὸν
577 1689 755 1747 Μιχαὴλ
786 1688 860 1735 τὸν
899 1686 1123 1746 δεσπότην,
1148 1688 1285 1740 4ἔτους,-
1324 1688 1424 1733 ὅντα
1458 1685 1675 1746 τετάρτου,

195 1841 338 1876 efficere
364 1842 403 1874 ut
429 1839 553 1882 simus3
585 1839 671 1874 haec
693 1839 783 1874 bene
809 1840 850 1873 ut
869 1837 973 1872 simus
998 1839 1182 1884 praeterea
1201 1837 1333 1874 tribuit.
1381 1838 1483 1880 Quae
1503 1849 1560 1872 res
1580 1840 1678 1873 tanto

194 1887 246 1922 illi
267 1887 369 1921 alteri
388 1890 554 1932 praestat,
574 1889 700 1931 quanto
719 1885 841 1919 videre
856 1885 978 1919 melius
998 1890 1053 1919 est
1068 1895 1166 1930 quam
1186 1884 1277 1917 haud
1296 1884 1428 1919 videre.
1466 1885 1564 1929 (IV.)
1581 1885 1678 1919 Haec

196 1938 233 1968 et
251 1934 347 1974 talia,
360 1932 394 1966 in
416 1932 536 1978 quibus
556 1931 722 1967 historiae
740 1931 872 1965 utilitas
893 1930 1007 1976 posita
1024 1936 1091 1971 est,
1108 1930 1273 1975 impulere
1291 1942 1356 1972 me,
1376 1935 1414 1965 ut
1432 1934 1469 1964 et
1490 1930 1567 1975 ipse
1582 1931 1678 1966 litte-

194 1980 246 2015 ris
264 1979 456 2014 mandarem
478 1990 519 2019 ea
536 1979 658 2020 omnia,
679 1990 769 2024 quae
788 1978 999 2023 temporibus
1023 1976 1150 2011 nostris
1170 1977 1389 2019 acciderunt,
1413 1983 1450 2012 et
1466 1977 1510 2012 ad
1529 1989 1570 2011 ea
1589 1989 1679 2023 quae

195 2026 263 2060 iam
281 2030 418 2060 narrata
443 2030 523 2060 sunt
540 2025 608 2060 alia
625 2024 786 2059 adderem
809 2024 844 2058 in
861 2024 1010 2069 gratiam
1028 2023 1195 2058 hominum
1214 2023 1445 2065 curiosorum,
1467 2035 1590 2068 magna
1609 2024 1680 2058 sci-

196 2072 279 2107 licet
305 2075 341 2106 et
364 2071 482 2105 auditu
509 2071 725 2116 dignissima,
751 2073 901 2116 aptaque
922 2071 1101 2104 admodum
1128 2070 1325 2104 erudiendis
1346 2071 1412 2112 iis,
1437 2070 1496 2116 qui
1513 2081 1679 2106 novorum

198 2118 425 2163 exemplorum
452 2118 677 2162 cognitionem
705 2128 904 2162 comparare
930 2128 1038 2161 usque
1066 2116 1133 2150 sibi
1162 2117 1316 2162 cupiunt.
1363 2117 1479 2151 Affert
1503 2123 1617 2152 autem
1643 2122 1678 2152 et

199 2164 286 2200 mihi-
305 2165 411 2198 nihilo
439 2164 549 2198 minus
577 2176 619 2198 ea
641 2176 695 2198 res
717 2164 864 2198 fructum
890 2163 1036 2208 aliquem
1066 2163 1290 2209 peculiarem,
1315 2169 1482 2209 quatenus
1503 2164 1546 2198 ad
1566 2175 1678 2199 mores

201 2210 451 2256 componendos
473 2211 634 2256 prodest:
665 2210 747 2244 item
771 2210 981 2254 voluptatem
1011 2211 1099 2244 haud
1122 2222 1285 2255 parvam,
1312 2211 1389 2244 dum
1410 2211 1530 2245 crebro
1556 2222 1610 2244 me
1633 2212 1678 2245 ab

195 2257 275 2294 aliis
294 2257 338 2291 ad
357 2257 426 2292 alia
446 2269 560 2292 rerum
578 2268 707 2302 genera
725 2256 829 2291 multa
849 2261 885 2290 et
903 2256 1042 2290 diversa
1061 2257 1349 2292 commemoranda
1364 2257 1547 2291 transfero.
1574 2257 1678 2297 Quod

198 2309 234 2339 et
248 2303 488 2350 navigantibus
507 2315 572 2338 usu
590 2303 703 2347 venit,
734 2303 857 2349 quibus
882 2302 982 2337 modo
1004 2303 1155 2337 occurrit
1181 2303 1344 2348 pelagus,
1367 2304 1466 2338 modo
1487 2315 1530 2337 ex
1553 2304 1677 2348 pelago

195 2350 331 2386 insulae
349 2350 518 2385 adeuntur
537 2354 572 2384 et
590 2355 709 2396 portus
721 2376 731 2392 ‚
755 2354 791 2384 et
809 2349 980 2384 immorari
1003 2348 1110 2384 variis
1133 2349 1218 2384 locis
1237 2351 1353 2395 placet
1369 2349 1570 2394 multiplicis
1587 2361 1678 2384 mer-

200 2403 342 2432 caturae
361 2396 496 2442 gratia3
526 2396 577 2430 ita
601 2400 641 2431 ut
663 2396 759 2441 regio
784 2396 876 2430 nulla
894 2396 958 2437 sit,
985 2408 1027 2430 ex
1049 2407 1117 2440 qua
1137 2395 1188 2429 illi
1213 2408 1336 2441 magna
1365 2396 1590 2430 emolumenta
1610 2408 1677 2431 non

200 2444 373 2489 colligant.
421 2441 503 2488 (V.)
526 2446 572 2477 At
588 2443 745 2488 quoniam
766 2442 808 2476 de
828 2442 872 2477 iis
890 2443 1004 2483 rebus,
1030 2454 1117 2487 quae
1135 2442 1180 2476 ad
1200 2442 1342 2478 iunioris
1360 2453 1468 2487 usque
1488 2443 1678 2476 Andronici

199 2496 341 2537 mortem
367 2495 487 2534 gestae
509 2494 644 2531 essent,
669 2489 755 2524 satis
774 2501 794 2523 a
815 2488 912 2523 nobis
931 2488 1055 2523 dictum
1073 2493 1144 2530 est,
1168 2501 1256 2523 nunc
1275 2489 1317 2523 ab
1337 2501 1375 2523 re
1395 2488 1486 2523 haud
1507 2489 1615 2523 fuerit
1636 2501 1678 2525 ea

199 2548 290 2582 quae
306 2536 468 2581 deinceps
488 2535 688 2571 acciderunt
708 2546 850 2570 narrare
869 2536 997 2577 fusius,
1023 2547 1064 2570 ac
1084 2536 1318 2580 superioribus
1339 2535 1558 2580 conjungere.
1606 2536 1677 2570 Re-

200 2582 353 2618 vocanda
376 2582 495 2628 itaque
512 2582 623 2617 oratio
643 2586 762 2617 nostra
783 2581 826 2616 ad
843 2582 1033 2616 continuam
1055 2586 1090 2615 et
1109 2588 1224 2627 aptam
1239 2593 1352 2617 rerum
1370 2582 1513 2624 seriem,
1538 2594 1608 2627 qua
1622 2582 1677 2616 ni-

200 2629 248 2664 hil
267 2629 402 2674 integro
421 2628 585 2664 historiae
610 2629 748 2674 corpori
767 2627 1024 2669 convenientius
1050 2634 1115 2663 est.

290 2677 325 2711 2,
359 2675 517 2710 Nondum
543 2675 731 2720 imperator
756 2674 906 2709 ultimum
935 2674 1092 2719 spiritum
1128 2674 1288 2709 emiserat
1314 2673 1409 2719 apud
1433 2675 1679 2710 monasterium

198 2721 436 2767 Hodegorum‚
468 2721 681 2757 castissimae
705 2721 773 2756 Dei
797 2720 959 2766 genitrici
986 2732 1138 2763 sacrum,
1164 2733 1238 2756 cum
1256 2721 1436 2762 Ioannem,
1463 2720 1536 2756 eius
1559 2722 1677 2763 filium,

199 2767 259 2812 qui
285 2772 506 2803 tumlnonum
532 2768 658 2803 aetatis
685 2779 808 2802 annum
837 2767 1046 2810 excedebat,
1073 2779 1219 2802 necnon
1238 2767 1399 2802 minorem
1419 2767 1520 2802 huius
1537 2769 1677 2803 fratrem

197 2814 400 2852 MichaElem
427 2815 626 2862 (impetam,
657 2825 762 2850 annos
791 2819 907 2849 natum
935 2818 1102 2860 quatuor,
1135 2815 1401 2849 Cantacuzenus
1420 2826 1532 2850 secum
1550 2825 1678 2850 assum-
