1794 3172
206 115 308 164 606
659 121 982 168 NICEPHORI
1012 120 1339 169 GREGORAE

0 245 87 278 Α.Μ.
107 244 199 281 6850
214 230 350 292 ὅρκοις
380 230 664 291 ἓρηρεισμένον
695 228 918 290 φρικώδεσι
940 263 953 285 ,
1003 232 1178 287 μηδαμῆ
1216 249 1318 275 ποτε
1349 233 1697 289 Καντακουζηνόν

38 292 168 328 mmm
213 302 507 355 εἷσδέξασθαι,
543 300 621 344 κᾶν
651 305 792 344 πᾶσαν
826 295 854 360 ᾖ
887 297 1109 355 μετάνοιαν
1130 301 1384 357 ἐνδεδειχώς,
1421 301 1499 346 κᾶν
1519 302 1699 359 ἀγγέλων,

210 370 402 429 μεσιτεύῃ
429 388 492 422 τις
515 371 558 421 ἐξ
581 369 774 428 οὐρανοῦ.
848 368 938 429 (Γ.)
978 373 1127 413 Ταῦτα
1158 369 1406 429 ἀμφοτέρων
1426 369 1554 415 ἐδόκει
1573 372 1697 415 τάπι-

210 439 462 499 τηδεύματα.
499 435 607 496 ’ἦσαν
637 440 680 483 δ’
706 437 763 490 ὥς
783 438 957 495 ἀληθῶς
984 443 1059 495 τῆς
1078 443 1153 483 τοῦ
1169 438 1425 484 Ἀποκαύκου
1449 439 1694 497 δεινότητος.

211 508 506 569 ὠνειροπόλησε
533 508 614 566 γὰρ
642 508 770 559 εὐθὺς
795 506 873 566 (ὦς
902 507 1080 566 εἴρηται)
1110 510 1350 564 βασιλείαν,
1396 503 1449 566 ἧς
1470 511 1514 554 ἐκ
1540 512 1727 554 πολλοῦὄ

174 582 500 638 Εσπερματικῶς
521 575 782 635 ἔνεφύτευσεν
799 578 890 633 ἴχνη
913 577 1005 621 τινὰ
1027 581 1233 635 λογισμῶν
1263 583 1316 637 τῇ
1344 583 1488 638 ψυχῇ·
1524 580 1698 636 κάπειδὴ

210 656 302 699 ταῖς
322 652 406 692 τῶν
423 645 551 691 πάλαι
566 648 725 703 βίβλων
748 647 949 704 ἱστορίαις
975 647 1245 707 ἐνδιατρίβων
1265 643 1317 705 ἦν
1334 649 1387 692 τὰ
1407 647 1590 705 μάλιστα
1603 682 1618 703 ,
1658 650 1701 700 ἐς

208 717 376 774 μνήμην
407 711 506 772 ἧκεν
532 716 754 772 Ὀκταβίου
781 717 1002 774 Καίσαρος
1044 722 1120 760 τοῦ
1149 716 1400 775 Αὐγούστου
1414 751 1428 772 ,
1484 720 1555 762 καὶ
1594 718 1701 777 πρὸς

83 804 205 841 P,377
216 789 364 831 ἐκεῖνον
397 783 636 842 λεληθότως
665 786 787 843 ἀνῆγε
813 786 893 842 τὴν
916 786 1104 842 μίμησιν.
1153 789 1222 830 καὶ
1250 787 1328 847 γὰρ
1349 786 1556 842 κάκεῖνος,
1594 788 1700 844 μετὰ

209 857 257 901 τὸ
275 859 466 900 καθελεῖν
484 855 557 899 τὸν
577 860 654 911 τῆς
674 853 896 913 ἡγεμονίας
916 854 1089 913 ἔφεδρον
1101 855 1319 901 Ἀντώνιον
1338 856 1428 912 ἅμα
1445 856 1698 919 Κλεοπάτρα
1714 863 1759 900 10

206 930 260 985 τῇ
282 926 497 986 Αἷγυπτία
508 958 522 979 ,
559 924 790 982 οὗκᾶλλως
814 922 1000 980 ἐνόμισεν
1023 924 1310 978 ἀνυπεύθυνος
1334 925 1605 985 αὐτοκράτωρ
1625 932 1702 984 τῆς

208 995 307 1051 ὅλης
338 995 469 1052 ἀρχῆς
502 998 780 1051 καταστῆναι,
829 993 856 1050 ἢ
890 994 938 1038 τό
968 997 1043 1051 τῆς
1070 1000 1229 1052 βουλῆς
1250 996 1518 1053 συγκλητικὸν
1539 996 1702 1053 ἀξίωμα

208 1061 490 1122 συγκαθελῶν.
528 1062 630 1108 ὅθεν
671 1068 895 1122 συγχωρῶν
929 1064 1095 1116 ἐκείνοις
1122 1065 1352 1109 τοῦλαττον
1387 1067 1619 1125 ἐκαρποῦτο
1651 1066 1702 1110 τὸ

209 1135 346 1190 μεῖζον
379 1133 454 1178 ἀεί.
490 1133 539 1176 τὸ
569 1134 615 1177 δὲ
640 1128 713 1190 ἦν,
763 1133 917 1184 αὐτοὺς
945 1134 1022 1189 μὲν
1039 1134 1082 1177 ἐν
1113 1139 1166 1193 τῇ
1180 1133 1318 1194 Ῥώμῃ
1339 1136 1604 1192 καθημένους
1625 1136 1703 1187 τὰς

176 1204 334 1254 Βδίκας
356 1210 447 1253 ταῖς
467 1200 608 1247 πόλεσι
630 1202 858 1259 διανέμειν,
896 1204 965 1246 καὶ
984 1200 1062 1254 τάς
1081 1221 1126 1261 γε
1146 1209 1229 1249 τῶν
1251 1203 1482 1263 ἐπιτρόπων
1506 1206 1701 1263 ἄρχαιρε-
1714 1208 1760 1247 15

211 1274 330 1327 σίας,
370 1271 507 1330 ὥσπερ
540 1271 622 1316 ἀπὸ
658 1274 810 1331 δίφρου
843 1273 910 1315 καὶ
939 1271 1155 1329 δυνάμεως
1183 1274 1453 1331 αὖθεντικῆς·
1502 1275 1629 1319 αὐτὸν
1658 1276 1704 1319 δὲ

210 1346 296 1386 τῶν
328 1359 372 1386 τε
404 1342 684 1400 ἠπειρωτικῶν
715 1343 784 1385 καὶ
816 1346 1018 1386 ναυτικῶν
1055 1342 1271 1400 δυνάμεων
1289 1344 1438 1401 ἔχοντα
1455 1344 1533 1401 τὴν
1551 1343 1705 1402 ἡγεμο-

211 1412 303 1455 νίαν
347 1418 435 1462 τοῖς
474 1411 551 1463 ἔξω
593 1411 788 1468 πολέμοις
828 1412 1173 1468 ἔνασχολεΐσθαι,
1221 1416 1291 1457 καὶ
1331 1414 1401 1458 διὰ
1441 1419 1518 1470 τῆς
1552 1414 1703 1458 ἑαυτοῦ

86 1482 502 1539 ν,306ταλαιπωρίας
519 1481 569 1524 τὸ
599 1481 892 1540 ἀταλαίπωρον
922 1480 1188 1538 πανταχόθεν
1209 1482 1296 1528 οἷον
1317 1482 1572 1542 ὖπηρετικῶς
1589 1493 1704 1542 περι-

213 1557 342 1595 ποιεῖν
373 1555 425 1608 τῇ
458 1548 673 1611 συγκλήτῳ
703 1552 772 1594 καὶ
799 1558 888 1602 τοῖς
917 1555 1139 1603 πολιτικοῖς
1157 1551 1422 1611 πράγμασιν·
1459 1553 1535 1597 οὐκ
1556 1554 1702 1597 εἰδέναι
1713 1560 1762 1597 20

215 1619 451 1674 δυναμένων
474 1621 635 1663 ἐκείνων
643 1654 661 1675 ,
696 1618 753 1671 ὥς
777 1618 797 1664 ὅ
819 1625 903 1665 τῶν
924 1627 1230 1679 στρατιωτικῶν
1262 1621 1478 1679 δυνάμεων
1506 1623 1706 1682 ἐγκρατὴς

176 1688 352 1749 ορᾷστα
381 1693 462 1732 τῶν
499 1688 606 1733 ὅλων
635 1694 847 1748 χειροῦται
878 1690 926 1734 τὸ
955 1688 1121 1749 κράτος.
1193 1692 1293 1752 (Δ.)
1329 1691 1500 1749 Ταύτην
1521 1688 1595 1737 οὗν
1617 1694 1707 1736 ἐπι-

213 1756 376 1812 βούλως
409 1759 477 1801 καὶ
507 1763 686 1810 συνετῶς
719 1761 789 1803 καὶ
824 1756 1117 1811 ὃἈπόκανκος
1144 1761 1360 1818 ἐληλυθώς
1380 1762 1457 1819 τὴν
1478 1760 1578 1806 ὁδὸν
1586 1795 1602 1817 ,
1637 1764 1707 1806 καὶ

220 1827 319 1878 τούς
335 1827 411 1882 μὲν
433 1826 604 1884 εὐγενεῖς
625 1826 812 1880 ἅπαντας
835 1827 1250 1886 κατασκευασάμενος
1271 1832 1319 1876 τὸ
1345 1836 1421 1889 τῆς
1439 1836 1598 1889 βουλῆς
1628 1834 1706 1889 δῆ-

220 1980 394 2023 eonvenit,
415 1992 460 2016 ne
479 1992 628 2028 unquam
644 1982 859 2029 reciperetur
877 1982 1156 2027 Cantaeuzenus,
1181 1985 1396 2031 quantumvis
1417 1986 1649 2034 poenitentem
1666 1999 1707 2023 se

221 2027 478 2072 significaturus
501 2033 614 2071 esset3
638 2041 680 2064 ac
697 2042 742 2065 ne
766 2030 901 2076 quidem
921 2030 950 2064 si
968 2031 1092 2077 aliquis
1114 2033 1160 2067 de
1177 2032 1273 2067 caelo
1293 2033 1445 2078 Angelus
1467 2034 1706 2070 interveniret.

170 2074 175 2081 ⁸
221 2073 325 2118 (ΙΙΙ.)
345 2073 400 2107 Ea
417 2073 629 2110 videbantur
639 2075 817 2122 utriusque
835 2088 914 2111 esse
930 2077 1108 2113 instituta:
1131 2090 1257 2113 revera
1272 2084 1385 2114 autem
1403 2079 1538 2115 isthaec
1555 2082 1599 2116 ab
1610 2083 1707 2136 Apo-

221 2120 320 2153 cauci
341 2120 482 2154 solertia
498 2121 818 2165 proficiscebantur.
864 2123 1104 2159 Somniaverat
1121 2125 1210 2160 enim
1228 2125 1363 2169 statim,
1389 2127 1442 2161 uti
1459 2127 1618 2170 diximus,
1641 2140 1707 2162 nn-

220 2166 424 2211 peratoriam
443 2166 658 2212 dignitatem,
674 2169 770 2203 cuius
790 2169 920 2215 pridem
937 2169 1104 2215 imagines
1122 2172 1287 2217 quasdam
1308 2184 1350 2207 ac
1371 2173 1466 2208 velut
1484 2175 1612 2209 semina
1631 2175 1708 2209 ani-

220 2222 274 2246 mo
297 2211 467 2246 infixerat.
515 2213 566 2247 Et
588 2226 662 2249 cum
681 2215 749 2249 iam
769 2216 847 2250 olim
868 2216 905 2250 in
923 2221 1078 2252 veterum
1096 2218 1249 2253 historiis
1267 2219 1521 2255 versatissimus
1540 2222 1644 2263 foret,
1668 2221 1706 2255 in

221 2258 414 2293 memoriam
439 2258 490 2293 illi
512 2265 655 2296 venerat
673 2262 844 2296 Octavius
862 2262 992 2297 Caesar
1011 2265 1208 2309 Augustus,
1242 2277 1389 2312 eumque
1410 2266 1608 2302 imitandum
1637 2267 1706 2302 sibi

220 2305 330 2339 tacite
352 2309 591 2351 proposuerat.
638 2307 779 2342 Etenim
806 2308 864 2343 ille
891 2309 1026 2344 sublato
1054 2322 1128 2346 cum
1145 2311 1331 2357 Cleopatra
1352 2314 1526 2359 Aegyptia
1542 2314 1705 2356 Antonin,

220 2350 422 2386 insidiatore
446 2357 482 2386 et
500 2352 636 2398 imperii
657 2354 810 2398 aemulo,
836 2366 903 2389 non
926 2354 1026 2391 aliter
1048 2359 1186 2402 putavit
1205 2370 1397 2405 supremum
1419 2360 1565 2394 omnium
1589 2372 1706 2395 rerum

221 2396 390 2432 dominum
412 2398 616 2434 exstiturum
632 2412 671 2434 se
690 2412 786 2444 esse,
818 2413 918 2447 quam
940 2401 969 2436 si
994 2404 1200 2439 senatoriam
1219 2405 1348 2440 Curiae
1372 2405 1575 2451 dignitatem
1603 2418 1706 2441 ever-

219 2443 332 2478 tisset.
380 2444 609 2486 Quamobrem
629 2447 765 2482 minima
784 2447 1001 2483 auctorit-atis
1019 2456 1121 2495 parte
1136 2452 1352 2486 senatoribus
1369 2464 1542 2495 concessa,
1559 2453 1707 2488 maxima

220 2489 297 2536 ipse
324 2502 459 2536 semper
479 2491 670 2527 fruebatur.
715 2493 757 2527 Id
779 2500 894 2528 autem
919 2500 1014 2537 erat,
1037 2501 1078 2531 ut
1100 2497 1126 2530 ii
1148 2498 1283 2543 quidem
1301 2499 1428 2533 Romae
1452 2499 1612 2535 sedentes
1630 2499 1708 2535 iura

220 2536 363 2570 urbibus
385 2539 520 2580 darent,
544 2542 580 2572 et
597 2537 817 2585 magistratus
837 2545 998 2587 tanquam
1014 2554 1034 2576 e
1050 2543 1137 2578 solio
1158 2544 1366 2590 publicaque
1384 2547 1592 2580 auctoritate
1611 2546 1708 2590 lege-

219 2587 317 2617 rent:
342 2583 418 2628 ipse
436 2588 550 2619 autem
570 2586 791 2620 terrestribus
819 2598 861 2622 ac
881 2588 1062 2623 navalibus
1080 2591 1193 2636 *copiis
1213 2591 1411 2636 praefectus
1436 2592 1588 2627 externis
1606 2592 1707 2627 bellis

220 2634 468 2675 occuparetur-3
494 2635 530 2665 et
546 2631 712 2667 molestiis
736 2633 889 2667 omnibus
913 2633 980 2668 sibi
997 2635 1055 2669 uni
1080 2637 1272 2682 susceptis,
1295 2642 1436 2683 pararet
1455 2639 1627 2684 undique,
1651 2639 1707 2673 fa-

222 2674 301 2709 muli
327 2675 460 2719 instar,
484 2678 618 2712 senatui
639 2689 681 2713 ac
701 2679 912 2726 reipublicae
929 2681 1230 2727 tranquillitatem:
1256 2695 1331 2718 cum
1350 2683 1399 2718 illi
1421 2685 1514 2719 baud
1531 2686 1707 2730 intellige-

222 2724 321 2763 rent,
345 2734 420 2764 eum
445 2723 506 2768 qui
530 2724 738 2760 exercitibus
760 2730 956 2771 praeesset,
987 2727 1151 2763 facillime
1177 2741 1279 2775 posse
1304 2741 1472 2776 usurpare
1497 2731 1706 2767 dominatum

223 2768 369 2802 omnium
389 2780 514 2804 rerum.
563 2770 631 2814 (IV
633 2771 662 2815 .)
685 2772 781 2806 Illam
800 2772 911 2818 igitur
932 2773 1022 2808 viam
1038 2776 1242 2821 Apocaucus
1261 2776 1427 2821 insidiose
1447 2781 1483 2812 et
1505 2783 1606 2812 caute
1630 2778 1706 2823 ipse

224 2824 362 2860 quoquo
380 2815 557 2861 ingressus
581 2817 720 2862 effecit,
738 2823 778 2855 ut
796 2830 910 2856 omnes
929 2820 1063 2856 nobiles
1087 2821 1217 2858 muneri
1243 2823 1415 2859 senatorio
1439 2824 1706 2866 administrando
