1794 3172
239 116 340 183 722}
654 122 969 167 NICEPHORI
998 122 1324 168 GREGORAE

17 239 56 271 A·
75 237 118 270 Μ·
137 235 228 273 6853
241 232 360 282 &adv
376 252 421 278 τε
446 234 512 277 καὶ
531 230 811 291 Περιθύριον,
849 233 917 275 καὶ.
941 230 1021 276 ὅσα
1053 232 1123 290 ἐφ’
1148 230 1322 291 ἑκάτερα
1343 235 1412 278 καὶ
1430 235 1587 292 μεταξὺ
1608 238 1728 281 πολί-

62 285 132 319 Ind'
150 284 338 365 1ΒΕχνιά
361 322 404 348 τε
435 306 502 347 καὶ
528 305 690 360 χωρία,
727 303 794 344 καὶ
828 300 1122 359 στρατεύματα
1154 303 1299 346 ἱππικὰ
1320 304 1529 361 τεττάρων
1546 307 1728 350 ἐπέκεινα

232 374 466 435 χιλιάδων.,
501 371 595 432 (A.)
632 372 790 430 Θέρους
810 372 852 414 δ’
874 371 953 428 ἤδη
973 376 1214 436 μεσοῦντος,
1242 375 1310 416 καὶ
1331 378 1406 430 τῆς
1423 380 1497 431 γῆς
1512 376 1554 418 ἓν
1574 376 1728 431 ἀκμαῖς

238 441 505 502 ὑπαρχούσης
528 446 600 484 τοῦ
623 443 764 494 σίτου,
807 441 882 491 τὰς
906 440 1098 497 δυνάμεις
1119 442 1356 500 ἀνειληφὼς
1373 442 1540 495 ἁπάσας
1559 442 1580 488 ὅ
1599 450 1725 499 βασι-

238 516 331 565 λεὺς
369 510 485 569 ἐγγύς
509 529 590 554 που
621 515 695 554 τοῦ
716 513 973 569 Περιθοριόυ
991 514 1446 570 παρεστρατοπέδευσε,
1485 516 1552 557 καὶ
1572 517 1627 564 εἷς
1647 514 1755 558 τά-5

239 589 299 637 ξιν
319 581 540 637 πολεμικὴν
560 579 760 636 διεκόσμει
782 599 824 624 τε
845 584 911 623 καὶ
931 582 1149 625 συνέταττε
1171 587 1294 640 σφᾶς.
1333 583 1415 640 ἤδη
1435 584 1480 626 δὲ
1499 586 1567 627 καὶ
1590 583 1726 627 &Mo-

236 655 420 710 μιτίλας,
461 648 715 708 ὁρμητήριον
747 650 896 708 ὀχυρὰν
921 650 1070 694 ἑαυτοῦ
1101 652 1148 696 τὸ
1169 651 1428 710 Περιθόριον
1458 653 1727 710 καταστησά-

195 728 379 780 Ὲμενος,
411 718 515 779 ἐξῄει
540 724 712 771 πολλαῖς
733 738 776 764 τε
800 721 1085 779 πεφραγμένος
1118 730 1210 773 ταῖς
1242 721 1440 777 δυνάμεσι
1475 725 1543 767 καὶ
1571 726 1726 767 πλειόνι

236 791 566 850 ἓκτετυφωμένος
587 795 645 850 τῷ
664 788 827 848 θράσει.
862 791 958 834 οὐδὲ
975 791 1053 849 γὰρ
1075 792 1195 836 οὐδὲν
1215 791 1308 836 οὔτε
1325 793 1474 850 μικρὸν
1494 792 1589 837 οὔτ’
1610 794 1727 851 ἀγεν-

237 864 303 914 νὲς
321 860 638 918 ὖπολογίζεσθαι
665 855 714 916 ἦν
747 860 859 919 αὐτῷ
892 863 982 917 περὶ
1008 860 1158 906 ἑαυτοῦ
1176 876 1185 887 ·
1236 862 1334 906 ἀλλ’
1377 862 1513 921 ὥσπερ
1546 864 1588 906 ἓν
1606 866 1724 922 χερσὶ
1739 870 1784 905 10

238 933 315 990 τὴν
335 933 450 988 νίκην
471 930 551 988 ἤδη
577 931 642 973 καὶ
665 930 743 987 πρὸ
765 934 839 986 τῆς
859 932 1002 988 πείρας
1021 931 1122 987 ἔχων
1145 936 1228 975 τῶν
1251 934 1470 988 πολεμίων,
1510 932 1620 976 οὕτω
1640 951 1727 988 μα-

238 1007 325 1062 κρῷ
348 1006 406 1060 τῷ
429 999 580 1059 θράσει
600 999 702 1058 ῥέων
721 1001 761 1050 ἐς
781 1000 934 1055 μέσους
952 1001 1103 1057 ἤλαυνε
1123 1002 1221 1052 τοὺς
1242 1005 1474 1058 πολεμίους.
1515 1001 1660 1062 (E.)‘O
1682 1004 1728 1046 δὲ

100 1077 143 1112 Ρ.
158 1075 228 1113 457
234 1071 428 1129 βασιλεὺς
450 1070 555 1113 κατὰ
577 1070 767 1126 μέτωπον
795 1074 879 1114 τῶν
903 1074 1108 1127 πολεμίων
1133 1070 1281 1116 ἑαυτὸν
1309 1072 1415 1116 κατὰ
1446 1078 1530 1115 τῶν
1549 1071 1727 1128 Ῥωμαϊ-

236 1147 319 1187 κῶν
348 1139 560 1196 δυνάμεων
593 1138 898 1195 συνταξάμενος
930 1141 1006 1198 τὴν
1037 1141 1190 1199 ἔφοδον
1220 1143 1287 1185 καὶ
1318 1142 1391 1188 τὸν
1414 1140 1570 1200 δρόμον
1602 1139 1751 1200 ε’καρ-’

237 1213 341 1268 τέρει
366 1215 439 1255 τοῦ
471 1211 724 1265 ΖΙῙομιτίλου.
762 1210 839 1260 τὰς
870 1212 915 1254 δὲ
933 1212 1145 1268 Περσικὰς
1168 1210 1388 1267 δυνάμεις,
1426 1210 1584 1263 πολλάς
1611 1230 1726 1264 τινας
1739 1224 1783 1259 15

238 1281 388 1335 οὔσας,
426 1282 482 1332 εἰς
512 1280 661 1337 ἀκριβῆ
686 1278 906 1337 περιήλασε
929 1279 1099 1336 κύκλον,
1141 1279 1197 1333 ὡς
1225 1283 1268 1325 ἓν
1288 1282 1426 1342 μέσῳ,
1465 1281 1659 1340 καθάπερ
1684 1283 1726 1325 ἕν

103 1361 146 1398 V.
158 1362 229 1399 370
239 1353 374 1410 εἱρκτῇ
394 1352 460 1393 καὶ
481 1348 631 1409 δικτύῳ
641 1384 654 1403 ,
695 1355 1013 1408 συγκλεισθῆναι
1032 1354 1277 1407 ΖῦΙομιτίλαν
1303 1352 1409 1408 μετὰ
1438 1350 1575 1408 πάσης
1596 1352 1725 1396 αὐτοῦ

238 1426 314 1478 τῆς
339 1418 564 1475 δυνάμεως.
605 1421 686 1463 ἐπεὶ
721 1421 765 1463 δὲ
787 1422 854 1463 καὶ
886 1429 973 1472 τοῖς
1002 1426 1083 1466 τῶν
1108 1423 1340 1479 σαλπίγγων
1362 1440 1405 1465 τε
1428 1423 1599 1465 καὶτῶν
1619 1440 1728 1478 τυμυ

238 1489 380 1535 πάνων
411 1487 573 1548 κρότοις
605 1492 922 1547 συνανεκίρνατο
952 1493 1020 1535 καὶ
1048 1490 1074 1549 ἦ
1109 1499 1196 1542 τοῖς
1223 1490 1459 1550 βαρβάροις
1489 1490 1612 1548 ἤθεσι
1643 1496 1727 1535 τῶν

196 1564 417 1619 ΒΠερσιῦν
446 1561 537 1617 περὶ
579 1559 679 1610 τοὺς
708 1561 914 1615 πολέμους
944 1559 1150 1618 ἡλικιῶτις
1178 1562 1360 1619 κλαγγὴ,
1412 1559 1543 1612 πολύς
1568 1579 1612 1605 τε
1646 1561 1784 1608 ἀνάΞΟ

233 1629 370 1674 πάντα
391 1629 463 1674 τὸν
478 1634 616 1687 χῶρον
639 1632 791 1674 ἐκεῖνον
816 1629 836 1674 ὃ
860 1630 1051 1689 θόρυβος
1072 1627 1122 1688 ἦν
1151 1634 1219 1675 καὶ
1246 1631 1403 1688 πολλὴν
1437 1633 1480 1683 ἐξ
1511 1632 1726 1690 ἀπροσδο-

234 1699 362 1757 κήτου
388 1704 446 1760 τῷ
467 1701 688 1761 ΖΡΙομιτίλᾳ
708 1700 783 1756 τὴν
807 1700 1060 1758 κατάπληξιν
1081 1703 1249 1746 ἕνεποιέι
1271 1704 1340 1744 καὶ
1366 1701 1446 1759 πρὸ
1470 1706 1544 1757 τῆς
1565 1695 1723 1759 πείρας,

234 1772 303 1814 καὶ
342 1770 389 1813 τὸ
422 1774 577 1827 γαῦρον
618 1767 743 1814 ἐκεῖνο
786 1770 953 1830 σφόδρα
995 1774 1062 1816 καὶ
1093 1772 1299 1830 μετέωρον
1328 1771 1482 1828 ἔθραυε
1512 1769 1723 1829 φρόνημα.

236 1838 326 1899 (ς’.)
363 1841 450 1882 Καὶ
469 1840 540 1882 ’ἵνα
570 1839 646 1890 τὰς
677 1841 719 1883 ἓν
750 1841 864 1900 μέσῳ
893 1839 1022 1898 τύχας
1053 1844 1120 1885 καὶ
1153 1839 1459 1899 ἇγχιστρόφους
1492 1842 1628 1892 ἕλικας
1650 1844 1726 1884 τοῦ

237 1909 418 1965 πολέμου
453 1909 750 1966 παρέλθωμεν,
788 1916 873 1955 τῶν
899 1913 1037 1956 ἵππων
1068 1912 1198 1963 εὐθὺς
1230 1909 1464 1966 ἀποβάντες
1494 1911 1534 1956 οἳ
1562 1912 1784 1961 πλειόυς25

236 1996 326 2031 enim
355 1999 436 2030 tunc
462 1996 498 2031 in
519 1996 649 2033 ditione
677 2009 740 2032 sua
765 1999 869 2034 urbes
887 1999 1075 2036 Xanthiam
1102 2011 1144 2035 ac
1161 1998 1414 2041 Pet-itherium,
1438 2001 1476 2034 et
1496 2007 1726 2045 quaecunque

237 2043 313 2077 sive
332 2043 492 2088 utrinque
515 2044 694 2087 adiacent,
719 2045 793 2080 sive
812 2046 996 2082 interiecta
1016 2051 1107 2090 sunt,
1133 2046 1316 2093 municipia
1336 2058 1377 2081 ac
1396 2045 1492 2088 loca3
1519 2050 1556 2079 et
1572 2045 1727 2091 equitum

236 2089 331 2123 ultra
349 2095 499 2135 quatuor
516 2091 631 2127 millia.
673 2092 773 2138 (IV.)
798 2093 915 2128 Media
935 2094 1002 2129 iam
1020 2099 1166 2136 aestate,
1191 2100 1266 2128 cum
1285 2094 1407 2139 fruges
1426 2098 1578 2127 maturae
1598 2097 1728 2135 essent,

236 2136 426 2181 imperator
443 2137 552 2182 copiis
572 2138 725 2173 omnibus
754 2152 867 2174 secum
885 2141 1071 2187 assumptis
1094 2146 1360 2176 castrametatus
1379 2145 1432 2175 est
1451 2139 1548 2174 iuxta
1565 2138 1727 2174 Peritho-

236 2181 346 2224 rium,
372 2194 518 2228 suosque
538 2184 614 2218 acie
639 2185 773 2220 directa
798 2186 965 2222 iustruxit
992 2192 1028 2222 et
1055 2188 1241 2222 ordinavit.
1291 2187 1361 2221 Iam
1389 2192 1502 2221 autem
1525 2185 1727 2229 Momitilas,

237 2240 313 2263 cum
334 2228 368 2263 in
390 2230 475 2263 urbe
497 2230 694 2265 Perithorio
716 2233 924 2277 praesidium
944 2234 1010 2268 sibi
1031 2234 1162 2269 firmum
1183 2233 1441 2275 constituisset,
1466 2244 1590 2277 magna
1616 2232 1730 2277 stipa-

236 2279 294 2310 tus
322 2276 490 2311 hominum
516 2288 614 2311 manu
647 2283 683 2312 et
716 2279 900 2315 maioribus
926 2281 1047 2316 animis
1067 2281 1232 2323 inflatus,
1270 2280 1459 2327 prodierat.
1509 2279 1610 2314 Nihil
1639 2279 1729 2313 enim

237 2334 402 2378 parvum,
436 2323 523 2357 nihil
549 2324 673 2359 humile
702 2326 746 2360 de
773 2339 811 2360 se
836 2339 980 2373 sperare
1006 2329 1039 2363 ei
1066 2328 1315 2369 succurrebat3
1340 2327 1403 2362 sed
1427 2325 1527 2373 quasi
1546 2325 1748 2360 victoriam.

237 2381 326 2411 iam,
350 2374 431 2404 ante
450 2370 575 2404 factum
596 2383 736 2416 pugnae
755 2374 963 2418 periculum,
990 2376 1137 2411 haberet
1154 2386 1239 2420 prae
1256 2374 1431 2416 manibus,
1455 2373 1588 2407 medios
1607 2372 1641 2406 in
1666 2373 1728 2406 ho-

237 2420 309 2451 stes
336 2416 411 2450 ruit
436 2416 558 2462 plenus
585 2418 761 2452 audaciae.
809 2420 891 2466 (V.)
917 2423 963 2456 At
987 2421 1196 2468 imperator,
1221 2422 1388 2455 adversus
1411 2420 1559 2454 hostium
1580 2419 1728 2453 frontem

237 2474 276 2497 se
296 2466 332 2497 et
352 2463 522 2498 Romanas
537 2463 689 2509 legiones
711 2477 784 2499 cum
803 2467 1025 2511 collocasset,
1050 2468 1213 2515 impetum
1230 2473 1336 2513 atque
1352 2466 1581 2501 incursionem
1602 2465 1729 2501 Memi-

235 2509 322 2544 tilae
345 2509 545 2545 sustinebat.
594 2511 754 2545 Persicas
781 2517 893 2548 autem
920 2514 1035 2558 vires,
1067 2527 1156 2561 quae
1180 2525 1381 2549 numerosae
1403 2518 1525 2554 erant,
1550 2513 1585 2547 in
1611 2513 1728 2546 orbem

237 2561 401 2590 accurate
420 2556 572 2603 undique
593 2558 771 2603 explicuit,
795 2564 833 2594 ut
849 2560 885 2594 in
904 2561 1015 2596 medio
1027 2587 1038 2605 ,
1061 2567 1224 2608 tanquam
1242 2572 1383 2596 carcere
1401 2564 1461 2594 aut
1477 2560 1624 2600 retibus,
1649 2559 1730 2593 Mo-

236 2602 365 2637 mitilas
387 2614 461 2637 cum
481 2603 573 2638 omui
590 2615 651 2637 suo
673 2604 827 2639 exercitu
846 2606 1091 2644 includeretur.
1138 2608 1264 2643 Statim
1283 2619 1367 2643 vero
1389 2612 1495 2652 atque
1512 2607 1670 2640 tubarum
1693 2610 1730 2640 et

236 2653 475 2695 tympanorum
503 2662 587 2684 sono
613 2651 716 2685 mista
743 2656 796 2686 est
824 2652 883 2687 illa
911 2655 1071 2690 barbaris
1101 2656 1282 2690 Persarum
1309 2654 1462 2688 moribus
1489 2652 1670 2687 familiaris
1692 2651 1729 2686 in

238 2695 326 2731 bello
343 2696 561 2739 vociferatio,
585 2697 749 2743 plurimus
768 2710 830 2744 per
848 2711 979 2735 omnem
993 2701 1087 2736 illum
1106 2702 1215 2737 locum
1234 2700 1397 2735 tumultus
1415 2699 1570 2742 exstitit,
1596 2704 1633 2734 et
1649 2698 1730 2734 Mo-

236 2742 398 2785 mifilam,
421 2747 604 2789 antequam
626 2749 794 2779 tentatum
813 2752 906 2781 esset
929 2748 1113 2794 praelium,
1138 2748 1182 2783 de
1202 2746 1388 2793 improviso
1409 2747 1631 2781 vehementer
1648 2757 1731 2792 per-

239 2789 347 2832 culit,
371 2789 586 2836 animumque
606 2790 701 2825 illum
729 2791 854 2827 elatum
884 2797 920 2827 et
944 2794 1146 2829 insolentem
1173 2795 1292 2840 fregit.
1340 2794 1440 2838 (VI.)
1467 2794 1579 2838 Atque
1605 2797 1644 2826 ut
1669 2803 1731 2826 eos

238 2846 359 2881 casm,
379 2835 442 2883 qui
462 2838 569 2873 medii
597 2836 848 2883 intercessere,
873 2845 910 2876 et
931 2840 1063 2876 celeres
1087 2841 1291 2878 alternantis
1318 2851 1456 2888 pugnae
1484 2837 1730 2875 conversiones
