1794 3172
262 119 367 169 776
665 120 982 171 NICEPHORI
1001 119 1328 168 GREGORAE

41 240 137 278 A0M.
158 235 403 295 6855γιαλόν
440 231 516 279 δύο
549 237 883 291 ταχυναυτοῦσαι
913 228 1092 290 τριήρεις
1121 231 1166 274 ἐκ
1192 233 1276 274 τῶν
1304 226 1499 275 Γαλάτου
1520 262 1536 285 ,
1579 226 1747 290 πλήρεις

86 289 155 324 hd·
172 288 529 370 1ὅοστρατιωτοῧν
553 322 597 348 τε
622 306 688 347 καὶ
708 302 845 348 ὅπλων
866 304 1109 346 Λατινικιῦν
1119 333 1133 354 ,
1163 301 1279 344 δυοῖν
1297 298 1481 359 θάτερον
1511 301 1554 344 ἒν
1575 305 1635 361 νῷ
1654 303 1749 344 δια-ε

261 373 507 434 πράξασθαι
543 374 709 430 ἔχουσαι
719 407 732 428 ,
773 371 800 429 ἢ
839 375 891 429 τῇ
930 371 1115 426 βασιλίδι
1146 367 1392 426 συμμάχους
1423 369 1595 414 ἔσεσθαι
1611 403 1626 424 ,
1670 373 1747 413 τοῦ

259 442 538 502 πληρώματος
571 442 668 487 ὅλου
696 438 1044 500 παρεισελθόντος
1065 439 1203 493 ἐντὸς,
1237 438 1263 496 ἢ
1285 440 1407 483 παισί
1422 457 1466 483 τε
1498 441 1564 482 καὶ
1580 437 1750 496 χρήμα-

262 532 327 559 σιν
349 512 453 569 ὁμοῦ
476 511 825 570 συναρπάσαντας
854 508 1022 566 ἀπάγειν
1053 507 1198 565 αὐτήν.
1237 509 1343 552 ἀλλὰ
1370 508 1443 552 τὸν
1461 510 1655 552 ἐπίπλουν
1676 510 1776 556 ozi-5

262 581 464 638 σθόμενοι
494 587 614 640 σφῶν
648 582 688 625 οἳ
715 583 807 639 περὶ
831 580 904 623 τὸν
934 578 1283 635 Καντακουζηνὸν
1316 583 1429 636 σφᾶς
1457 596 1500 621 τε
1527 575 1748 634 ἀπήλασαν

261 653 338 709 τὴν
370 653 590 707 ταχίστην,
631 649 733 702 τόξα
764 649 899 693 πολλοὶ
925 646 1271 707 περιστήσαντες,
1321 650 1390 691 καὶ
1417 647 1494 703 τὴν
1527 645 1750 705 ἀκρόπολιν.

262 721 418 774 ἔξωθεν
437 721 538 772 τέως
555 722 597 764 ἒν
614 724 780 779 φυλακῇ
802 721 1029 772 ἐποιοῦντο,
1064 717 1140 775 τὴν
1159 717 1301 774 ἱκανὴν
1325 715 1600 774 ἐπενεγκόντες
1619 733 1751 774 στρα-

222 789 371 837 Βτιάν.
410 789 501 851 (Ζ.)
528 791 582 834 Οἳ
601 791 676 846 μὲν
698 785 771 833 οὗν
793 787 910 832 ἄλλοι
931 785 1094 841 πάντες,
1128 791 1358 845 πολιορκεῖν
1372 788 1413 838 ἒς
1434 786 1510 843 τὴν
1529 785 1750 844 ὑστεραίαν

264 859 529 918 αἱρούμενοι,
560 862 628 905 καὶ
650 859 726 916 τὴν
753 863 829 915 τῆς
848 859 964 914 νίκης
986 859 1118 915 κρίσιν
1139 864 1226 908 τοῖς
1251 856 1393 908 ὅπλοις
1418 856 1643 914 ἐπιτρέπειν
1651 890 1665 910 ,
1698 854 1748 899 οὗ
1761 867 1794 904 1(

269 929 384 988 μάλα
422 929 470 988 γε’
491 947 556 973 τοι
586 928 740 987 ἀρεστὰ
777 932 836 987 τῷ
869 931 1036 983 βασιλεῖ
1061 928 1394 986 Καντακουζηνῷ
1436 930 1752 984 προθυμεῖσθαι

139 1003 262 1043 v.394
271 999 454 1045 ἐδόκουν.
492 999 599 1043 ἀλλὰ
617 999 689 1042 τὸν
709 998 822 1058 αὐτῷ
841 995 1007 1054 συνήθη
1031 995 1188 1056 τρόπον
1207 996 1427 1040 κάνταῦθα
1443 1000 1652 1054 τηροῦντι,
1681 996 1752 1039 καὶ

264 1072 393 1128 χωρὶς
415 1071 589 1125 αἵματος
612 1069 812 1126 ἐμφυλίου
838 1067 892 1110 τὰ
923 1066 1030 1110 κατὰ
1056 1064 1222 1124 γνώμην
1240 1070 1368 1110 τελεῖν
1395 1065 1568 1125 οῗομένῳ
1589 1065 1754 1119 βέλτιον

269 1139 385 1193 εἶναι,
419 1140 487 1182 καὶ
508 1138 702 1196 δευτέραν
722 1139 790 1180 καὶ
810 1138 953 1195 τρίτην
972 1134 1085 1194 ἐπῄει
1105 1137 1274 1192 πέμπειν
1293 1137 1529 1194 πρεσβείαν,
1555 1136 1622 1178 καὶ
1648 1135 1752 1178 ἀνα-

234 1206 506 1267 Εμιμνήσκειν
540 1207 593 1251 τὰ
621 1205 827 1265 πρότερα,
865 1205 965 1250 ὅθεν
996 1223 1040 1250 τε
1069 1205 1224 1264 ἤρξατο
1264 1207 1332 1248 καὶ
1365 1204 1459 1249 ὅποι
1485 1203 1748 1262 πεπόρευται,
1766 1215 1794 1251 12

267 1282 335 1324 καὶ
357 1277 467 1329 ὅπως
487 1279 528 1329 ἒς
547 1281 736 1321 τοιοῦτον
756 1278 878 1320 ταυτὶ
900 1275 1133 1332 κατηνέχθη
1157 1275 1205 1319 τὸ
1225 1275 1365 1334 πέρας,
1404 1275 1445 1326 ἐς
1465 1272 1607 1319 ὃποΐον
1627 1273 1754 1324 αὐτὸς

268 1349 330 1394 ἀεὶ
350 1347 548 1406 προῦλεγέ
563 1364 606 1390 τε
629 1349 694 1390 καὶ
715 1344 1032 1405 διεμαρτύρετο,
1063 1344 1205 1404 κρύφα
1224 1363 1267 1388 τε
1285 1347 1353 1389 καὶ
1375 1346 1416 1395 ἐς
1434 1339 1660 1402 προῦπτον,
1685 1345 1754 1387 καὶ

274 1416 447 1476 γράφων
479 1418 547 1460 καὶ
569 1414 907 1474 πρεσβευόμενος.
945 1412 1330 1474 προσκαλεσάμενος
1359 1409 1433 1458 οὗν
1464 1414 1537 1458 τὸν
1563 1418 1647 1457 τῶν
1673 1416 1754 1457 Φι-

240 1510 242 1513 ·
268 1489 431 1531 λίππων
460 1485 718 1544 ἇρχιθύτην,
753 1488 822 1530 καὶ
856 1484 946 1529 ὅσοι
979 1482 1051 1537 ξύν
1081 1502 1124 1542 γε
1157 1485 1271 1544 αὐτῷ
1301 1484 1382 1542 πρὸ
1415 1485 1531 1527 δυοῖν
1565 1500 1645 1527 που
1665 1489 1755 1526 τοῖν

268 1558 468 1601 ἐνιαυτοῖν
487 1556 678 1614 πρέσβεις
697 1556 802 1615 πρὸς
822 1560 896 1611 τῆς
918 1556 1133 1610 βασιλίδος
1146 1554 1292 1610 ’Άννης
1312 1553 1591 1611 ἐπέμφθησαν
1610 1554 1651 1603 ἔς
1672 1554 1753 1596 Δι-
1764 1560 1794 1597 21

229 1624 511 1682 Εδυμότειχον
543 1625 630 1669 ὅντι
650 1625 762 1686 αὐτῷ
776 1659 790 1680 ,
828 1623 973 1684 διεξῄει
997 1622 1150 1668 τοιάδε.
1200 1623 1301 1683 (Η.)
1338 1621 1521 1677 „Hastae
1539 1623 1615 1678 μὲν
1636 1619 1657 1666 ὃ
1680 1619 1756 1664 κύ-

273 1713 374 1755 ριος,
406 1696 647 1752 ἀγανακτῶν
666 1696 730 1738 ἐπὶ
750 1699 809 1754 τῷ
831 1694 1078 1754 ἠγαπημένῳ
1099 1698 1182 1738 τῶν
1199 1694 1413 1738 Ἰουδαίων
1431 1696 1535 1751 λαῷ,
1558 1690 1630 1742 οὓς
1650 1689 1762 1748 πρό-ν

271 1783 391 1824 τερον
412 1765 481 1809 διὰ
493 1765 685 1815 Μωσέως
702 1764 774 1808 τὸν
794 1763 920 1819 νόμον
942 1763 1084 1814 διδους
1104 1761 1412 1821 διεμαρτύρετο,
1434 1762 1563 1819 ,λέγων
1576 1774 1585 1785 ·
1623 1758 1760 1819 πρόσ-’.

279 1852 341 1891 εχε
377 1834 525 1893 οὗρανὲ
555 1836 623 1878 καὶ
661 1832 852 1891 λαλήσω’
900 1835 968 1877 καὶ
1000 1833 1182 1878 ἀκουέτω
1206 1837 1257 1890 γῆ
1287 1830 1455 1891 ῥήματα
1483 1832 1528 1875 ἐκ
1548 1827 1759 1887 στόματός

277 1989 412 2026 Latinis
433 1989 597 2025 militibus
618 1990 788 2036 armisque
813 1990 956 2037 plenae,
988 1989 1034 2024 ad
1058 1989 1156 2024 littus
1183 1989 1420 2036 appelluntur;
1452 1987 1594 2023 duorum
1615 1987 1759 2023 alterum

276 2038 456 2079 facturae,
480 2038 575 2079 sive,
601 2038 755 2072 omnibus
776 2037 884 2083 copiis
910 2038 947 2071 in
966 2049 1079 2071 arcem
1102 2036 1327 2080 introductis,
1350 2035 1602 2082 imperatricem
1621 2034 1761 2069 adiutu-

275 2095 350 2126 rae,
374 2083 449 2117 sive
470 2083 620 2126 eandem,
638 2095 712 2118 cum
731 2084 850 2118 liberis
868 2083 967 2118 simul
987 2089 1023 2118 et
1041 2083 1187 2129 pecunia
1208 2084 1396 2128 abreptam,
1420 2082 1516 2116 illinc
1532 2082 1761 2117 abducturam

277 2130 350 2164 Sed
365 2129 499 2164 illorum
520 2129 703 2164 adventum
721 2129 856 2165 odorati
870 2129 914 2173 ii,
937 2129 996 2176 qui
1013 2130 1105 2164 circa
1127 2130 1404 2165 Cantacuzenum
1425 2133 1543 2170 erant,
1566 2128 1682 2163 multis
1700 2138 1757 2161 ar·

276 2177 383 2211 cubus
401 2175 628 2221 circumsepto
649 2176 757 2218 aditu,
781 2189 840 2211 eos
859 2176 974 2211 statim
991 2177 1156 2221 abigunt3
1182 2180 1288 2222 atque
1304 2176 1385 2211 inde
1404 2180 1504 2210 extra
1523 2186 1657 2216 arcem,
1680 2173 1758 2208 ido-

275 2234 342 2258 nea
357 2221 499 2257 militum
519 2233 618 2256 manu
638 2222 785 2266 admota,
811 2223 971 2258 excubias
989 2234 1092 2266 agere
1107 2223 1290 2268 incipiunt.
1337 2222 1454 2267 (VII.)
1478 2222 1528 2256 Ac
1549 2221 1607 2255 alii
1623 2219 1759 2265 quidem

275 2280 393 2305 omnes
413 2268 583 2314 postridie
601 2268 637 2301 in
656 2269 866 2303 obsidionem
885 2269 1052 2311 incumbi,
1078 2275 1114 2304 et
1136 2270 1318 2304 victoriam
1338 2279 1508 2303 armorum
1526 2267 1655 2301 iudicio
1681 2278 1761 2311 per-

274 2315 369 2351 mitti
382 2315 555 2350 volebant.
602 2314 806 2359 Imperatori
829 2320 940 2350 autem
959 2316 1202 2350 Cantacuzeno
1221 2327 1287 2350 non
1309 2315 1486 2350 admodum
1506 2314 1640 2359 placere
1661 2312 1762 2347 vide-

274 2362 379 2397 batur
395 2361 446 2404 id,
465 2360 560 2406 quod
574 2359 625 2394 illi
646 2361 841 2406 cupiebant.
890 2362 1075 2396 Enimvero
1097 2363 1189 2404 huic,
1214 2373 1308 2396 suum
1324 2372 1449 2396 morem
1463 2366 1535 2394 tum
1553 2371 1689 2405 quoque
1705 2370 1763 2394 re-

274 2407 413 2450 tinenti,
437 2410 478 2442 et
491 2407 623 2454 absque
641 2407 765 2442 civium
786 2408 952 2453 sanguine
973 2409 1139 2454 perficere
1157 2421 1198 2443 ea
1218 2421 1308 2454 quae
1331 2408 1545 2443 decrevisset
1564 2406 1672 2440 satius
1691 2405 1764 2440 du·-

275 2454 390 2496 centi‚
412 2454 524 2489 visum
542 2456 595 2488 est
620 2453 763 2489 alteram
779 2460 815 2488 et
831 2454 969 2489 tertiam
995 2455 1129 2490 mittere
1145 2455 1350 2500 legationem
1362 2480 1372 2496 ‚
1397 2458 1433 2488 et
1452 2457 1614 2487 anteacta
1636 2452 1672 2486 in
1691 2463 1763 2486 me-

279 2500 419 2536 moriam
437 2511 623 2543 revoeare,
647 2500 738 2534 unde
761 2500 897 2536 scilicet
922 2502 1135 2546 coepissent,
1160 2507 1196 2536 et
1219 2513 1378 2547 quorsum
1406 2498 1632 2540 recidissent;
1659 2503 1764 2543 atque

279 2550 321 2584 ut
339 2559 380 2582 eo
398 2546 538 2582 tandem
561 2546 711 2581 deducta
728 2554 864 2589 essent,
890 2559 958 2593 quo
979 2549 1053 2593 ipse
1072 2547 1312 2593 praedixerat,
1337 2548 1490 2592 clamque
1510 2550 1547 2580 et
1562 2545 1674 2590 palam
1693 2550 1765 2580 tam

276 2592 393 2629 itteris
425 2605 528 2639 quam
553 2593 788 2639 legationibus
811 2597 962 2628 testatus
991 2595 1118 2628 fuerat.
1173 2594 1349 2629 Arcessito
1378 2594 1497 2639 itaque
1524 2591 1764 2637 Philipporum

278 2640 466 2687 pontifice,
490 2645 528 2675 et
556 2639 600 2674 iis
620 2640 789 2682 omnibus,
814 2639 873 2686 qui
892 2652 967 2675 cum
987 2640 1045 2675 illo
1064 2640 1205 2676 circiter
1225 2640 1398 2674 biennium
1412 2644 1492 2674 ante
1511 2638 1620 2684 legati
1641 2639 1683 2673 ab
1703 2637 1767 2671 im-

280 2686 455 2733 peratrice
474 2688 572 2722 Anna
596 2690 786 2729 venerant,
819 2691 889 2722 tum
915 2698 990 2721 cum
1012 2687 1089 2733 ipse
1108 2686 1344 2733 Didymotichi
1367 2691 1585 2726 versaretur,
1615 2684 1651 2718 in
1677 2684 1767 2718 hunc

283 2733 421 2768 modum
440 2732 592 2768 disserit.
639 2734 774 2779 (VIII.)
798 2733 926 2775 „Olim
942 2734 1094 2775 Iudaeis,
1118 2733 1245 2779 populo
1260 2733 1398 2774 dilecto,
1414 2732 1509 2767 Deus
1524 2732 1655 2772 iratus3
1680 2741 1767 2776 quos

286 2790 351 2825 per
371 2781 518 2825 Moysen
542 2779 609 2814 iam
632 2784 757 2822 antea,
782 2791 858 2814 cum
882 2780 992 2825 legem
1016 2781 1192 2822 traderet,
1225 2784 1333 2815 testes
1358 2779 1592 2813 advocaverat
1612 2777 1666 2812 his
1686 2788 1770 2811 ver-

273 2825 363 2863 bis:
388 2826 539 2863 Attende
556 2826 698 2870 caelum,
722 2830 759 2862 et
774 2827 918 2873 loquar;
942 2830 978 2862 et
994 2827 1115 2862 audiat
1131 2831 1227 2862 terra
1247 2826 1354 2861 verba
1371 2837 1414 2861 ex
1430 2837 1492 2860 ore
1510 2835 1607 2860 meo:
1633 2823 1769 2860 eosdem
