1754 3164
1513 0 1754 8 Ἣ

544 155 1024 207 ANNOTATIONES.
1356 148 1361 153 ⁸
1408 153 1433 200 1
1444 154 1505 202 19
1514 155 1541 203 1

4 272 81 312 τοῦ
106 284 188 323 παρ
194 262 380 309 ’ἐλπίδα
406 260 683 319 συμπεσόντος
708 265 785 319 τῆς
811 264 1030 318 δεσποίνης
1058 261 1085 306 ὅ
1109 257 1293 314 θάνατος
1310 263 1433 334 (leg.
1460 271 1541 308 θα-

5 324 165 381 νοὶτου).
165 284 271 365 ρ.1”01
291 324 362 368 75.
383 323 431 365 V.
469 324 585 363 Falsa
619 322 849 391 inscriptio.
887 321 1058 361 Inscribi
1079 321 1216 373 debet,
1243 319 1409 392 γράμμα
1435 323 1540 379 πρός

2 383 80 439 τήν
108 384 366 437 βασίλισσαν,
406 380 499 436 περὶ
526 383 602 422 τοῦ
630 381 717 421 δεῖν
750 375 880 432 αὐτήν
909 378 1101 433 ὁμονοεῖν
1129 382 1188 436 τῷ
1217 376 1386 446 συζυγῳ.
1443 382 1539 423 Per-

2 444 104 482 tinet
129 441 181 480 ad
204 439 368 478 dissidia
387 435 452 492 *)‚
481 452 585 491 quae
610 438 775 477 suerunt
807 438 914 476 iuter
944 437 1223 476 Andronicum
1251 437 1539 491 imperatorem

2 506 43 540 et
62 511 231 537 uxorem
257 497 342 535 eius
361 496 528 546 Irenen,
558 496 610 535 de
627 495 776 558 quibus
798 495 997 546 Gregoras
1018 494 1092 534 lib.
1110 494 1196 536 VH.
1217 509 1305 549 cap.
1320 496 1366 537 V.
1380 505 1481 567 ιθοοὶ.
1493 502 1536 542 3.

0 554 172 626 Γράμμα
208 557 285 595 τοῦ
319 551 569 608 πατριάρχου
609 548 925 606 στηλιτευτικόν,
964 552 1058 607 περὶ
1087 548 1277 594 Ἰωάννου
1304 551 1415 604 τινός
1440 561 1537 624 Δρι-

0 631 79 669 μυς
106 611 150 654 τὸ
177 611 391 662 ἐπίθετον,
429 610 838 664 προσεταιρισαμένου
877 610 1106 666 συμμορίαν
1133 606 1337 665 ἐπάρατον
1363 609 1466 654 κατᾶ
1493 628 1537 655 τε

0 675 73 724 τῆς
101 671 279 722 ποίμνης
300 671 500 723 Χριστοῦ,
530 665 631 709 κατά
660 683 702 709 τε
729 671 805 722 τῆς
833 667 1056 720 ἐκκλησίας,
1085 667 1157 709 καὶ
1183 671 1260 710 τοῦ
1285 669 1536 722 θεοστέφους

0 724 307 780 αὐτοκράτορος.
364 724 573 766 Adversus
598 724 788 765 Ioannem
814 725 1009 779 Drimyn,
1039 726 1110 780 qui
1133 726 1176 764 in
1195 741 1353 780 gregem
1374 725 1534 780 Christi,

0 803 41 826 m
62 784 291 835 ecclesiam,
321 793 358 823 et
386 783 428 822 in
453 784 748 850 imperator-M,
778 784 880 822 inita
901 797 990 822 cum
1009 780 1210 823 sceleratis
1235 785 1421 824 societate
1438 801 1534 827 con·

0 844 209 883 iuraverat.
238 841 311 880 sol.
334 844 402 884 81.
423 840 472 881 V.
504 845 544 880 Γ
537 857 676 894 ραμμα
698 838 802 892 πρός
819 856 916 888 τους
935 839 1148 893 ποιμένας,
1177 847 1254 880 etc.
1311 840 1374 880 Ne
1395 858 1533 884 mona-

0 901 115 941 neria
146 898 264 939 laicis
295 908 366 938 aut
396 897 626 948 monachis,
657 899 735 937 nisi
751 896 969 968 probatis,
981 895 1223 967 possidenda
1250 897 1314 938 vel
1349 897 1532 940 habitan-

0 955 50 997 da
71 957 380 998 committantur.
410 955 480 997 sol.
500 957 567 998 89.
600 952 773 1025 Γράμμα
794 970 898 1026 προς
922 970 996 996 τον
1025 950 1319 1011 αυτοκρᾶτορα,
1341 956 1441 1010 περὶ»
1453 960 1532 1000 τοῦ

0 1010 273 1069 περιποθητου
303 1009 498 1055 δεσπότου
524 1013 624 1054 υἷοῦ
652 1009 780 1054 αὐτοῦ
806 1008 1018 1063 Ἰωάννου,
1068 1011 1131 1051 De
1161 1011 1336 1065 Despota
1364 1011 1528 1067 Ioanne,

0 1088 84 1112 cum
111 1086 199 1110 eum
226 1071 364 1109 Mater
394 1069 511 1110 vellet
538 1071 580 1109 in
608 1068 902 1110 Lombardiam
927 1071 1088 1111 mittere.
1121 1070 1196 1110 sol.
1224 1073 1291 1113 90.
1309 1070 1388 1112 V.
1416 1070 1529 1127 Πρὸς

0 1127 70 1171 τόν
94 1125 255 1182 αὕτοκρ.
277 1143 385 1177 οπως
402 1127 432 1180 ἦ
456 1127 650 1169 δέσποινα
670 1127 826 1181 βαρέως
851 1127 938 1180 ἔσχε
962 1125 1066 1167 κατα
1085 1129 1160 1168 τοῦ
1184 1128 1283 1169 υἱοῦ
1301 1123 1428 1182 αυτῆς
1452 1133 1529 1171 τοῦ

0 1182 361 1239 πανευτυχεστοὶτου
393 1181 603 1227 δεσπότου.
634 1186 705 1225 sol.
728 1188 795 1228 92.
815 1184 862 1223 V.
920 1184 1119 1224 Hoatatur
1146 1192 1191 1223 ut
1214 1186 1420 1238 permittat
1442 1186 1526 1227 filio

0 1251 161 1284 matrem
178 1243 311 1294 adire,
341 1242 392 1283 ad
414 1242 537 1282 huius
557 1242 739 1283 dolorem
764 1242 1009 1284 leniendum.
1009 1238 1218 1313 Γρᾶμμα
1237 1240 1342 1297 πρός
1361 1260 1432 1285 τον
1453 1261 1527 1286 αυ-

0 1298 238 1356 τοκράτορα,
277 1300 375 1372 περι
402 1303 479 1342 τοῦ
508 1297 705 1342 δεσπότου
734 1299 804 1342 καὶ
832 1300 930 1342 υἱοῦ
966 1296 1095 1341 αὐτοῦ
1128 1295 1346 1350 Ἰωάννου,
1378 1296 1525 1345 οἷναλό-

0 1375 70 1411 γως
108 1357 212 1414 πρός
239 1355 311 1407 τᾶς
349 1354 513 1408 ἐξόδους
547 1357 619 1399 καὶ
656 1361 732 1399 τοῦ
769 1353 994 1411 αξιοόματος
1031 1357 1135 1410 ἔχειν
1170 1374 1243 1407 τας
1271 1358 1523 1412 οἰκονομίας.

0 1417 62 1456 fol.
86 1419 155 1460 93.
211 1415 411 1457 Hortatur
438 1422 486 1454 ut
504 1415 588 1455 filio
594 1415 837 1486 suppeditet
863 1421 1047 1467 sumptus
1068 1415 1251 1467 dignitati
1275 1417 1524 1458 convenien-

0 1480 64 1517 tes.
124 1469 297 1529 Γρᾶμμα
323 1471 423 1527 πρὸς
448 1470 522 1514 τᾶν
550 1469 843 1527 αυτοκρᾶτορα,
869 1472 965 1526 περὶ
982 1474 1058 1513 τοῦ
1075 1472 1424 1527 προτρεψαμένου,
1443 1482 1520 1519 etc.

0 1531 147 1570 I'itulus
166 1530 395 1571 mendosus.
426 1529 599 1570 Accusat
616 1530 833 1584 impietatis
852 1529 1051 1582 quendam
1071 1544 1240 1596 operum
1261 1529 1520 1583 publicorum

0 1589 297 1641 ·edemptorem,
321 1583 495 1640 λαχόντα
512 1589 731 1642 διενεργεῖν
748 1585 798 1628 τὰ
819 1584 1001 1640 δημώδη,
1024 1588 1092 1639 qui
1109 1587 1319 1640 imaginem
1337 1589 1519 1629 salvato·

0 1646 66 1696 ris,
97 1646 239 1699 templi
257 1645 417 1697 fastigio
439 1645 680 1698 impositam,
710 1645 923 1687 deiecerat.
953 1645 1022 1684 fol.
1045 1643 1113 1686 94.
1142 1642 1315 1698 Γρᾰμμα
1330 1661 1433 1700 προς
1448 1644 1519 1689 τᾶν

0 1700 283 1774 τῦτοκράτορα,
323 1702 419 1757 περὶ
446 1707 523 1744 τοῦ
550 1706 681 1756 κυροῦ
710 1699 920 1755 Νύφωνος
947 1699 1261 1774 (Νίφωνος),·’
1250 1700 1366 1752 ὄντος
1394 1705 1517 1753 Κυζί-

0 1777 84 1810 nov,
120 1758 188 1802 dud·
215 1758 288 1810 τοὶς
314 1761 555 1814 κατηγορίας
587 1777 659 1809 τας
684 1757 956 1809 ακουσθείσας
987 1758 1080 1813 περὶ
1108 1756 1248 1801 αὐτοῦ.
1305 1758 1368 1799 De
1393 1760 1514 1802 Dom-

0 1817 191 1886 .Vipbone,
224 1815 361 1872 Cyzici
381 1819 584 1872 episcopo,
613 1828 649 1857 et
675 1816 724 1856 de
745 1817 975 1858 criminibus
992 1818 1028 1856 ei
1061 1815 1237 1858 obiectis.
1267 1816 1336 1857 fol.
1363 1819 1433 1861 96.
1453 1818 1515 1868 **)

0 1871 158 1943 Γραμμα
181 1875 274 1930 περὶ
301 1877 511 1944 μοναχοῖν,
540 1891 624 1916 των
642 1891 910 1928 καταπατημα
928 1891 1012 1916 των
1029 1875 1160 1915 θείων
1178 1871 1364 1916 κανόνων
1382 1873 1515 1917 ἑκοντὶ

0 1929 278 1985 ἷρετισᾶντων,
309 1931 382 1973 καὶ
410 1928 712 2000 ἀποφυγόντων
732 1935 808 1985 τῆς
837 1932 990 1981 οἰκείας
1017 1934 1158 1985 μονῆς.
1207 1931 1268 1970 De
1293 1932 1511 1983 monachis,

0 1991 50 2028 rui
78 2004 215 2029 sacros
238 2004 408 2029 canones
434 1988 586 2029 violare
616 1991 963 2040 institueran1‚et
996 2003 1051 2029 ex
1079 1989 1319 2029 monasterio
1345 2003 1418 2030 suo
1445 1988 1513 2047 ff-

0 2056 179 2116 ugeram.
210 2046 281 2087 fol.
302 2050 371 2090 97.
388 2046 437 2088 V.
453 2044 543 2101 ***)
580 2051 618 2089 Γ
613 2063 753 2102 ραμμα
780 2045 879 2101 πρὸς
906 2044 974 2089 τὸν
1001 2043 1288 2100 αὐτοκράτορα,
1317 2045 1411 2100 περι
1437 2050 1514 2088 τοῦ

0 2100 310 2156 ἷναθεωρεῖσθαι
339 2119 389 2144 τα
414 2119 505 2145 των
524 2120 788 2158 γεννηματων
822 2104 894 2145 καὶ
922 2121 1005 2145 των
1034 2119 1188 2158 αρτων,
1231 2100 1337 2144 εἶναι
1364 2104 1423 2152 εἰς
1450 2105 1510 2146 δι·

0 2162 99 2202 αίαν
128 2157 347 2214 ἕξῶνησιν,
378 2161 447 2200 ubi
477 2158 526 2199 ἆε
549 2162 830 2211 Dermocaita,
858 2160 907 2201 de
927 2161 1065 2217 fame,
1094 2159 1142 2200 de
1163 2159 1327 2200 Latinis
1347 2159 1509 2216 Byzan-

0 2219 122 2257 iorum
142 2219 314 2288 pecunia
334 2215 483 2260 ditatis.
514 2218 587 2260 fol.
608 2221 677 2262 99.
699 2219 747 2259 V.
805 2222 1055 2271 Παραίτησις
1081 2220 1154 2271 τῆς
1181 2214 1345 2271 πρώτης
1370 2234 1509 2270 πατρι-
1549 2266 1554 2270 1

0 2276 137 2327 ρχείας
159 2272 300 2317 αυτοῦ.
358 2274 581 2315 Abdicatio
607 2277 757 2329 prioris
784 2275 1093 2330 patriarchatus.
1122 2275 1194 2315 fol.
1220 2276 1429 2319 103.1)e
1459 2288 1506 2314 ea

0 2332 228 2373 bdicationa
246 2333 339 2373 vide
359 2332 593 2386 Pachymer.
610 2333 679 2372 lib.
701 2333 748 2375 ΙΙ.
762 2347 851 2386 cap.
870 2333 1023 2372 XXIII.
1040 2339 1081 2373 et
1098 2333 1166 2372 lib.
1175 2332 1247 2372 III.
1259 2346 1346 2385 cap.
1336 2331 1504 2372 ..XXIV

0 2396 70 2429 tem
93 2391 313 2442 Gregoram
329 2390 401 2429 lib.
418 2390 488 2429 VI.
509 2404 601 2443 cap.
621 2390 710 2429 VII.
742 2391 995 2443 Παραίτησις
1016 2394 1089 2444 τῆς
1106 2388 1294 2444 δευτέρας
1311 2403 1504 2442 πατριαρ-

0 2447 93 2495 είας.
134 2446 371 2487 Posterior-is
398 2446 697 2501 patriarchatus
726 2445 946 2489 abdicatio.
975 2408 1064 2488 soli]
1074 2447 1167 2491 104.
1186 2447 1233 2486 V.
1273 2446 1375 2489 Vide
1402 2445 1502 2485 Gre-

1 2518 108 2543 oram
134 2504 203 2543 lib.
226 2505 315 2544 VII.
338 2518 429 2558 cap.
450 2506 520 2548 lx
542 2511 641 2544 sect.
665 2507 703 2547 1.
754 2508 795 2544 Γ
787 2520 926 2558 ραμμα
956 2502 1096 2547 σταλὲν
1123 2507 1179 2560 τῷ
1205 2502 1272 2544 ἐπὶ
1299 2505 1382 2543 τῶν
1411 2497 1502 2555 δεή-

0 2576 96 2612 εων,
125 2560 217 2630 περὶ
243 2577 341 2611 τους
369 2560 475 2615 (τὰς)
505 2559 700 2615 ψήφους,
731 2558 804 2610 οὓς
832 2559 918 2616 (ἂς)
945 2547 1191 2615 πεποιήκασι
1219 2557 1287 2600 δια
1313 2574 1386 2599 τον
1415 2561 1501 2599 Κυ-

0 2618 82 2659 ἱκου
93 2648 106 2669 ,
135 2615 246 2668 ’ὅπως
263 2622 454 2661 ποιοῦσιν
478 2616 687 2674 (ποιῶσιν)
712 2614 840 2661 αυτόν
856 2634 1119 2675 πατριαρχην.
1161 2615 1237 2657 Aa
1253 2614 1500 2669 Magistrum

12 2719 51 2764 *J
75 2719 167 2754 Vide
188 2719 353 2766 Pachym.
376 2719 436 2757 lib.
457 2719 535 2755 VII.
560 2731 637 2766 cap.
662 2719 761 2757 XIV.
801 2719 858 2756 De
878 2721 955 2758 reb.
976 2720 1129 2758 Andron.
1178 2725 1315 2754 actvm.

12 2787 73 2833 λ’0)
96 2788 189 2824 Vide
211 2789 404 2835 Gregonm
426 2789 487 2825 lib.
510 2789 572 2824 VI.
596 2800 674 2836 cap.
700 2789 746 2823 V.
792 2799 934 2826 totvm.

10 2855 87 2901 W)
110 2857 201 2894 Vide
225 2858 421 2905 Gregomn
442 2858 505 2895 lib.
529 2858 589 2894 VI.
613 2870 692 2906 cap.
715 2857 781 2895 m.
826 2868 963 2894 totvm.
