1794 3172
321 138 643 200 msromAE
666 151 1041 199 ΒῩΖΑΝΤῙΝΑΕ
1068 151 1186 196 xv1.
1206 156 1248 198 3.
1423 146 1526 195 809

49 273 171 321 μενον
195 263 406 322 σπλάγχνα
426 261 590 321 φύσεως
610 262 690 307 ’ὕπ’
715 262 904 319 ἀλλήλων
926 280 970 306 τε
994 262 1062 304 καὶ
1082 261 1140 304 δι’
1162 258 1351 317 ἀλλήλων
1371 258 1523 320 ῥήγνυ-
1547 271 1635 306 Δ.(“.
1654 268 1744 310 1347

51 340 159 379 σθαι
172 348 182 359 ·
220 328 278 378 ὧν
297 334 374 390 τὴν
397 331 633 391 ἇπόῤῥητον
655 331 859 388 σύμπηξιν
887 329 1016 387 μόνος
1033 328 1140 374 οἶδεν
1156 328 1177 374 ὃ
1194 329 1399 387 ξυνδήσας
1420 318 1744 375 ‘zm-[malaxan-

52 420 140 454 τοις
160 405 242 454 τισὶ
265 405 333 446 καὶ
364 402 658 457 ἀδαμαντίνοις
688 404 878 456 δεσμοΐςς
912 399 940 457 ἢ
962 401 1007 443 τί
1023 404 1105 443 τῶν
1122 397 1328 459 ὑφ”ἧλίῳ
1345 401 1414 444 καὶ
1435 399 1526 459 ἀέρι

53 471 221 516 πάντων
242 470 321 528 ἦδι)
339 471 490 529 γίνοιτ’
515 470 568 514 ἂν
584 477 671 521 τοῖς
691 475 875 527 γονεῦσιν
893 467 991 525 ἡμῖν
1000 501 1015 522 ,
1045 473 1121 511 σοῦ
1142 469 1201 524 μὴ
1220 462 1425 527 παρόντος
1432 489 1449 526 ,·
1467 467 1565 522 ὦςΒ

19 547 128 585 5νῦν
146 559 189 598 γε
208 540 328 584 τοῦτ’
350 540 460 584 ἔστιν
479 538 502 584 ὅ
519 557 571 595 με
587 538 770 595 μάλιστα
792 542 926 592 ζῶσαν
941 537 1046 594 μετὰ
1064 542 1140 581 τοῦ
1157 542 1233 581 σοῦ
1252 536 1415 595 κατάγει
1440 557 1525 583 πα-

55 611 157 668 τρὸς
180 612 236 660 εἷς
262 610 480 665 πυθμένας
502 608 606 669 ᾅδου
618 642 633 662 ,
667 608 729 652 ὅτι
758 607 809 651 σύ
830 624 873 665 γε
895 605 1014 663 ἡμῶν
1033 607 1147 650 ἕνεκα
1169 605 1380 658 τοιούτους
1401 607 1525 665 ἔθρε-

52 692 144 734 ψας
170 680 214 722 ἔν
237 682 397 738 σεαυτῷ
425 676 656 735 λογισμούς.
694 679 738 720 τί
766 677 809 720 δ’
837 676 937 719 ἄλλο
959 680 1043 719 τῶν
1066 674 1232 719 πάντων
1251 675 1310 732 εἴη
1334 675 1525 720 θανάτου

48 748 208 798 παντὸς
237 752 398 805 γονεῦσι
427 745 689 804 πικρότερον,
725 744 751 802 ἢ
779 746 928 789 τέκνων
958 745 1254 802 καταστροφὴ,
1286 747 1355 789 καὶ
1374 746 1539 790 τέκνωνῐ

53 817 253 873 ἀγαθῶν·
290 810 347 860 ὧν
375 814 402 872 ἦ
431 814 574 872 μνήμη
606 818 674 859 καὶ
694 813 802 871 μόνη
835 812 998 865 τούτοις
1024 816 1268 870 δημιουργεῖ
1289 814 1419 870 πνοὴν
1455 817 1524 858 καὶ

0 891 43 928 10
53 886 100 929 τὸ
126 884 297 929 θάλλειν
320 887 365 928 ἐκ
391 886 628 942 περιουσίας
648 886 857 942 χαρίζεται
885 888 935 942 τῇ
967 887 1110 951 Ψυχῇς
1160 881 1376 937 ἀνάμεινον
1408 886 1435 927 δ
1442 883 1455 899 ²
1489 886 1525 927 εἰ

51 952 192 1010 βούλει
209 954 371 1012 μικρὸν,
405 954 548 1012 μέχρις
564 954 615 997 ἂν
639 956 707 997 καὶ
725 953 850 1003 αὐτὸς
868 953 1018 996 τέκνων
1034 949 1283 1010 γένῃπατήρ
1297 965 1307 976 ·
1345 954 1413 995 καὶ
1430 950 1562 998 τότεθ

52 1024 123 1066 διὰ
141 1029 214 1080 τῆς
239 1025 381 1081 πείρας
408 1023 497 1081 εἴσῃ
521 1027 675 1075 καλῶς,
706 1020 863 1078 ὅπόσην
893 1021 932 1065 οἳ
952 1020 1133 1071 τεκόντες
1158 1026 1232 1065 τοῦ
1254 1023 1429 1079 φίλτρου
1448 1021 1525 1078 τὴν

52 1091 188 1150 φλόγα
206 1091 430 1147 βόσκουσιν
447 1093 490 1135 ἓν
506 1092 646 1147 με’σοις
667 1098 754 1142 τοῖς
771 1089 1016 1147 σπλάγχνοις
1032 1088 1134 1147 ὖπὲρ
1151 1095 1235 1134 τῶν
1252 1090 1415 1134 τέκνων.
1451 1095 1527 1135 νῦν

51 1162 130 1219 γὰρ
152 1161 226 1206 οὐκ
248 1161 328 1217 ἕχω
338 1195 354 1215 ,
387 1162 469 1205 τίσι
494 1161 734 1219 χρησαμένη
760 1158 894 1217 λόγοις
921 1160 1078 1203 πείθειν
1107 1158 1157 1202 ἄν
1176 1168 1221 1203 σε
1237 1160 1440 1216 δυναίμην
1457 1177 1525 1203 τε-

0 1236 43 1274 15
54 1231 177 1283 λε’ως,
213 1233 310 1288 πρὶν
341 1230 397 1280 εἷς
421 1229 498 1286 τὴν
529 1235 612 1274 τῶν
641 1229 867 1287 λεγομένων
896 1246 941 1272 σε
971 1236 1114 1285 πεῖραν
1136 1228 1332 1286 ἀφῖχθαι.
1367 1229 1450 1284 Μὴ
1470 1229 1524 1285 δὴ

51 1302 229 1358 παρίδῃς
257 1297 418 1357 δάκρυα
446 1299 629 1357 μητρὸς,
659 1299 766 1355 μηδὲ
791 1296 956 1354 μόχθον
981 1299 1024 1341 ἕν
1043 1296 1158 1356 λήθῃ
1173 1296 1348 1356 ποιήσῃς
1366 1297 1523 1341 τοσαύ-

1540 386 1545 400 ;
1560 368 1666 398 tacuz.
1681 364 1698 399 l

50 1387 127 1425 της
154 1367 415 1426 ὁδοιπορίας,
459 1366 617 1424 ὁπόσην
649 1368 725 1424 ἐγώ
757 1366 948 1411 διανύσαι
978 1369 1045 1411 καὶ
1075 1374 1285 1422 συντεμεΐν
1322 1365 1465 1422 τάχιον
1495 1366 1523 1423 ἢ

52 1438 159 1482 κατὰ
178 1437 313 1481 πάντα
336 1437 505 1491 εὔζωνον
522 1437 655 1495 ἄνδρα
675 1435 997 1494 προτεθύμημαι
1023 1436 1091 1480 διὰ
1110 1437 1179 1489 σε’,
1211 1438 1282 1480 ἵνα
1303 1434 1436 1492 δήπου
1456 1436 1559 1492 μὴΙ)

52 1507 226 1551 σεαυτὸν
251 1505 518 1564 ἀτεκμάρτοις
553 1505 777 1564 περιβάλῃς
807 1499 1033 1560 κινδύνοις,
1075 1506 1143 1549 καὶ
1173 1505 1328 1549 καπνὸν
1363 1503 1523 1562 φεύγων

0 1579 111 1627 aeeig
132 1582 215 1633 πῦρ
242 1577 442 1633 ε’μπέσῃς,
475 1578 543 1619 καὶ
575 1575 692 1620 σκιὰν
722 1573 1029 1633 φυλαττόμενος
1058 1572 1267 1628 ὑποψίας,
1312 1574 1355 1616 ἓν
1379 1572 1522 1633 ἀδήλῳ

51 1637 274 1700 μέλλοντος
300 1643 435 1702 φόβου
455 1644 796 1699 καλινδουμένην,
827 1645 883 1694 εἷς
910 1643 1116 1701 κρημνοὺς
1142 1640 1378 1697 ἀποτόμους
1407 1654 1523 1699 περί-

54 1718 198 1772 φανῶς
225 1711 474 1771 συνωθήσῃς
503 1713 656 1757 σαυτὸν
683 1711 813 1756 ἑκοντὶ
843 1711 887 1771 (ὃ
915 1717 990 1755 τοῦ
1018 1711 1212 1756 ἀκουσίου
1246 1710 1413 1761 πάθους
1434 1713 1537 1756 ἐστὶ,

52 1787 200 1842 μακρῷ
216 1781 524 1840 χαλεπώτερον,
568 1780 709 1826 ὃποΐον
732 1783 800 1824 καὶ
827 1779 925 1837 ἡμῖν
954 1781 1027 1824 τὸν
1055 1779 1196 1836 ἑξαὲτη
1223 1779 1373 1837 χρόνον
1392 1780 1522 1837 ἐξεγέ-

52 1869 144 1896 νετο
171 1850 341 1907 πάσχειν
361 1853 509 1896 ἐκεῖνον
529 1850 832 1906 ἐλαυνομένοις,
864 1849 921 1901 ὥς
940 1866 984 1907 γε
1006 1848 1151 1907 οἶσθα)
1170 1852 1238 1894 καὶ
1262 1849 1309 1894 ὃν
1329 1850 1520 1908 διέφυγον

53 1961 190 1997 ratione
211 1960 411 2007 persuaderi
449 1961 560 2008 possit
588 1960 744 2007 cognatis
770 1960 983 2003 visceribus,
1014 1964 1056 1995 ut
1079 1972 1118 1995 se
1141 1959 1288 1995 invicem
1315 1958 1523 2000 dilacerent3

54 2019 196 2054 quorum
213 2019 368 2043 arcanam
388 2007 653 2063 compactionem
678 2008 771 2043 solus
788 2007 906 2050 novit,
926 2008 986 2054 qui
1002 2018 1045 2042 ea
1061 2007 1154 2042 iuter
1170 2019 1208 2042 se
1225 2006 1366 2052 irruptis
1380 2005 1522 2051 quibus-

54 2055 133 2089 dam
149 2059 185 2096 et
203 2054 427 2090 adamantinis
444 2055 587 2090 vmoulis
605 2054 809 2100 couigavit2
854 2055 926 2089 Aut
939 2054 1022 2101 quid
1040 2053 1138 2089 nobis
1153 2052 1351 2100 parentibus
1367 2052 1438 2088 tuis
1457 2051 1520 2086 sub

43 2101 129 2136 ⁴sole
149 2105 186 2136 et
208 2100 303 2135 caelo
328 2112 436 2136 suave
462 2113 539 2136 esse
566 2100 676 2147 possit
703 2102 845 2135 absente
867 2101 931 2137 te?
975 2102 1088 2146 Atque
1109 2101 1194 2136 haec
1213 2099 1357 2135 maxime
1379 2110 1437 2134 res
1454 2104 1520 2139 est,

55 2159 145 2193 quae
160 2158 214 2182 me
229 2159 318 2181 nunc
330 2152 390 2182 tuo
412 2159 484 2183 cum
504 2153 606 2194 patre
624 2148 737 2182 vivam
754 2147 799 2181 ad
813 2147 978 2182 tumulum
992 2146 1121 2192 adigit,
1143 2146 1234 2192 quod
1251 2147 1413 2187 istarum,
1436 2155 1522 2190 quas

54 2194 165 2228 animo
188 2193 324 2236 aluisti,
347 2193 589 2239 cogitationum
616 2205 680 2229 nos
702 2193 772 2239 ipsi
795 2205 899 2229 causa
919 2193 1097 2228 fuerimus.
1141 2193 1278 2239 Ecquid
1303 2203 1406 2238 porro
1430 2190 1523 2229 aliud

53 2240 252 2286 p‘arentibus
280 2245 388 2275 morte
412 2240 501 2274 omni
523 2239 679 2274 acerbius
704 2251 780 2275 esse
797 2240 925 2287 possit,
950 2245 1090 2286 praeter
1105 2239 1235 2274 ruinam
1259 2238 1463 2279 liberorum,
1485 2240 1522 2271 et

54 2297 172 2321 eorum
192 2286 327 2332 quidem
353 2288 540 2327 bonorum3
572 2285 713 2331 qu'orum
740 2286 796 2320 vel
818 2287 893 2321 sola
914 2287 1106 2322 recordatio
1127 2285 1253 2327 efficit,
1275 2292 1314 2320 ut
1337 2284 1364 2318 ii
1386 2285 1519 2326 vivant,

55 2337 93 2367 et
108 2343 222 2367 eorum
246 2332 376 2367 animae
394 2332 635 2367 viridissimum
656 2333 775 2367 florem
791 2333 964 2379 largitur?
1010 2334 1070 2368 Tu
1088 2344 1171 2366 vero
1189 2330 1383 2378 paulisper,
1405 2330 1437 2364 si
1455 2329 1521 2371 vis,

47 2384 241 2423 (exspecta,
266 2379 379 2423 quoad
406 2384 505 2425 pater
529 2379 602 2424 ipse
621 2379 683 2413 sis.
731 2379 821 2413 Tum
844 2385 1006 2424 expertus
1024 2379 1132 2425 probe
1147 2380 1256 2420 scien,
1279 2382 1437 2424 quantam
1457 2374 1521 2410 sub

54 2425 132 2459 imis
148 2425 339 2459 visceribus
363 2425 527 2460 flammam
547 2427 618 2459 alat
643 2431 823 2470 parentum
843 2425 878 2460 in
898 2425 1024 2460 liberos
1044 2437 1147 2460 amor.
1193 2423 1282 2459 Mihi
1300 2428 1396 2458 certe
1412 2421 1522 2457 verba

55 2481 146 2505 nunc
166 2470 310 2512 desunt,
333 2471 454 2516 quibus
472 2472 507 2505 id
535 2471 660 2517 possim
678 2472 744 2506 tibi
763 2471 900 2516 penitus
920 2471 1145 2517 persuadete,
1169 2475 1348 2515 antequam
1365 2469 1440 2514 ipse
1459 2477 1521 2501 eo-

55 2528 131 2551 rum
151 2528 238 2562 quae
253 2517 331 2551 dico
348 2517 593 2563 experientiam
612 2523 732 2552 nactus
751 2518 812 2552 sis.
857 2519 904 2553 At
919 2526 958 2552 tu
975 2518 1092 2553 matria
1107 2518 1274 2563 lacrymas
1295 2527 1338 2555 ne
1357 2513 1520 2560 despice3

55 2574 121 2596 nec
138 2566 176 2596 te
201 2562 413 2608 buinalongi
434 2564 568 2599 itineris
587 2565 703 2611 capiat
719 2563 863 2606 oblivio,
887 2564 978 2610 quod
996 2576 1060 2609 ego
1076 2560 1130 2599 'tui
1150 2575 1254 2598 causa
1273 2562 1374 2599 citius
1399 2558 1520 2606 quovis

55 2608 191 2642 homine
211 2609 372 2655 expedito
392 2610 563 2645 conficere
583 2615 620 2644 et
637 2612 831 2646 accelerare
852 2611 990 2653 studui3
1013 2623 1055 2645 ne
1077 2610 1212 2645 scilicet
1228 2614 1264 2643 te
1279 2608 1390 2654 ipsum
1408 2604 1520 2642 caecis

47 2654 220 2700 periculis
244 2655 423 2698 ittet-ires,
446 2661 484 2691 et
502 2657 626 2691 fumum
654 2658 791 2701 fugiens
809 2656 979 2702 inignem
1003 2657 1194 2698 incideres,
1215 2654 1427 2700 periculique
1443 2662 1521 2685 um-

47 2701 150 2735 *bl-am
179 2711 325 2744 cavens,
347 2714 437 2747 quae
453 2703 489 2736 in
506 2702 637 2737 incerto
661 2704 768 2738 futuri
787 2709 877 2738 metu
900 2708 1115 2744 verteretur,
1137 2702 1339 2754 inabrupta
1361 2703 1397 2732 te
1422 2708 1522 2743 pta&-

55 2746 175 2792 cipitia
194 2747 304 2792 palam
321 2754 426 2794 atque
442 2749 534 2784 ultro
550 2749 724 2791 mitterem
747 2749 932 2784 cuiusmodi
950 2749 1069 2784 malum
1083 2749 1185 2794 longe
1195 2758 1334 2792 gravlus
1349 2748 1405 2779 est
1420 2754 1521 2790 quam

55 2804 146 2838 quae
168 2793 359 2828 nolentibus
378 2795 560 2837 accidunt,
584 2795 699 2841 qualia
727 2807 810 2837 nos,
834 2799 872 2832 ut
894 2795 982 2837 scis,
1006 2807 1068 2841 per
1086 2795 1169 2829 illud
1191 2791 1387 2828 sexennium
1406 2789 1522 2827 vexati

54 2838 275 2885 pertulimus;
299 2851 343 2875 ne
361 2841 614 2886 deniqueeius,
636 2854 737 2887 quam
755 2846 828 2878 tum
843 2842 965 2887 effugi,
985 2841 1107 2879 mortis
1123 2845 1233 2877 tecum
1252 2837 1426 2885 particeps
1444 2846 1524 2882 pro·-

148 2898 362 2943 Nicephom
379 2898 526 2945 Gregor.
557 2899 628 2934 Vol.
649 2900 694 2933 11.
1194 2890 1248 2930 52
