1754 3164
170 148 304 196 1196
701 151 1188 197 ANNOTATIONES.

167 261 418 330 πρεσβείαις
427 261 501 312 τῆς
528 255 796 312 θεομήτορος,
823 262 905 300 τῶν
925 261 1081 313 νοερῶν
1103 261 1210 300 θεοῦ
1238 260 1493 314 λειτουργῶν,
1522 257 1593 299 καὶ
1614 255 1716 299 πάι-

167 336 248 361 των
277 335 361 360 των
392 313 459 358 ἄπ’
493 317 642 366 αἰῶνος
672 316 799 371 ἁγίων
828 316 960 371 ἡμῶν.
1006 316 1075 357 καὶ
1105 317 1148 358 οἱ
1177 312 1393 370 ἀρχιερεῖς,
1430 316 1466 356 εἰ
1495 315 1568 368 μὲν
1596 333 1715 356 κανο-

167 380 294 425 νικῶς
324 373 443 417 εἶπαν
467 374 536 415 καὶ
567 374 757 427 ἔπραξαν,
787 391 855 415 και
887 375 1053 423 δικαίως
1083 391 1161 428 μου
1191 371 1473 426 ἀπεκόπησαν,
1499 374 1617 422 ι’λεως
1648 371 1715 416 ου’-

167 452 246 483 τως
274 431 374 481 θεος
404 432 466 485 εἴη
496 431 567 473 καὶ
597 428 758 481 αυτοῖς·
793 433 830 473 εἰ
854 430 898 474 δὲ
921 449 990 486 μη,
1024 437 1109 480 τοῖς
1139 431 1329 499 ῥηθεῖσιν
1358 431 1572 484 ἐπιτιμίοις
1593 427 1717 471 vami-

167 498 294 534 θυνοι
325 490 500 531 ἔστωσαν
529 490 598 530 καὶ
628 486 759 540 αὐτοὶ,
789 490 859 530 καὶ
888 506 961 538 ους
985 491 1155 542 ψευδως
1174 485 1441 558 ὖποσύρουσι,
1463 488 1531 528 καὶ
1554 485 1636 540 ὑφ’
1659 492 1717 530 ὠν

167 545 476 604 παρεσύρησαν·
576 544 655 601 ειχε
677 546 720 588 δὲ
742 547 833 591 καὶ,
934 544 1061 589 Ἀθαι
1054 561 1179 596 ασιος
1205 546 1299 602 ἐλέῳ
1322 549 1384 587 θῦ
1406 541 1718 599 ἆρχιεπίσκοπος

169 600 640 654 Κωνσταντινουπόλεως
659 604 753 654 νέας
780 601 932 658 Ῥώιιης
961 605 1030 646 καὶ
1060 602 1345 657 οἰκουμενικός
1372 601 1627 657 πατριάρχης.
1661 605 1717 644 ι’ν-

167 667 268 707 δικτ.
294 659 345 713 ζ’.
378 660 455 716 εἶχε
475 679 543 704 και
567 664 751 731 μολιβδίι
754 679 806 716 ην
824 661 1001 736 βούλιλαν
1021 659 1324 730 πατριαρχικῆν,
1350 662 1418 702 καὶ
1438 658 1548 702 κάτω
1567 664 1715 702 ταῦτα·

165 720 323 770 τούτοις
354 723 518 790 στοιχῶ
525 717 700 762 ἐνώπιον
727 725 833 762 θεοῦ
862 720 931 762 καὶ
950 717 1204 780 ανθρώπωνο
1235 716 1412 792 τούτοις
1425 717 1595 772 ἕμμένω.
1639 719 1714 760 εἴτι

169 778 214 822 δὲ
244 777 341 820 α’λλο
367 779 467 820 εἴπω
489 774 518 830 ἢ
540 775 681 832 πράξω
712 776 822 828 ἐκτὸς
844 782 925 819 τῶν
958 773 1036 819 ὦδε
1066 777 1363 846 γεγραμμένων,
1395 773 1595 830 αστοργον
1628 777 1715 829 ε’χω,

165 837 236 880 καὶ
267 838 359 907 βίας
389 835 458 877 καὶ
489 837 730 890 τυραννίδος
762 837 902 891 ἔργον,
952 833 1007 889 μὴ
1041 833 1238 883 συνειδως
1269 834 1428 888 ἐμαυτῷ
1458 832 1591 887 χάριτι.
1621 837 1716 887 Χρι-

168 898 266 938 στοῦ
295 891 438 959 οἷρ)ίας
466 909 505 934 τι
534 894 722 948 ε’-.γκλημα
755 895 894 935 ἰνδικτ.
929 890 977 943 ζ’.
1037 895 1135 932 Cum
1158 892 1234 931 hac
1258 892 1428 931 sounula
1454 892 1635 931 contexat
1656 893 1716 930 le-

168 960 277 1002 ctor,
310 952 344 991 si
367 951 468 991 tanti
490 958 562 1003 est,
594 966 693 1002 eam,
724 966 827 1005 quae
857 957 988 991 exstat
1011 951 1120 1005 apud
1146 950 1432 1003 Pachymerem
1453 949 1523 988 lib.
1546 950 1596 990 ΙΙ.
1627 963 1715 1003 cap.

166 1011 317 1052 XXIII.
364 1023 517 1049 1301V1N.

279 1069 386 1121 Pag
418 1069 520 1116 191,
550 1069 617 1109 21.
664 1063 742 1108 ’Ὀν
767 1063 817 1120 δή
842 1083 910 1107 και
935 1062 1149 1136 ὄστρακοις
1173 1064 1279 1107 τισὶν
1299 1059 1529 1117 ἐνειλήσας]
1562 1064 1717 1117 Pachy-

168 1139 299 1166 meres
326 1125 383 1163 ait
411 1126 529 1165 δυσὶν
555 1121 791 1177 ἔκπωμασιν
820 1122 1029 1177 ἐμβαλών,
1062 1124 1171 1176 quod
1195 1123 1387 1163 Possinus
1410 1122 1716 1188 inteipretatui,
1746 1130 1749 1132 '

168 1184 276 1223 vasis
296 1181 450 1222 duobus
474 1183 600 1220 testeis
619 1180 794 1221 inclusit.
834 1182 925 1221 Vox
955 1183 1107 1221 Graeca
1138 1179 1338 1235 ὄστρακον
1358 1186 1575 1232 utrumque
1598 1181 1716 1231 signi-

167 1241 286 1289 ficat,
320 1246 359 1279 et
389 1238 584 1280 concham
611 1245 650 1278 et
676 1241 828 1278 testani.
881 1240 963 1291 Ego
993 1246 1039 1279 ut
1064 1239 1114 1278 de
1148 1238 1390 1279 concharum
1423 1239 1531 1276 iestis
1564 1211 1717 1276 dicium

170 1298 325 1352 accepi.
383 1310 539 1336 1³01vm.

287 1357 507 1409 Pag.193‚
538 1357 604 1397 12.
636 1347 766 1403 Οὗτος
785 1352 855 1394 καὶ
875 1356 932 1411 τῷ
950 1346 1158 1407 βασιλέως
1165 1353 1267 1411 υἷῷ]
1298 1352 1533 1404 Pachymer.
1556 1352 1626 1392 lib.
1645 1353 1715 1392 IX.

170 1427 260 1467 cap.
285 1416 322 1455 1.
380 1425 558 1451 numne.

287 1475 717 1534 Pag.193‚14.’Ev
735 1474 865 1535 τούτῳ
888 1480 945 1533 τῷ
968 1473 1122 1536 χρόνω]
1151 1477 1262 1517 Idem
1276 1477 1512 1532 Pachymer.
1527 1479 1598 1520 lib.
1609 1479 1714 1522 VIII.

174 1554 268 1593 cap.
295 1542 362 1581 18.
385 1538 455 1577 lib.
478 1538 549 1579 ΙΧ.
577 1551 664 1591 cap.
686 1541 723 1581 1.
781 1550 957 1576 numne.

287 1606 387 1661 Pag
423 1607 625 1656 193,15.
686 1606 894 1659 Θυγατέρα
929 1602 1054 1658 ἔχων]
1097 1603 1204 1643 Haec
1242 1604 1346 1643 male
1379 1604 1599 1644 cohaerent
1616 1635 1627 1655 ,
1670 1619 1717 1644 ac

174 1666 383 1719 quidpiam
405 1665 553 1704 deest*
542 1679 584 1703 m
605 1665 654 1703 iis
682 1664 841 1714 veihis,
873 1677 974 1715 quae
997 1662 1148 1702 rectius
1169 1662 1368 1715 expressit
1388 1662 1621 1716 Pachymer
1644 1663 1716 1702 lib.

172 1724 277 1763 VIII.
298 1737 387 1775 cap.
408 1725 475 1765 18.
510 1721 539 1775 ’ἦ
569 1721 613 1763 ἐκ
640 1725 718 1764 τοῦ
733 1722 830 1763 νῖοῦ
852 1723 927 1762 τοῦ
947 1721 1197 1761 Βαλδουίνον
1229 1719 1298 1760 καὶ
1319 1722 1394 1769 τῆς
1416 1718 1619 1775 θυγατρὸς
1643 1723 1718 1762 τοῦ

176 1776 394 1835 Καρουλου
423 1780 666 1833 Αίκατερίνα
698 1787 774 1819 ete.
817 1793 960 1830 nempe
990 1777 1235 1817 offerebatm
1266 1777 1454 1817 Michaeli
1487 1777 1717 1828 catharina,

173 1839 257 1878 filia
278 1834 482 1891 Phihppi,
509 1837 697 1877 Balduini
723 1837 820 1889 imp.
853 1836 926 1874 filii
950 1850 1000 1874 ex
1020 1835 1215 1882 matrice,
1240 1834 1322 1873 filia
1349 1836 1480 1874 Cmoli
1500 1836 1529 1873 Ι.
1557 1836 1717 1875 Siciliae

173 1897 300 1947 legis,
343 1902 463 1947 atque
492 1895 550 1935 sic
578 1895 797 1944 vertimus,
833 1907 925 1931 cum
957 1893 1159 1946 interpres
1188 1893 1394 1942 venisset,
1436 1894 1504 1946 qui
1525 1892 1668 1947 filiam
1698 1908 1719 1931 e

173 1951 374 1993 Balduini
395 1951 507 2006 filia,
545 1968 656 2007 quem
693 1948 1039 2003 Constantinopoli
1063 1947 1222 2003 pulsum
1239 1948 1376 2006 fuisse
1402 1965 1521 2002 supra
1551 1948 1717 2000 ostendi,

174 2019 395 2063 susceperat
394 2040 416 2062 j
451 2025 535 2049 eam
556 2024 655 2050 novo
685 2008 914 2062 imperatori
924 2014 1014 2050 etc.
1041 2021 1218 2046 DUGANG.
1261 2007 1467 2059 Nusquam
1494 2007 1597 2045 dixit
1618 2008 1716 2046 Gre-

175 2081 293 2119 goras
322 2067 444 2105 filiam
473 2067 666 2106 Balduini
688 2066 873 2119 nupsisse
905 2065 1042 2103 Italiae
1064 2064 1164 2117 regi.
1226 2064 1281 2104 At
1307 2065 1413 2103 idem
1435 2065 1552 2113 dixit,
1582 2064 1717 2103 Caroli

177 2124 284 2176 regis
303 2123 423 2162 filiam
446 2123 830 2179 nupsisseBalduini
846 2122 942 2173 filio,
962 2122 1106 2162 lib.IV.
1129 2136 1214 2175 cap.
1227 2122 1274 2160 V.
1297 2129 1394 2161 sect.
1416 2123 1455 2166 5.
1478 2122 1719 2161 itemlib.v.

177 2195 266 2235 cap.
297 2181 330 2220 I.
364 2187 463 2222 sect.
494 2186 531 2229 1.
590 2180 815 2232 Ducangius
851 2180 990 2219 deesse
1015 2180 1172 2232 aliquid
1197 2185 1327 2232 putat.
1384 2180 1635 2220 Probabilius
1659 2185 1717 2219 est

179 2241 400 2290 Gregoram
420 2239 537 2291 lapsu
558 2239 775 2279 memoriae
800 2238 1075 2276 allucinatum.
1119 2250 1273 2276 B01V1N.

295 2310 389 2361 Pag.
423 2310 528 2356 193,
559 2311 628 2350 22.
674 2302 923 2361 Ἐκλέγονται
953 2304 1095 2348 λοιπόν
1122 2306 1179 2355 εἷς
1209 2305 1452 2361 πρεσβείαν]
1483 2305 1715 2359 Pachymer.

178 2365 250 2405 lib.
273 2364 345 2405 IX.
370 2378 456 2418 cap.
478 2366 516 2408 5.
572 2378 744 2403 numme.
1750 2376 1753 2379 ·

296 2435 393 2486 Pag.
426 2430 678 2483 194,1.Ὃ
700 2430 773 2485 μὲν
798 2424 1017 2487 λογόθέτης
1036 2428 1096 2474 ὢν
1122 2434 1342 2485 τηνικαῦτα
1370 2433 1452 2473 τῶν
1474 2430 1713 2478 οἰκειακῶν]

179 2490 399 2543 Interpres:
430 2487 531 2529 alter
550 2488 820 2540 Domesticus,
851 2489 952 2528 alter
970 2489 1100 2529 clmmi
1115 2488 1352 2543 Logotketa.
1391 2489 1715 2538 Emendavimm,

181 2546 282 2586 alter
301 2545 525 2600 Logoiheta
547 2547 603 2585 rei
622 2548 813 2600 privatae,
844 2545 946 2586 alter
963 2545 1188 2600 Logoiheia
1207 2562 1343 2586 cursus
1358 2544 1525 2600 publici.
1566 2545 1620 2584 At
1640 2545 1716 2583 Pa-

182 2604 361 2657 chymer
382 2604 424 2644 d.
437 2603 476 2644 d.
489 2617 576 2657 cap.
590 2603 631 2646 5.
664 2603 922 2644 Theodorum
935 2603 1192 2643 Metochitem
1216 2604 1438 2658 λογοθέτην
1452 2606 1532 2644 τῶν
1550 2598 1713 2656 αγελῶν,

184 2662 346 2713 Glycyn
368 2674 467 2700 vero
492 2661 558 2702 ἐπὶ
580 2676 661 2701 των
684 2657 862 2714 δεήσεων
883 2662 1006 2700 fuisse
1031 2661 1192 2709 scribit,
1222 2661 1272 2699 de
1294 2660 1440 2713 quibus
1469 2659 1634 2713 quidem
1656 2659 1715 2698 di·
1721 2691 1724 2694 ⁴

182 2718 401 2770 gnitatibus
425 2719 575 2770 egimus
593 2718 636 2756 in
660 2718 790 2757 Gloss.
818 2719 923 2759 med.
946 2718 1120 2758 Graecit.
1177 2732 1350 2757 nvem-o.

301 2789 399 2840 Pag.
433 2787 536 2837 194,
569 2786 634 2830 14.
701 2784 823 2839 ’Υπὲρ
862 2802 935 2828 τον
977 2787 1162 2828 Κιλίκιον
1200 2783 1390 2839 αυλῶνα]
1439 2782 1581 2825 Aulon
1613 2784 1713 2822 sitne

183 2843 394 2897 proprium
413 2857 580 2894 nomen,
613 2858 663 2883 an
683 2850 868 2897 angustas
890 2844 1055 2885 Ciliciae
1087 2845 1223 2884 fauces
1245 2844 1305 2883 sic
1327 2842 1525 2898 appellet,
1557 2841 1711 2883 dubito.
