1794 3172
258 137 392 186 1002
684 140 1000 187 NICEPHORI
1028 139 1355 185 GREGORAE

33 266 71 300 A.
89 264 134 299 Μ.
152 262 243 301 6859
253 255 376 298 ῗοῦσα
405 256 490 297 τῶν
518 250 621 296 οἷ’κοι
641 251 884 307 μεμνῆσθαι
904 251 972 293 καὶ
1002 247 1187 305 μάλιστα
1212 246 1381 293 πάντων
1399 247 1497 301 τοὺς
1513 248 1736 308 ῆμετὲρους

89 310 196 347 ¹”d·4
252 321 451 381 ἠνάγκαζε
461 355 475 376 ,
510 319 673 377 νήστεις
698 320 740 363 τ’
776 319 902 371 ὄντας
933 321 1002 363 καὶ
1030 318 1173 378 πόῤῥω
1202 337 1282 362 που
1306 320 1488 374 βαδίζειν
1508 319 1634 373 ἄλλον
1659 319 1737 362 ἄλ-

253 398 351 438 λοθι
369 397 444 448 τῆς
462 389 619 440 πόλεως
644 389 885 448 ὀφείλοντας
894 421 908 443 ,
948 391 1211 447 προμηθείας
1233 387 1398 445 ἁπάσης
1419 386 1619 445 ἐρήμους,
1658 406 1734 432 κα-

251 461 390 519 θάπερ
413 458 613 510 ἀπόλιδάς
634 477 677 503 τε
699 461 767 502 καὶ
790 459 1001 510 ἀνεστίους
1030 459 1145 510 τινὰς
1175 456 1393 515 γεγονότας
1420 456 1502 501 vino
1533 461 1608 500 τοῦ
1639 459 1735 501 διω-

250 535 355 589 γμοῦ
377 532 558 574 τουτουί.
584 529 690 581 μετὰ
710 529 788 586 γὰρ
807 529 882 580 τὰς
897 528 1177 586 ἀποψηφίσεις
1196 529 1261 570 καὶ
1281 531 1491 577 παντελεῖς
1509 528 1764 577 καταδίκας5

98 611 140 646 Ρ.
160 611 230 648 630
254 603 321 645 καὶ
347 600 571 658 τιμωρίας,
610 596 663 642 τά
692 616 734 642 τε
760 597 1004 657 δικαστήρια
1034 600 1101 641 καὶ
1125 597 1177 641 τὰ
1199 601 1284 640 τῶν
1312 595 1535 648 ἐξετάσεων
1562 594 1736 653 βήματα

249 673 445 730 συνιστᾷν
468 666 578 727 ἐπῄει
607 674 693 718 τοῖς
723 668 914 726 ἇῤῥεπέσι
943 666 1105 718 τούτοις
1138 674 1320 725 κριταῖς,
1358 673 1446 717 τοῖς
1474 667 1541 709 καὶ
1572 663 1736 721 ἀκαπή-

249 745 393 784 λευτον
414 736 650 794 ὀμωμοκόσι
668 737 888 795 φυλάττειν
907 737 956 781 τὸ
980 734 1176 787 συνειδός.
1207 741 1331 794 τριῶν
1353 731 1426 779 οὖν
1437 733 1592 792 μόνων,
1608 734 1737 792 ἠναγ-

250 809 465 864 κασμένως
488 810 554 851 καὶ
573 804 734 851 τούτων
756 810 823 851 καὶ
843 804 959 863 μάλα
981 805 1123 863 μόλις,
1161 806 1205 849 ἐκ
1231 810 1314 849 τῶν
1343 810 1420 862 τῆς
1448 807 1595 861 διπλῆς
1615 802 1736 847 δεκά-

251 881 324 930 δος
343 878 576 935 κεφαλαίων
604 877 679 933 τὴν
703 877 885 928 ἐξέτασιν
909 874 1155 933 εἰληχότων,
1187 875 1263 918 κᾶν
1285 882 1371 926 τοῖς
1393 876 1502 932 τρισὶ
1531 874 1736 929 δημοσίαν
1749 880 1793 914 10

249 948 326 1005 τὴν
352 942 484 1004 ’ἧτταν
513 945 731 1004 εἰληφότος
760 952 834 990 τοῦ
862 950 1080 1002 Παλαμᾶ,
1119 947 1159 996 ἐς
1190 945 1265 1001 τὴν
1297 946 1495 988 ἐπιοῦσαν
1516 943 1568 986 τὰ
1591 944 1737 1001 ἐφεξῆς

250 1017 535 1074 παρεπέμπετο
559 1021 719 1074 ψῆφον.
757 1018 825 1059 καὶ
853 1021 987 1060 ταῦτα
1010 1017 1109 1071 μὲν,
1144 1016 1186 1066 ἐς
1213 1018 1338 1058 τοῦτο
1365 1012 1492 1070 τύχης
1512 1010 1732 1065 ἐλάσαντα,

252 1087 351 1138 τοὺς
370 1087 556 1143 ἐλέγχους
576 1086 727 1129 ἐκείνου
749 1086 929 1144 τάνδρὸς
951 1087 1018 1129 καὶ
1038 1085 1111 1128 τὸν
1129 1083 1328 1141 σύλλογον
1349 1082 1502 1127 ἔλυσεν.

99 1160 140 1196 V.
163 1158 232 1196 509
357 1154 407 1212 γ’.
451 1155 539 1198 Οὐκ
565 1150 616 1211 ἦν
647 1156 693 1198 δὲ
719 1155 882 1212 ἠρεμεῖν
903 1155 1067 1210 οὐδαμῆ
1085 1157 1301 1208 Παλαμᾶν
1322 1154 1387 1195 ἐπὶ
1415 1151 1600 1204 τούτοις,
1640 1148 1737 1194 οὐδὲ

250 1226 323 1270 τὸν
342 1230 476 1283 τῦφον
493 1222 720 1282 μετριάζειν
748 1226 919 1277 ἐκεῖνον,
958 1222 1014 1274 ὥς
1040 1221 1296 1281 ποῤῥωτάτω
1328 1222 1403 1277 τὴν
1426 1224 1540 1277 λῆξιν
1568 1218 1595 1276 ἢ
1627 1219 1732 1263 κατὰ
1749 1226 1792 1261 15

248 1295 304 1339 τὰ
324 1292 647 1352 προσδοκώμενα
668 1298 752 1337 τῶν
769 1293 1079 1349 μελετηθέντων
1099 1290 1251 1335 οὑτωσὶ
1272 1289 1588 1347 σχεδιασάντων.
1621 1307 1735 1332 κενο-

250 1366 368 1417 δοξιά
387 1363 489 1421 γὰρ,
528 1361 871 1419 ἀποτυγχάνουσα
899 1367 973 1418 τῆς
995 1362 1194 1420 ἐφέσεως,
1228 1362 1456 1417 μεμηνυίας
1485 1359 1594 1408 τινὸς
1615 1358 1735 1403 ἀναι-

251 1435 364 1484 δείας
392 1434 542 1490 γίνεται
570 1429 731 1490 μήτηρ,
774 1434 843 1475 καὶ
871 1436 1011 1475 πᾶσαν
1038 1435 1179 1487 ψυχῆς
1212 1431 1451 1487 ἐλευθερίαν
1479 1429 1736 1486 ἀνδραποδί-

251 1505 383 1556 ζεται,
414 1503 483 1545 καὶ
512 1499 634 1552 ὅλους
655 1499 924 1557 ἀναμοχλεύει
952 1495 1170 1555 θεμελίους
1204 1498 1377 1556 ἀγάπης.
1426 1500 1495 1543 ναὶ
1521 1498 1605 1554 μὴν
1634 1497 1731 1541 οὐδ’

215 1582 246 1617 C
259 1572 373 1632 αὐτῷ
391 1572 445 1615 τὰ
465 1570 627 1615 τοιαῦτ’
652 1569 789 1623 ἔδοξεν
808 1570 962 1630 ἀρεστὰ
978 1574 1154 1626 βασιλεῖ,
1186 1568 1352 1627 ἴρεισμα
1373 1566 1591 1628 κράτιστον
1608 1568 1733 1625 ἐπαγ-
1745 1572 1792 1607 20

248 1641 470 1701 γειλαμένῳ
504 1642 573 1684 καὶ
602 1648 735 1697 τεῖχος
761 1639 861 1685 εἶναι
898 1640 957 1697 μὴ
986 1641 1121 1700 ῥᾷστα
1147 1640 1296 1695 μηδε’σι
1335 1636 1586 1697 ῥηγνύμενον
1626 1637 1732 1695 παρ’

252 1710 348 1756 ὅλον
367 1711 481 1772 αὐτῷ
507 1712 798 1755 καθίστασθαι
819 1699 973 1768 ἀγῶνα.
1011 1709 1112 1753 ὅθεν
1140 1709 1325 1766 Εὐρίπου
1348 1710 1464 1764 δίκην
1484 1705 1640 1750 ἅπαντ’
1665 1707 1733 1749 εὗ-

249 1781 334 1833 θῦς
362 1782 491 1825 ἐκεῖνα
520 1780 783 1839 ἆνετρέπετο,
829 1782 897 1824 καὶ
919 1783 1119 1839 κρατῆρες
1142 1777 1274 1837 ὅρκων
1293 1779 1452 1821 ἐκείνων
1471 1772 1735 1834 ἀνεκίρναντό

341 1880 377 1916 2.
401 1877 531 1927 πόρῤω
548 1889 626 1916 που
649 1883 686 1915 et
704 1879 772 1925 τῆς
788 1876 930 1921 πόλεως
950 1889 1015 1914 em.
1034 1877 1136 1914 Boiv.
1166 1888 1231 1923 pro
1255 1873 1382 1923 πόρῥω
1401 1876 1472 1913 τοῦ
1493 1877 1532 1911 et
1554 1875 1620 1921 τῆς
1643 1871 1734 1921 πρό-

342 1938 462 1972 τερον.

251 2004 397 2042 omnium
424 2005 568 2041 maxime
585 2009 742 2049 nostros,
769 2004 860 2040 domi
885 2016 968 2039 suae
996 2003 1206 2046 meminisse3
1236 2003 1372 2039 ieiunos
1392 2002 1546 2044 scilicet,
1572 2004 1608 2036 et
1629 2001 1734 2037 alium

250 2052 320 2088 alio
338 2064 402 2099 per
420 2054 538 2088 urbem
557 2053 667 2087 ituros
680 2079 691 2095 ‚
717 2053 896 2098 neglectos
914 2062 1056 2097 prorsus
1076 2058 1112 2086 et
1135 2051 1330 2093 incuratus,
1355 2054 1476 2096 utpote
1497 2049 1555 2095 qui
1576 2059 1639 2094 per
1658 2060 1733 2083 eam

250 2098 526 2147 persecutionem
548 2100 728 2134 erronibus
748 2101 834 2134 urbe
854 2104 890 2133 et
910 2100 1008 2133 domo
1028 2098 1225 2133 carentibus
1243 2109 1345 2143 pares
1362 2097 1564 2131 evasissent.
1595 2095 1734 2129 Etenim

252 2145 468 2191 aequissimis
487 2145 555 2180 illis
575 2146 767 2187 iudicibus,
791 2144 850 2190 qui
867 2156 905 2180 se
930 2146 1129 2179 iuraverant
1152 2144 1396 2179 conscientiam
1422 2143 1590 2187 integram
1613 2153 1735 2176 serva-

251 2195 370 2235 turos,
393 2195 463 2226 tum
484 2192 614 2227 demum
642 2192 774 2238 placuit
800 2191 929 2226 iudicia
957 2196 993 2226 et
1018 2191 1204 2226 tribunalia
1229 2190 1461 2235 cognoscendi
1481 2200 1584 2223 causa
1603 2188 1735 2223 consti-

251 2242 371 2281 tuere,
396 2249 470 2272 cum
493 2237 579 2273 istos
597 2237 895 2281 abdicationibus,
920 2239 1039 2273 ultima
1063 2237 1282 2272 damnatione
1301 2241 1337 2272 et
1353 2235 1532 2282 suppliciis
1557 2234 1735 2269 coercuis-

252 2287 342 2319 sent.
387 2284 544 2327 Idcirco,
569 2296 643 2319 cum
660 2296 704 2320 ex
722 2284 774 2318 bis
794 2285 911 2319 decem
933 2285 1104 2330 capitibus
1121 2284 1191 2319 tria
1211 2288 1341 2318 tantum
1353 2307 1365 2326 ‚
1389 2293 1500 2329 eaque
1522 2281 1582 2315 vix
1599 2286 1636 2315 et
1652 2291 1734 2326 per-

251 2341 354 2376 quam
374 2341 500 2376 aegre,
524 2342 666 2366 excussa
688 2335 826 2374 essent,
851 2337 886 2366 et
904 2331 938 2366 in
956 2332 1026 2366 illis
1044 2331 1132 2377 ipsis
1149 2331 1261 2365 tribus
1278 2330 1436 2364 Palamas
1462 2328 1574 2363 victus
1594 2327 1734 2373 publice

251 2379 370 2419 esset,
394 2377 574 2424 sequentia
589 2378 862 2424 subsequuturae
881 2378 1045 2414 sessionis
1067 2376 1244 2422 suffragiis
1265 2380 1444 2411 reservata
1465 2379 1555 2409 sunt.
1603 2372 1669 2408 His
1688 2371 1735 2407 ad

252 2434 329 2458 eum
344 2423 472 2459 exitum
487 2423 669 2467 deductis,
693 2424 787 2459 illum
811 2425 977 2461 hominem
999 2424 1173 2460 refutandi
1198 2423 1278 2457 finis
1305 2423 1441 2465 factus,
1467 2425 1653 2467 coetusque
1678 2419 1734 2454 di-

251 2469 377 2506 missus
400 2472 465 2507 est.

344 2517 381 2553 3.
404 2516 452 2552 At
468 2515 648 2560 Falernas,
672 2516 773 2552 cuius
802 2517 957 2563 cogitata
986 2518 1088 2563 longe
1111 2516 1211 2552 alium
1237 2526 1337 2562 quam
1365 2514 1579 2561 speravisset
1603 2511 1732 2547 exitum

253 2560 305 2597 sic
323 2561 513 2608 derepente
530 2566 636 2598 nacta
654 2564 808 2607 fuerant,
832 2565 886 2599 his
904 2565 1124 2611 acquiescere
1142 2563 1232 2598 nuno
1251 2566 1354 2608 pacto
1374 2573 1437 2597 nec
1454 2561 1586 2595 modum
1605 2569 1734 2605 ponere

253 2609 476 2655 arrogantiae
494 2620 579 2645 suae
596 2613 745 2656 poterat.
792 2611 932 2646 Etenim
953 2623 1063 2646 vanae
1084 2610 1217 2657 gloriae
1243 2608 1436 2655 cupiditas,
1460 2608 1521 2642 ubi
1540 2618 1582 2641 ea
1605 2617 1644 2641 re
1670 2615 1734 2639 ex-

254 2653 341 2690 cidit
380 2667 458 2691 uam
477 2657 675 2703 appetebat,
690 2656 844 2692 furiosae
863 2657 1037 2692 cuiusdam
1047 2656 1284 2703 impudentiae
1302 2659 1411 2690 mater
1429 2653 1591 2694 efficitur,
1603 2661 1734 2686 omnem

254 2700 358 2736 animi
387 2702 569 2738 ibertatem
586 2703 757 2750 captivam
777 2703 879 2749 rapit,
897 2704 1010 2739 omnia
1023 2702 1182 2739 caritatis
1207 2701 1429 2737 fundamenta
1443 2698 1616 2735 convellit.
1660 2696 1733 2731 Sed

253 2758 320 2782 nec
342 2747 544 2795 imperatori
561 2749 630 2796 ipsi
644 2749 705 2785 illa
722 2749 944 2796 placuerunt,
969 2750 1030 2797 qui
1049 2749 1276 2785 firmissimum
1296 2747 1529 2794 praesidium,
1553 2748 1590 2780 et
1604 2754 1733 2779 murum

254 2792 348 2828 haud
370 2795 476 2830 facile
525 2796 804 2842 errumpendum,
835 2807 898 2842 per
927 2808 1026 2832 omne
1060 2799 1233 2832 certamen
1261 2796 1338 2830 fore
1369 2806 1408 2828 se
1437 2792 1488 2828 iui
1517 2791 1732 2839 promiserat.

255 2838 487 2882 Quamobrem
503 2842 567 2879 illa
581 2843 715 2886 omnia,
741 2842 869 2891 Euripi
887 2842 1020 2887 instar,
1042 2842 1160 2880 statim
1180 2845 1275 2878 retro
1296 2851 1464 2877 conversa
1490 2842 1595 2880 sunt3
1619 2835 1733 2873 sanci-
