1794 3172
36 258 73 291 A.
92 256 137 290 M.
155 245 305 302 6855ch
340 250 481 302 σχῆμα
514 249 588 300 τῆς
614 243 851 299 βασιλείας,
890 241 1025 299 ὥσπερ
1060 244 1118 292 εἷς
1149 241 1390 300 ἀσφαλείας
1408 239 1652 300 ἀκρόπολιν·
1690 242 1746 295 ὥς

79 305 149 338 lnd.
165 303 210 340 15

264 128 364 179 804
655 134 694 181 Ν
696 132 972 178 ICEPHORI
1002 132 1330 177 GREGORAE

257 320 331 361 νῦν
350 333 393 374 γε
417 318 532 359 δυοῖν
550 311 730 370 θάτερον
753 313 920 364 ἐλπίζειν
942 310 1119 354 ἔσεσθαί
1137 329 1210 366 μοι
1232 311 1337 370 πρὸς
1365 316 1440 356 τοῦ
1468 312 1626 370 ’πατρὸς
1646 313 1745 369 ἕψε-

256 400 350 430 ται.
385 384 411 441 ἢ
433 384 528 442 γὰρ,
559 381 615 434 ὡς
630 379 916 439 μιμησάμενον
935 380 1011 437 τὴν
1032 381 1075 423 ἒν
1095 379 1267 438 ἀπόροις
1285 381 1480 439 εὐπορίαν
1502 382 1646 436 αὐτοῦ,
1671 383 1744 427 τὸν

255 456 347 499 υἱὸν
370 454 610 497 ἐπαινέσειεν
640 451 691 495 ι’ίν
713 468 800 501 πως
832 450 924 506 ε’μέ·
969 448 996 506 ’ἢ
1027 452 1063 492 εἲ
1091 452 1381 508 λοιδορεῖσθαί
1403 469 1475 507 μοι
1508 453 1740 510 ἐπιχειροίη,

215 523 384 572 Βλάθοι
404 522 455 567 ἂν
474 522 599 572 αὐτὸς
619 520 755 580 ἑαυτῷ
776 523 1012 578 περιφανῶς
1031 519 1347 578 λοιδορούμενος
1367 520 1393 578 ἢ
1415 523 1520 577 ε’μοί·
1558 519 1614 572 ὥς
1631 524 1718 578 μηδ
1724 522 1736 538 ²
1754 533 1778 569 5

129 1090 168 1123 P.
180 1089 249 1125 506

128 1136 171 1170 V.
182 1136 248 1172 409

217 1572 249 1609 B

258 594 360 650 ἔχειν
393 592 498 650 παρ’
534 591 697 635 οὐδέσιν
728 588 1037 640 Ἑλλανοδίκαις
1065 589 1114 634 τὸ
1144 591 1453 648 συγκεχωρηκὸς
1471 593 1560 646 ἐμοὶ
1582 596 1656 647 τῆς
1677 593 1742 648 ἐγ-

252 660 475 720 χειρήσεως
510 660 759 712 ε’πεξιέναι.”
817 658 911 719 (Δ.)
951 659 1091 702 Ταῦτ’
1135 660 1258 704 εῗπών
1289 663 1357 704 καὶ
1394 661 1523 712 αὐτὸς
1566 661 1638 705 τὸν
1666 662 1743 716 μὲν

253 737 371 776 θεῖον
390 731 670 789 ξυνδιαφέρειν
691 727 930 787 παρήγγειλε
951 729 1028 785 τὴν
1048 730 1287 788 ἐγχείρησιν,
1313 732 1380 774 καὶ
1400 738 1488 782 τοῖς
1510 729 1742 786 ἑκασταχοῦ

255 799 530 860 στρατιώταις
557 798 711 855 ὁμιλεῖν
749 799 801 842 τὰ
831 797 993 842 εἰκότα·
1031 799 1157 850 αὐτὸς
1193 801 1238 844 δὲ
1271 800 1348 856 τὴν
1377 804 1455 857 τῆς
1479 799 1743 859 Ὀρεστιάδος

254 870 511 929 κατειληφὼς
540 867 761 925 ἀκρόπολιν
792 867 892 925 ὅλην
919 869 1075 912 ἐκεῖθεν
1097 867 1259 927 ὠχύρου
1282 870 1358 926 τὴν
1378 868 1522 924 πόλιν,
1549 873 1616 914 καὶ
1641 870 1743 928 πρὸς

258 940 357 999 ἴργα
381 935 724 998 παρεσκευάζετο,
767 940 1069 997 ἐκδημαγωγῶν
1094 957 1138 983 τε
1167 941 1236 983 καὶ
1264 943 1468 1000 μαλακοῖς
1496 957 1578 984 τισι
1608 939 1745 997 λόγοις

257 1008 531 1066 ἕξιδιούμενος
547 1010 598 1053 τὰ
617 1007 891 1067 στρατόπεδα.

360 1079 410 1138 γ’.
451 1079 588 1123 Ταῦτ’
625 1079 699 1122 οὐκ
724 1074 775 1135 ἦν
807 1076 997 1122 ἀκούοντι
1027 1077 1191 1137 ἠρεμεῖν
1223 1082 1282 1139 τῷ
1311 1079 1463 1136 πατρὶ,
1503 1077 1603 1122 ἀλλ’
1631 1078 1743 1123 ἄθυ-

256 1151 370 1207 μιάις
400 1151 655 1205 ἒνασχολεῖν,
694 1150 761 1192 καὶ
787 1146 1000 1205 συντήκειν
1033 1148 1164 1205 συχνὰ
1193 1148 1241 1192 τὸ
1271 1147 1539 1204 θυμούμενον
1559 1153 1634 1206 τῆς
1654 1152 1742 1205 ψυέ

252 1225 354 1277 χῆς,
397 1217 524 1263 πάλαι
555 1219 852 1279 διανειμαμένῳ
885 1226 972 1269 τοῖς
1002 1219 1078 1275 μὲν
1101 1218 1204 1262 υἱέσι
1236 1218 1312 1269 τὰς
1344 1218 1641 1275 ἀνελευθέρους
1665 1224 1740 1262 τοῦ

255 1292 350 1346 βίου
377 1287 528 1345 τύχας,
560 1294 620 1349 τῷ
641 1290 685 1332 δὲ
704 1293 880 1348 γαμβρῷ
901 1287 1180 1347 Παλαιολόγῳ
1212 1288 1290 1340 τὰς
1311 1293 1385 1332 τοῦ
1407 1278 1618 1345 βασιλείου
1638 1287 1741 1346 κρά-

254 1377 354 1410 τους
389 1357 598 1415 διαδοχάς.
638 1358 701 1402 διὸ
735 1361 804 1402 καὶ
833 1358 1076 1417 αὐθημερὸν
1106 1359 1251 1410 ἐξιέναι
1274 1357 1382 1402 πάνυ
1405 1376 1469 1403 τοι
1489 1356 1742 1417 προθυμού-

253 1447 376 1486 μενος
384 1463 397 1483 ,
429 1428 541 1485 ὅμως
562 1431 712 1485 ἐπεῖχεν
734 1428 792 1472 ἴτι
803 1462 817 1482 ,
849 1430 917 1472 καὶ
939 1429 1186 1487 ἐνεκαρτέρει
1211 1433 1269 1488 τῷ
1294 1433 1370 1485 τῆς
1387 1426 1552 1486 γνώμης
1566 1432 1742 1484 βουλευ-

253 1500 397 1558 τηρίῳ.
434 1501 501 1542 καὶ
532 1499 671 1555 μέντοι
707 1501 776 1543 καὶ
805 1497 954 1555 ἥκιστα
983 1497 1100 1555 μάλα
1129 1516 1192 1542 τοι
1225 1499 1399 1555 ἀρεστὸν
1431 1497 1583 1552 ἐδόκει,
1627 1501 1743 1542 δυοῖν

259 1570 300 1612 ἕν
319 1569 366 1626 γέ
385 1586 447 1612 τοι
478 1571 582 1630 δρᾷν
606 1570 650 1612 ἔκ
676 1574 750 1613 τοῦ
787 1573 1057 1627 παραχρῆμα.
1096 1568 1191 1612 οὔτε
1209 1569 1287 1633 γὰρ
1307 1568 1403 1612 ἄνευ
1431 1567 1567 1612 ὅπλων
1587 1569 1631 1611 ἐκ
1651 1570 1741 1611 Βυ-

258 1641 419 1693 ζαντίου
440 1639 543 1697 πρὸς
563 1638 728 1696 γνώμην
752 1640 852 1682 ἰέναι
873 1638 1056 1698 ε’θὰῤῥει,
1080 1647 1172 1689 ταῖς
1184 1644 1259 1694 τῆς
1279 1640 1514 1696 φιλοτιμίας
1535 1637 1627 1695 ι’ίρτι
1648 1640 1740 1681 δια-

255 1709 480 1766 νηχομένην
501 1709 664 1765 ἀκμαῖς·
703 1709 796 1753 οὕτε
815 1710 920 1766 μεθ)
943 1708 1081 1753 ὅπλων
1101 1705 1154 1752 αὖ
1177 1710 1261 1752 ε’κεῖ
1277 1711 1502 1762 διαβαίνειν
1521 1710 1589 1751 καὶ
1609 1725 1740 1765 στρα-

254 1780 454 1823 τοπέδων.
493 1780 663 1835 ἒκμῆναι
682 1779 760 1837 γὰρ
781 1779 833 1823 ἂν
853 1777 1004 1823 οὖτωσὶ
1025 1784 1187 1835 μᾶλλον
1206 1779 1311 1837 πρὸς
1338 1780 1552 1836 αἰθεριόυς
1583 1776 1740 1835 φλόγας

259 1846 316 1899 ὥς
338 1849 380 1892 ἓν
399 1851 552 1911 σποδιᾷ
574 1840 865 1901 καθ-ευδούσας
890 1849 948 1894 ἔτι
969 1850 1047 1900 τὰς
1075 1851 1118 1894 ἐν
1139 1854 1190 1908 τῇ
1210 1853 1326 1908 ψυχῇ
1348 1852 1423 1892 τοῦ
1444 1848 1656 1891 νεανίσκου
1677 1864 1739 1889 κι-

350 1936 386 1972 5.
412 1937 550 1983 λοιδορ.
568 1935 594 1984 ἢ
614 1937 716 1984 ἐμοὶ]
741 1940 878 1983 μᾶλλον
903 1938 1022 1981 deest,
1045 1941 1084 1973 ut
1106 1938 1271 1973 observat
1293 1936 1394 1972 Boiv.

256 2005 396 2051 imperii
422 2006 589 2052 insignia,
621 2011 783 2054 tanquam
809 2007 853 2043 ad
874 2009 1033 2043 fortunae
1057 2007 1253 2054 perfugium
1281 2005 1460 2053 processit.
1509 2005 1741 2047 Quamobrem

258 2053 401 2086 duorum
418 2054 558 2088 alterum
575 2055 658 2090 licet
672 2055 755 2089 mihi
774 2067 917 2101 sperare
935 2067 956 2090 a
975 2061 1085 2101 patre.
1133 2056 1204 2089 Aut
1222 2054 1322 2097 enim,
1342 2058 1382 2088 ut
1400 2065 1483 2087 suae
1498 2052 1535 2086 in
1551 2052 1741 2097 expedien-

261 2098 316 2132 dis
337 2099 439 2133 rebus
459 2100 666 2136 difficillimis
692 2102 854 2137 solertiae
876 2102 1082 2137 imitatorem
1106 2101 1212 2136 filium
1240 2101 1390 2135 fortasse
1411 2100 1470 2134 ille
1496 2111 1549 2133 me
1570 2099 1740 2133 laudave-

261 2145 329 2187 rit3
354 2152 414 2179 aut
436 2145 466 2179 si
490 2148 534 2181 ad
556 2149 810 2184 convitiandum
830 2149 1077 2195 aggrediatur,
1101 2149 1167 2183 sibi
1184 2148 1261 2194 ipse
1283 2148 1392 2193 palam
1411 2146 1609 2192 imprudens
1631 2144 1740 2189 magis

262 2191 508 2226 convitiabitur
533 2205 634 2239 quam
656 2196 760 2230 mihi:
783 2209 846 2238 nec
871 2196 953 2242 quia
975 2196 1011 2230 id
1035 2207 1137 2230 ausus
1162 2195 1304 2236 fuerim,
1329 2194 1451 2228 licebit
1471 2194 1504 2227 ei
1526 2192 1618 2238 apud
1636 2192 1741 2226 ullum

261 2238 387 2273 iustum
404 2239 549 2274 iudicem
569 2253 696 2286 poenas
714 2255 733 2277 a
748 2254 800 2277 me
817 2242 1014 2289 expetere.'’
1039 2243 1140 2288 (IV.)
1154 2243 1253 2280 Haec
1271 2241 1434 2287 loquutus
1451 2239 1619 2275 avunculo
1639 2249 1742 2285 prae-

262 2284 368 2330 cipit,
391 2289 429 2320 ut
446 2297 558 2319 secum
582 2287 658 2322 huic
681 2289 846 2323 molitioni
867 2289 1054 2325 struendae
1074 2289 1268 2330 incumbat,
1293 2293 1329 2322 et
1350 2299 1423 2322 cum
1444 2286 1629 2326 militibus,
1655 2296 1740 2330 qua-

262 2342 398 2376 cunque
412 2333 637 2374 occurrerint,
660 2346 701 2368 ac
722 2341 823 2380 prout
841 2348 905 2382 par
925 2337 1044 2378 fuerit,
1069 2336 1293 2381 colloquatur.
1342 2335 1422 2380 Ipse
1442 2332 1640 2367 Orestiadis
1661 2343 1741 2365 arce

260 2382 443 2423 occupata,
464 2384 572 2413 totam
589 2380 668 2414 inde
685 2382 802 2416 urbem
819 2384 945 2425 munit3
970 2388 1039 2417 tum
1057 2382 1228 2429 captando
1245 2380 1530 2422 benevolentiam,
1555 2384 1591 2414 et
1605 2378 1741 2413 blandis

260 2425 378 2461 verbis
395 2426 568 2460 exercitus
587 2426 651 2460 sibi
668 2427 911 2472 devinciendo,
936 2430 980 2465 ad
999 2441 1087 2476 opus
1108 2441 1145 2464 se
1162 2428 1324 2473 accingit.

354 2473 388 2508 3.
411 2471 477 2506 His
496 2475 598 2518 pater
613 2473 741 2508 auditis
757 2487 968 2522 nequaquam
989 2477 1180 2522 quiescere,
1204 2475 1266 2510 sed
1287 2479 1397 2508 totum
1416 2484 1455 2507 se
1472 2471 1618 2507 moerori
1637 2470 1742 2511 dare;

261 2517 421 2564 idemque
437 2518 524 2553 iram
543 2531 638 2553 suam
660 2520 802 2555 subinde
823 2523 1046 2568 comprimere
1061 2527 1097 2557 et
1114 2533 1328 2568 concoquere
1345 2533 1388 2556 ea
1406 2519 1564 2559 ratione,
1588 2517 1678 2563 quod
1700 2517 1743 2550 li-

260 2565 356 2600 beris
374 2565 446 2600 suis
464 2565 623 2601 servilem
644 2566 802 2601 fortunae
828 2570 1075 2612 conditionem,
1099 2580 1226 2615 genero
1245 2574 1358 2602 autem
1378 2565 1583 2610 Palaeologo
1608 2563 1743 2609 imperii

260 2612 510 2647 successionem
536 2612 736 2659 iampridem
761 2614 986 2658 assignasset.
1030 2616 1152 2661 Itaque
1172 2627 1214 2657 ea
1231 2615 1311 2661 ipsa
1335 2614 1393 2648 die
1415 2612 1537 2658 egredi
1558 2611 1661 2646 valde
1681 2622 1742 2644 cu-

261 2658 361 2704 piens
385 2663 499 2694 tamen
526 2671 565 2694 se
593 2659 782 2702 continuit,
806 2666 842 2694 et
861 2673 976 2696 secum
1002 2662 1112 2697 tacite
1132 2661 1326 2696 deliberare
1353 2659 1519 2707 perstitit.
1568 2657 1742 2692 Neutrum

261 2709 356 2739 certe
374 2705 407 2739 ei
424 2705 584 2751 placebat
603 2706 719 2741 statim
744 2707 871 2741 facere.
917 2709 1044 2753 Neque
1064 2708 1152 2743 enim
1172 2709 1247 2743 sine
1265 2707 1369 2743 armis
1385 2706 1556 2752 Byzantio
1574 2704 1681 2745 exire,
1706 2708 1743 2736 et

260 2751 297 2786 in
317 2752 394 2797 ipso
413 2752 606 2787 ambitionis
622 2757 722 2787 aestu
740 2752 961 2789 fluctuantem
980 2755 1126 2790 animum
1144 2754 1295 2796 adoriri3
1319 2766 1383 2788 nec
1399 2764 1518 2788 rursus
1539 2762 1614 2785 cum
1637 2750 1741 2784 armis

261 2798 542 2844 exercitibusque
561 2799 644 2834 illuc
662 2799 821 2834 conferre
840 2811 878 2834 se
896 2801 1056 2836 audebat.
1104 2802 1160 2836 Ita
1182 2802 1272 2835 enim
1290 2801 1422 2846 sopitos
1440 2799 1574 2839 adhuc,
1593 2800 1630 2831 et
1644 2796 1742 2831 velut

261 2844 327 2880 sub
351 2844 468 2881 cinere
488 2846 655 2890 latentes,
678 2845 715 2882 in
734 2846 846 2882 auimo
866 2846 1094 2884 adolescentis
1113 2853 1225 2884 motus
1245 2847 1407 2883 furiatum
1424 2845 1468 2882 iti
1489 2843 1620 2891 magis,
1643 2842 1742 2890 quasi

1757 880 1794 915 10

1754 1229 1794 1265 15

1751 1580 1794 1615 20
