<?xml version="1.0" encoding="UTF-8"?>
<!DOCTYPE html PUBLIC "-//W3C//DTD XHTML 1.0 Transitional//EN"
    "http://www.w3.org/TR/xhtml1/DTD/xhtml1-transitional.dtd">
<html xmlns="http://www.w3.org/1999/xhtml" xml:lang="en" lang="en">
 <head>
  <title>
</title>
<meta http-equiv="Content-Type" content="text/html;charset=utf-8" />
  <meta name='ocr-system' content='tesseract 3.04.00' />
  <meta name='ocr-capabilities' content='ocr_page ocr_carea ocr_par ocr_line ocrx_word'/>
</head>
<body>
  <div class='ocr_page' id='page_1' title='image "./corpusscriptorum39niebuoft_0280.png"; bbox 0 0 1794 3172; ppageno 0'>
   <div class='ocr_carea' id='block_1_1' title="bbox 260 122 1336 190">
    <p class='ocr_par' dir='ltr' id='par_1_1' title="bbox 260 122 1336 190">
     <span class='ocr_line' id='line_1_1' title="bbox 260 122 1336 190; baseline -0.002 -20"><span class='ocrx_word' id='word_1_1' title='bbox 260 122 357 171; x_wconf 81' lang='lat'><em>838</em></span> <span class='ocrx_word' id='word_1_2' title='bbox 430 176 433 179; x_wconf 19' lang='lat'><em>7</em></span> <span class='ocrx_word' id='word_1_3' title='bbox 667 125 983 174; x_wconf 78' lang='lat' dir='ltr'>MCEPHORI</span> <span class='ocrx_word' id='word_1_4' title='bbox 1011 124 1336 190; x_wconf 80' lang='lat' dir='ltr'><strong>GREGORAE</strong></span> 
     </span>
    </p>
   </div>
   <div class='ocr_carea' id='block_1_2' title="bbox 43 231 1794 2028">
    <p class='ocr_par' dir='ltr' id='par_1_2' title="bbox 43 231 1794 2028">
     <span class='ocr_line' id='line_1_2' title="bbox 43 231 1736 296; baseline -0.002 -14"><span class='ocrx_word' id='word_1_5' title='bbox 43 248 80 283; x_wconf 71' lang='lat' dir='ltr'><em>A.</em></span> <span class='ocrx_word' id='word_1_6' title='bbox 97 248 142 282; x_wconf 90' lang='lat' dir='ltr'><em>M.</em></span> <span class='ocrx_word' id='word_1_7' title='bbox 161 235 454 292; x_wconf 77' lang='grc' dir='ltr'><em>6856δόξαντες</em></span> <span class='ocrx_word' id='word_1_8' title='bbox 485 237 620 296; x_wconf 74' lang='grc' dir='ltr'><em>βαρὺς</em></span> <span class='ocrx_word' id='word_1_9' title='bbox 647 238 716 280; x_wconf 80' lang='grc' dir='ltr'><em>καὶ</em></span> <span class='ocrx_word' id='word_1_10' title='bbox 755 233 986 295; x_wconf 78' lang='grc' dir='ltr'><em>παράταξις</em></span> <span class='ocrx_word' id='word_1_11' title='bbox 1022 232 1140 291; x_wconf 84' lang='grc' dir='ltr'><em>μάλα</em></span> <span class='ocrx_word' id='word_1_12' title='bbox 1175 231 1485 294; x_wconf 77' lang='grc' dir='ltr'><em>δυσπρόσοδος·</em></span> <span class='ocrx_word' id='word_1_13' title='bbox 1528 232 1736 287; x_wconf 76' lang='grc' dir='ltr'><em>ὥςεύθῦς</em></span> 
     </span>
     <span class='ocr_line' id='line_1_3' title="bbox 97 296 1736 367; baseline -0.004 -12"><span class='ocrx_word' id='word_1_14' title='bbox 97 296 166 329; x_wconf 72' lang='lat' dir='ltr'><em>lnd&#39;</em></span> <span class='ocrx_word' id='word_1_15' title='bbox 183 296 202 331; x_wconf 67' lang='lat' dir='ltr'>l</span> <span class='ocrx_word' id='word_1_16' title='bbox 262 310 306 362; x_wconf 78' lang='grc' dir='ltr'><em>ἒξ</em></span> <span class='ocrx_word' id='word_1_17' title='bbox 325 309 455 367; x_wconf 81' lang='grc' dir='ltr'><em>ἀρχῆς</em></span> <span class='ocrx_word' id='word_1_18' title='bbox 475 309 522 352; x_wconf 82' lang='grc' dir='ltr'><em>τὸ</em></span> <span class='ocrx_word' id='word_1_19' title='bbox 542 307 617 363; x_wconf 73' lang='grc' dir='ltr'><em>μὲν</em></span> <span class='ocrx_word' id='word_1_20' title='bbox 636 307 799 362; x_wconf 74' lang='grc' dir='ltr'><em>συνεχὲς</em></span> <span class='ocrx_word' id='word_1_21' title='bbox 814 310 891 362; x_wconf 81' lang='grc' dir='ltr'><em>τῆς</em></span> <span class='ocrx_word' id='word_1_22' title='bbox 909 307 1072 361; x_wconf 76' lang='grc' dir='ltr'><strong><em>πεζικῆς</em></strong></span> <span class='ocrx_word' id='word_1_23' title='bbox 1093 308 1176 348; x_wconf 86' lang='grc' dir='ltr'><em>τῶν</em></span> <span class='ocrx_word' id='word_1_24' title='bbox 1193 302 1407 361; x_wconf 86' lang='grc' dir='ltr'><em>Ῥωμαίων</em></span> <span class='ocrx_word' id='word_1_25' title='bbox 1435 302 1736 349; x_wconf 85' lang='grc' dir='ltr'><em>διακόπτεσθαι</em></span> 
     </span>
     <span class='ocr_line' id='line_1_4' title="bbox 221 373 1734 438; baseline -0.003 -15"><span class='ocrx_word' id='word_1_26' title='bbox 221 377 475 438; x_wconf 81' lang='grc' dir='ltr'><em>Βφάλαγγος</em></span> <span class='ocrx_word' id='word_1_27' title='bbox 489 391 500 402; x_wconf 84' lang='grc'><em>·</em></span> <span class='ocrx_word' id='word_1_28' title='bbox 532 379 600 420; x_wconf 80' lang='grc' dir='ltr'><em>καὶ</em></span> <span class='ocrx_word' id='word_1_29' title='bbox 620 375 708 432; x_wconf 77' lang='grc' dir='ltr'><em>ἅμα</em></span> <span class='ocrx_word' id='word_1_30' title='bbox 724 376 776 420; x_wconf 84' lang='grc' dir='ltr'><em>’τὸ</em></span> <span class='ocrx_word' id='word_1_31' title='bbox 797 373 1007 430; x_wconf 75' lang='grc' dir='ltr'><em>εὐώνυμον</em></span> <span class='ocrx_word' id='word_1_32' title='bbox 1026 378 1111 418; x_wconf 86' lang='grc' dir='ltr'><em>τῶν</em></span> <span class='ocrx_word' id='word_1_33' title='bbox 1130 374 1298 429; x_wconf 77' lang='grc' dir='ltr'><em>ἱππέων,</em></span> <span class='ocrx_word' id='word_1_34' title='bbox 1329 373 1563 431; x_wconf 77' lang='grc' dir='ltr'><em>πιεζόμενον</em></span> <span class='ocrx_word' id='word_1_35' title='bbox 1581 373 1734 425; x_wconf 69' lang='grc' dir='ltr'><em>ἔξωθεν</em></span> 
     </span>
     <span class='ocr_line' id='line_1_5' title="bbox 261 444 1730 504; baseline -0.003 -12"><span class='ocrx_word' id='word_1_36' title='bbox 261 447 344 492; x_wconf 72' lang='grc' dir='ltr'><em>ὕπὸ</em></span> <span class='ocrx_word' id='word_1_37' title='bbox 373 452 457 491; x_wconf 85' lang='grc' dir='ltr'><em>τῶν</em></span> <span class='ocrx_word' id='word_1_38' title='bbox 481 447 675 504; x_wconf 78' lang='grc' dir='ltr'><em>ἐλαφρῶν</em></span> <span class='ocrx_word' id='word_1_39' title='bbox 706 446 867 490; x_wconf 68' lang='grc' dir='ltr'><em>ἐκείνων</em></span> <span class='ocrx_word' id='word_1_40' title='bbox 893 448 1081 502; x_wconf 81' lang='grc' dir='ltr'><em>τουρτῶν</em></span> <span class='ocrx_word' id='word_1_41' title='bbox 1093 477 1108 498; x_wconf 88' lang='grc'><em>,</em></span> <span class='ocrx_word' id='word_1_42' title='bbox 1156 444 1234 495; x_wconf 78' lang='grc' dir='ltr'><em>τὰς</em></span> <span class='ocrx_word' id='word_1_43' title='bbox 1263 444 1406 501; x_wconf 80' lang='grc' dir='ltr'><em>ψυχὰς</em></span> <span class='ocrx_word' id='word_1_44' title='bbox 1433 448 1730 502; x_wconf 71' lang='grc' dir='ltr'><em>θορυβεῖσθαι.</em></span> 
     </span>
     <span class='ocr_line' id='line_1_6' title="bbox 261 511 1762 573; baseline -0.004 -11"><span class='ocrx_word' id='word_1_45' title='bbox 261 521 497 567; x_wconf 86' lang='grc' dir='ltr'><em>Ματθαΐος</em></span> <span class='ocrx_word' id='word_1_46' title='bbox 523 518 548 558; x_wconf 87' lang='grc' dir='ltr'><em>δ</em></span> <span class='ocrx_word' id='word_1_47' title='bbox 558 516 570 532; x_wconf 89' lang='lat'>&#39;</span> <span class='ocrx_word' id='word_1_48' title='bbox 599 514 621 559; x_wconf 81' lang='grc' dir='ltr'>ὅ</span> <span class='ocrx_word' id='word_1_49' title='bbox 654 515 884 573; x_wconf 84' lang='grc' dir='ltr'><em>στρατηγὸς</em></span> <span class='ocrx_word' id='word_1_50' title='bbox 907 514 1072 573; x_wconf 76' lang='grc' dir='ltr'><em>περιϊών</em></span> <span class='ocrx_word' id='word_1_51' title='bbox 1105 511 1242 571; x_wconf 89' lang='grc' dir='ltr'><em>λόγοις</em></span> <span class='ocrx_word' id='word_1_52' title='bbox 1270 532 1314 557; x_wconf 90' lang='grc' dir='ltr'><em>τε</em></span> <span class='ocrx_word' id='word_1_53' title='bbox 1348 511 1599 573; x_wconf 77' lang='grc' dir='ltr'><em>ἀνερῥώννυε</em></span> <span class='ocrx_word' id='word_1_54' title='bbox 1626 513 1762 571; x_wconf 80' lang='grc' dir='ltr'><em>πρός5</em></span> 
     </span>
     <span class='ocr_line' id='line_1_7' title="bbox 260 582 1736 643; baseline -0.003 -12"><span class='ocrx_word' id='word_1_55' title='bbox 260 587 309 634; x_wconf 87' lang='grc' dir='ltr'><em>τὸ</em></span> <span class='ocrx_word' id='word_1_56' title='bbox 324 585 651 643; x_wconf 71' lang='grc' dir='ltr'><em>εὐθαρσέστερον</em></span> <span class='ocrx_word' id='word_1_57' title='bbox 668 586 766 636; x_wconf 78' lang='grc' dir='ltr'><em>τούς</em></span> <span class='ocrx_word' id='word_1_58' title='bbox 786 586 956 636; x_wconf 75' lang='grc' dir='ltr'><em>οἰκείους</em></span> <span class='ocrx_word' id='word_1_59' title='bbox 978 585 1046 627; x_wconf 84' lang='grc' dir='ltr'><em>καὶ</em></span> <span class='ocrx_word' id='word_1_60' title='bbox 1075 591 1162 634; x_wconf 83' lang='grc' dir='ltr'><em>τοῖς</em></span> <span class='ocrx_word' id='word_1_61' title='bbox 1189 584 1456 639; x_wconf 83' lang='grc' dir='ltr'><em>θλιβομένοις</em></span> <span class='ocrx_word' id='word_1_62' title='bbox 1473 583 1534 626; x_wconf 84' lang='grc' dir='ltr'><em>ἀεὶ</em></span> <span class='ocrx_word' id='word_1_63' title='bbox 1553 582 1736 640; x_wconf 79' lang='grc' dir='ltr'><em>προσιών</em></span> 
     </span>
     <span class='ocr_line' id='line_1_8' title="bbox 261 651 1736 714; baseline -0.003 -15"><span class='ocrx_word' id='word_1_64' title='bbox 261 653 516 714; x_wconf 72' lang='grc' dir='ltr'><em>παρεβοήθει</em></span> <span class='ocrx_word' id='word_1_65' title='bbox 539 655 716 713; x_wconf 84' lang='grc' dir='ltr'><em>με’ρεσιν.</em></span> <span class='ocrx_word' id='word_1_66' title='bbox 753 654 890 698; x_wconf 64' lang='grc' dir='ltr'><em>ἔπειτα</em></span> <span class='ocrx_word' id='word_1_67' title='bbox 919 655 1103 710; x_wconf 85' lang='grc' dir='ltr'><em>μείζονος</em></span> <span class='ocrx_word' id='word_1_68' title='bbox 1125 653 1321 708; x_wconf 75' lang='grc' dir='ltr'><em>δεομένην</em></span> <span class='ocrx_word' id='word_1_69' title='bbox 1343 657 1419 709; x_wconf 83' lang='grc' dir='ltr'><em>τῆς</em></span> <span class='ocrx_word' id='word_1_70' title='bbox 1435 654 1639 708; x_wconf 75' lang='grc' dir='ltr'><em>βοηθείας</em></span> <span class='ocrx_word' id='word_1_71' title='bbox 1659 651 1736 708; x_wconf 86' lang='grc' dir='ltr'><em>τὴν</em></span> 
     </span>
     <span class='ocr_line' id='line_1_9' title="bbox 260 719 1736 784; baseline -0.003 -15"><span class='ocrx_word' id='word_1_72' title='bbox 260 725 460 784; x_wconf 82' lang='grc' dir='ltr'><em>στρατιὰν</em></span> <span class='ocrx_word' id='word_1_73' title='bbox 488 724 758 780; x_wconf 76' lang='grc' dir='ltr'><em>ξυννενοηκώς</em></span> <span class='ocrx_word' id='word_1_74' title='bbox 785 725 825 774; x_wconf 77' lang='grc' dir='ltr'><em>ἒς</em></span> <span class='ocrx_word' id='word_1_75' title='bbox 850 724 897 767; x_wconf 84' lang='grc' dir='ltr'><em>τὸ</em></span> <span class='ocrx_word' id='word_1_76' title='bbox 923 728 999 780; x_wconf 80' lang='grc' dir='ltr'><em>τῆς</em></span> <span class='ocrx_word' id='word_1_77' title='bbox 1027 721 1184 778; x_wconf 83' lang='grc' dir='ltr'><em>τόλμης</em></span> <span class='ocrx_word' id='word_1_78' title='bbox 1214 720 1564 779; x_wconf 78' lang='grc' dir='ltr'><em>παραβολώτερον</em></span> <span class='ocrx_word' id='word_1_79' title='bbox 1587 719 1736 764; x_wconf 73' lang='grc' dir='ltr'><em>ἑαυτὸν</em></span> 
     </span>
     <span class='ocr_line' id='line_1_10' title="bbox 260 789 1735 851; baseline -0.003 -12"><span class='ocrx_word' id='word_1_80' title='bbox 260 792 553 851; x_wconf 82' lang='grc' dir='ltr'><em>μετεσκεύασε,</em></span> <span class='ocrx_word' id='word_1_81' title='bbox 589 795 657 837; x_wconf 82' lang='grc' dir='ltr'><em>καὶ</em></span> <span class='ocrx_word' id='word_1_82' title='bbox 688 793 792 851; x_wconf 82' lang='grc' dir='ltr'><em>πρὸς</em></span> <span class='ocrx_word' id='word_1_83' title='bbox 819 793 973 848; x_wconf 86' lang='grc' dir='ltr'><em>με’σους</em></span> <span class='ocrx_word' id='word_1_84' title='bbox 992 790 1185 847; x_wconf 74' lang='grc' dir='ltr'><em>ἐμβάλλει</em></span> <span class='ocrx_word' id='word_1_85' title='bbox 1217 791 1316 842; x_wconf 74' lang='grc' dir='ltr'><em>τοὺς</em></span> <span class='ocrx_word' id='word_1_86' title='bbox 1343 793 1564 846; x_wconf 86' lang='grc' dir='ltr'><em>πολεμίους</em></span> <span class='ocrx_word' id='word_1_87' title='bbox 1595 789 1668 842; x_wconf 83' lang='grc' dir='ltr'><em>ξύν</em></span> <span class='ocrx_word' id='word_1_88' title='bbox 1691 808 1735 847; x_wconf 89' lang='grc' dir='ltr'><em>γε</em></span> 
     </span>
     <span class='ocr_line' id='line_1_11' title="bbox 224 859 1794 920; baseline -0.004 -13"><span class='ocrx_word' id='word_1_89' title='bbox 224 871 352 915; x_wconf 78' lang='grc' dir='ltr'><em>Οτοΐς</em></span> <span class='ocrx_word' id='word_1_90' title='bbox 383 863 496 920; x_wconf 77' lang='grc' dir='ltr'><em>ἀμφ’</em></span> <span class='ocrx_word' id='word_1_91' title='bbox 529 862 657 906; x_wconf 75' lang='grc' dir='ltr'><em>αὐτὸν</em></span> <span class='ocrx_word' id='word_1_92' title='bbox 670 896 683 915; x_wconf 90' lang='grc'><em>,</em></span> <span class='ocrx_word' id='word_1_93' title='bbox 719 860 1008 918; x_wconf 82' lang='grc' dir='ltr'><em>νεανικώτερον</em></span> <span class='ocrx_word' id='word_1_94' title='bbox 1037 859 1194 920; x_wconf 83' lang='grc' dir='ltr'><em>τρόπον</em></span> <span class='ocrx_word' id='word_1_95' title='bbox 1215 865 1377 915; x_wconf 82' lang='grc' dir='ltr'><em>μᾶλλον</em></span> <span class='ocrx_word' id='word_1_96' title='bbox 1400 860 1426 918; x_wconf 77' lang='grc' dir='ltr'>ἢ</span> <span class='ocrx_word' id='word_1_97' title='bbox 1447 860 1736 918; x_wconf 73' lang='grc' dir='ltr'><em>προμηθέστε-</em></span> <span class='ocrx_word' id='word_1_98' title='bbox 1750 865 1794 901; x_wconf 88' lang='grc'><em>10</em></span> 
     </span>
     <span class='ocr_line' id='line_1_12' title="bbox 261 927 1736 992; baseline -0.003 -15"><span class='ocrx_word' id='word_1_99' title='bbox 261 947 357 992; x_wconf 85' lang='grc' dir='ltr'><em>ρον·</em></span> <span class='ocrx_word' id='word_1_100' title='bbox 393 934 461 975; x_wconf 84' lang='grc' dir='ltr'><em>καὶ</em></span> <span class='ocrx_word' id='word_1_101' title='bbox 493 930 593 988; x_wconf 78' lang='grc' dir='ltr'><em>ὅλην</em></span> <span class='ocrx_word' id='word_1_102' title='bbox 623 932 751 982; x_wconf 77' lang='grc' dir='ltr'><em>εὐθὺς</em></span> <span class='ocrx_word' id='word_1_103' title='bbox 771 929 969 987; x_wconf 76' lang='grc' dir='ltr'><em>ἔκλόνησέ</em></span> <span class='ocrx_word' id='word_1_104' title='bbox 988 948 1031 975; x_wconf 88' lang='grc' dir='ltr'><em>τε</em></span> <span class='ocrx_word' id='word_1_105' title='bbox 1062 932 1129 974; x_wconf 87' lang='grc' dir='ltr'><em>καὶ</em></span> <span class='ocrx_word' id='word_1_106' title='bbox 1161 931 1328 974; x_wconf 69' lang='grc' dir='ltr'><em>διέσεισε</em></span> <span class='ocrx_word' id='word_1_107' title='bbox 1361 930 1438 988; x_wconf 83' lang='grc' dir='ltr'><em>τὴν</em></span> <span class='ocrx_word' id='word_1_108' title='bbox 1469 932 1629 974; x_wconf 75' lang='grc' dir='ltr'><em>ἐκείνων</em></span> <span class='ocrx_word' id='word_1_109' title='bbox 1650 927 1736 988; x_wconf 79' lang='grc' dir='ltr'><em>φά-</em></span> 
     </span>
     <span class='ocr_line' id='line_1_13' title="bbox 246 997 1737 1060; baseline -0.002 -15"><span class='ocrx_word' id='word_1_110' title='bbox 246 1008 411 1060; x_wconf 74' lang='grc' dir='ltr'><em>λαγγα,</em></span> <span class='ocrx_word' id='word_1_111' title='bbox 444 1001 543 1052; x_wconf 73' lang='grc' dir='ltr'><em>τοὺς</em></span> <span class='ocrx_word' id='word_1_112' title='bbox 564 1002 640 1056; x_wconf 74' lang='grc' dir='ltr'><em>μὲν</em></span> <span class='ocrx_word' id='word_1_113' title='bbox 663 1002 770 1044; x_wconf 79' lang='grc' dir='ltr'><em>κατὰ</em></span> <span class='ocrx_word' id='word_1_114' title='bbox 790 1002 981 1057; x_wconf 77' lang='grc' dir='ltr'><em>μέτωπον</em></span> <span class='ocrx_word' id='word_1_115' title='bbox 1006 1001 1279 1051; x_wconf 77' lang='grc' dir='ltr'><em>ἀπαντῶντας</em></span> <span class='ocrx_word' id='word_1_116' title='bbox 1303 1002 1495 1058; x_wconf 87' lang='grc' dir='ltr'><em>γενναίως</em></span> <span class='ocrx_word' id='word_1_117' title='bbox 1522 997 1737 1054; x_wconf 79' lang='grc' dir='ltr'><em>καταβάλ-</em></span> 
     </span>
     <span class='ocr_line' id='line_1_14' title="bbox 259 1070 1737 1129; baseline -0.003 -13"><span class='ocrx_word' id='word_1_118' title='bbox 259 1076 343 1116; x_wconf 86' lang='grc' dir='ltr'><em>λων</em></span> <span class='ocrx_word' id='word_1_119' title='bbox 363 1089 406 1115; x_wconf 88' lang='grc' dir='ltr'><em>τε</em></span> <span class='ocrx_word' id='word_1_120' title='bbox 427 1073 494 1114; x_wconf 86' lang='grc' dir='ltr'><em>καὶ</em></span> <span class='ocrx_word' id='word_1_121' title='bbox 512 1076 754 1127; x_wconf 87' lang='grc' dir='ltr'><em>συμπατῶν·</em></span> <span class='ocrx_word' id='word_1_122' title='bbox 783 1071 882 1122; x_wconf 74' lang='grc' dir='ltr'><em>τοὺς</em></span> <span class='ocrx_word' id='word_1_123' title='bbox 901 1073 927 1114; x_wconf 90' lang='grc' dir='ltr'><em>δ</em></span> <span class='ocrx_word' id='word_1_124' title='bbox 932 1071 944 1087; x_wconf 76' lang='lat'>²</span> <span class='ocrx_word' id='word_1_125' title='bbox 968 1070 1121 1122; x_wconf 74' lang='grc' dir='ltr'><em>’ἄλλους</em></span> <span class='ocrx_word' id='word_1_126' title='bbox 1138 1070 1242 1128; x_wconf 84' lang='grc' dir='ltr'><em>πρὸς</em></span> <span class='ocrx_word' id='word_1_127' title='bbox 1261 1070 1468 1129; x_wconf 76' lang='grc' dir='ltr'><em>ἄνανδρον</em></span> <span class='ocrx_word' id='word_1_128' title='bbox 1485 1070 1737 1113; x_wconf 83' lang='grc' dir='ltr'><em>κατακλείων</em></span> 
     </span>
     <span class='ocr_line' id='line_1_15' title="bbox 259 1137 1737 1200; baseline -0.002 -15"><span class='ocrx_word' id='word_1_129' title='bbox 259 1141 508 1198; x_wconf 81' lang='grc' dir='ltr'><em>ἀμηχανίαν·</em></span> <span class='ocrx_word' id='word_1_130' title='bbox 536 1139 591 1192; x_wconf 81' lang='grc' dir='ltr'><em>ὥς</em></span> <span class='ocrx_word' id='word_1_131' title='bbox 612 1142 803 1185; x_wconf 72' lang='grc' dir='ltr'><em>ἐντεῦθεν</em></span> <span class='ocrx_word' id='word_1_132' title='bbox 821 1141 1171 1200; x_wconf 75' lang='grc' dir='ltr'><em>ἀναῤῥωσθέντας</em></span> <span class='ocrx_word' id='word_1_133' title='bbox 1184 1139 1413 1196; x_wconf 87' lang='grc' dir='ltr'><em>Ῥωμαίους</em></span> <span class='ocrx_word' id='word_1_134' title='bbox 1431 1137 1737 1197; x_wconf 82' lang='grc' dir='ltr'><em>εὗτολμώτερον</em></span> 
     </span>
     <span class='ocr_line' id='line_1_16' title="bbox 262 1207 1794 1270; baseline -0.003 -16"><span class='ocrx_word' id='word_1_135' title='bbox 262 1211 303 1262; x_wconf 72' lang='grc' dir='ltr'><em>ἒς</em></span> <span class='ocrx_word' id='word_1_136' title='bbox 323 1211 422 1262; x_wconf 72' lang='grc' dir='ltr'><em>’τοὺς</em></span> <span class='ocrx_word' id='word_1_137' title='bbox 444 1209 655 1262; x_wconf 79' lang='grc' dir='ltr'><em>κινδύνους</em></span> <span class='ocrx_word' id='word_1_138' title='bbox 675 1211 775 1262; x_wconf 76' lang='grc' dir='ltr'><em>τέως</em></span> <span class='ocrx_word' id='word_1_139' title='bbox 791 1210 1156 1270; x_wconf 71' lang='grc' dir='ltr'><em>παραβάλλεσθαι,</em></span> <span class='ocrx_word' id='word_1_140' title='bbox 1177 1212 1246 1254; x_wconf 85' lang='grc' dir='ltr'><em>καὶ</em></span> <span class='ocrx_word' id='word_1_141' title='bbox 1264 1210 1364 1262; x_wconf 75' lang='grc' dir='ltr'><em>τοὺς</em></span> <span class='ocrx_word' id='word_1_142' title='bbox 1383 1209 1489 1254; x_wconf 77' lang='grc' dir='ltr'><em>κατὰ</em></span> <span class='ocrx_word' id='word_1_143' title='bbox 1510 1207 1735 1268; x_wconf 80' lang='grc' dir='ltr'><em>πρόσωπον</em></span> <span class='ocrx_word' id='word_1_144' title='bbox 1750 1215 1794 1250; x_wconf 88' lang='grc'><em>15</em></span> 
     </span>
     <span class='ocr_line' id='line_1_17' title="bbox 128 1277 1738 1340; baseline 0 -19"><span class='ocrx_word' id='word_1_145' title='bbox 128 1285 174 1322; x_wconf 87' lang='lat' dir='ltr'><em>V.</em></span> <span class='ocrx_word' id='word_1_146' title='bbox 185 1283 253 1322; x_wconf 77' lang='lat'><em>427</em></span> <span class='ocrx_word' id='word_1_147' title='bbox 264 1279 450 1332; x_wconf 78' lang='grc' dir='ltr'><em>ἅπαντας</em></span> <span class='ocrx_word' id='word_1_148' title='bbox 472 1282 726 1325; x_wconf 81' lang='grc' dir='ltr'><em>διωθεῖσθαί</em></span> <span class='ocrx_word' id='word_1_149' title='bbox 744 1299 787 1324; x_wconf 86' lang='grc' dir='ltr'><em>τε</em></span> <span class='ocrx_word' id='word_1_150' title='bbox 806 1284 874 1325; x_wconf 83' lang='grc' dir='ltr'><em>καὶ</em></span> <span class='ocrx_word' id='word_1_151' title='bbox 895 1279 1079 1340; x_wconf 82' lang='grc' dir='ltr'><em>φονεύειν</em></span> <span class='ocrx_word' id='word_1_152' title='bbox 1097 1278 1323 1339; x_wconf 78' lang='grc' dir='ltr'><em>εὐρώστως.</em></span> <span class='ocrx_word' id='word_1_153' title='bbox 1349 1279 1458 1324; x_wconf 74' lang='grc' dir='ltr'><em>ἀλλὰ</em></span> <span class='ocrx_word' id='word_1_154' title='bbox 1475 1277 1653 1329; x_wconf 81' lang='grc' dir='ltr'><em>πολλούς</em></span> <span class='ocrx_word' id='word_1_155' title='bbox 1674 1295 1738 1322; x_wconf 89' lang='grc' dir='ltr'><em>τι-</em></span> 
     </span>
     <span class='ocr_line' id='line_1_18' title="bbox 218 1348 1738 1409; baseline 0 -18"><span class='ocrx_word' id='word_1_156' title='bbox 218 1355 337 1402; x_wconf 80' lang='grc' dir='ltr'><em>Βνας</em></span> <span class='ocrx_word' id='word_1_157' title='bbox 355 1352 423 1393; x_wconf 84' lang='grc' dir='ltr'><em>καὶ</em></span> <span class='ocrx_word' id='word_1_158' title='bbox 448 1358 625 1406; x_wconf 77' lang='grc' dir='ltr'><em>συνεχεῖς</em></span> <span class='ocrx_word' id='word_1_159' title='bbox 657 1349 922 1403; x_wconf 79' lang='grc' dir='ltr'><em>διεξελαύνων</em></span> <span class='ocrx_word' id='word_1_160' title='bbox 943 1353 986 1395; x_wconf 75' lang='grc' dir='ltr'><em>ἐν</em></span> <span class='ocrx_word' id='word_1_161' title='bbox 1017 1355 1069 1409; x_wconf 78' lang='grc' dir='ltr'><em>τῇ</em></span> <span class='ocrx_word' id='word_1_162' title='bbox 1093 1349 1208 1409; x_wconf 83' lang='grc' dir='ltr'><em>μάχῃ</em></span> <span class='ocrx_word' id='word_1_163' title='bbox 1231 1350 1330 1401; x_wconf 78' lang='grc' dir='ltr'><em>τοὺς</em></span> <span class='ocrx_word' id='word_1_164' title='bbox 1350 1348 1534 1409; x_wconf 84' lang='grc' dir='ltr'><em>δρόμους</em></span> <span class='ocrx_word' id='word_1_165' title='bbox 1564 1348 1584 1393; x_wconf 81' lang='grc' dir='ltr'>ὅ</span> <span class='ocrx_word' id='word_1_166' title='bbox 1607 1365 1738 1406; x_wconf 90' lang='grc' dir='ltr'><em>στρα-</em></span> 
     </span>
     <span class='ocr_line' id='line_1_19' title="bbox 259 1417 1738 1478; baseline -0.003 -14"><span class='ocrx_word' id='word_1_167' title='bbox 259 1421 385 1478; x_wconf 82' lang='grc' dir='ltr'><em>τηγὸς</em></span> <span class='ocrx_word' id='word_1_168' title='bbox 405 1423 639 1472; x_wconf 82' lang='grc' dir='ltr'><em>Ματθαῖος</em></span> <span class='ocrx_word' id='word_1_169' title='bbox 650 1455 663 1475; x_wconf 88' lang='grc'><em>,</em></span> <span class='ocrx_word' id='word_1_170' title='bbox 698 1423 765 1464; x_wconf 86' lang='grc' dir='ltr'><em>καὶ</em></span> <span class='ocrx_word' id='word_1_171' title='bbox 788 1426 958 1465; x_wconf 83' lang='grc' dir='ltr'><em>πλεῖστα</em></span> <span class='ocrx_word' id='word_1_172' title='bbox 976 1426 1061 1466; x_wconf 82' lang='grc' dir='ltr'><em>τῶν</em></span> <span class='ocrx_word' id='word_1_173' title='bbox 1079 1419 1312 1465; x_wconf 90' lang='grc' dir='ltr'><em>πιπτόντων</em></span> <span class='ocrx_word' id='word_1_174' title='bbox 1332 1421 1537 1476; x_wconf 86' lang='grc' dir='ltr'><em>πολεμίων</em></span> <span class='ocrx_word' id='word_1_175' title='bbox 1561 1417 1738 1474; x_wconf 81' lang='grc' dir='ltr'><em>σώματα</em></span> 
     </span>
     <span class='ocr_line' id='line_1_20' title="bbox 262 1487 1737 1548; baseline -0.002 -13"><span class='ocrx_word' id='word_1_176' title='bbox 262 1494 512 1546; x_wconf 85' lang='grc' dir='ltr'><em>συμπατῶν,</em></span> <span class='ocrx_word' id='word_1_177' title='bbox 550 1489 676 1534; x_wconf 70' lang='grc' dir='ltr'><em>ἔλαθε</em></span> <span class='ocrx_word' id='word_1_178' title='bbox 699 1495 774 1534; x_wconf 81' lang='grc' dir='ltr'><em>τοῦ</em></span> <span class='ocrx_word' id='word_1_179' title='bbox 804 1493 933 1536; x_wconf 72' lang='grc' dir='ltr'><em>ἵππου</em></span> <span class='ocrx_word' id='word_1_180' title='bbox 962 1489 1160 1543; x_wconf 84' lang='grc' dir='ltr'><em>πεσόντος</em></span> <span class='ocrx_word' id='word_1_181' title='bbox 1191 1492 1234 1541; x_wconf 76' lang='grc' dir='ltr'><em>ἒς</em></span> <span class='ocrx_word' id='word_1_182' title='bbox 1263 1494 1339 1548; x_wconf 81' lang='grc' dir='ltr'><em>γῆν</em></span> <span class='ocrx_word' id='word_1_183' title='bbox 1365 1491 1540 1548; x_wconf 75' lang='grc' dir='ltr'><em>ἐκριφεὶς</em></span> <span class='ocrx_word' id='word_1_184' title='bbox 1563 1490 1631 1532; x_wconf 81' lang='grc' dir='ltr'><em>καὶ</em></span> <span class='ocrx_word' id='word_1_185' title='bbox 1655 1487 1737 1532; x_wconf 84' lang='grc' dir='ltr'><em>ἀπὸ</em></span> 
     </span>
     <span class='ocr_line' id='line_1_21' title="bbox 260 1557 1794 1619; baseline -0.003 -16"><span class='ocrx_word' id='word_1_186' title='bbox 260 1563 336 1617; x_wconf 80' lang='grc' dir='ltr'><em>γῆς</em></span> <span class='ocrx_word' id='word_1_187' title='bbox 353 1557 586 1616; x_wconf 84' lang='grc' dir='ltr'><em>μαχόμενος</em></span> <span class='ocrx_word' id='word_1_188' title='bbox 603 1567 690 1612; x_wconf 79' lang='grc' dir='ltr'><em>τοῖς</em></span> <span class='ocrx_word' id='word_1_189' title='bbox 711 1562 906 1607; x_wconf 74' lang='grc' dir='ltr'><em>ἐπιοῦσιν.</em></span> <span class='ocrx_word' id='word_1_190' title='bbox 944 1561 1050 1606; x_wconf 67' lang='grc' dir='ltr'><em>ἔνθα</em></span> <span class='ocrx_word' id='word_1_191' title='bbox 1070 1562 1122 1619; x_wconf 87' lang='grc' dir='ltr'><em>δὴ</em></span> <span class='ocrx_word' id='word_1_192' title='bbox 1146 1560 1276 1611; x_wconf 68' lang='grc' dir='ltr'><em>πολὺς</em></span> <span class='ocrx_word' id='word_1_193' title='bbox 1299 1558 1320 1603; x_wconf 81' lang='grc' dir='ltr'><em>ὃ</em></span> <span class='ocrx_word' id='word_1_194' title='bbox 1347 1559 1456 1617; x_wconf 78' lang='grc' dir='ltr'><em>ἀγὼν</em></span> <span class='ocrx_word' id='word_1_195' title='bbox 1478 1557 1736 1619; x_wconf 70' lang='grc' dir='ltr'><em>ἑκατέρωθεν</em></span> <span class='ocrx_word' id='word_1_196' title='bbox 1748 1564 1794 1600; x_wconf 75' lang='grc'><em>20</em></span> 
     </span>
     <span class='ocr_line' id='line_1_22' title="bbox 261 1625 1739 1688; baseline -0.001 -16"><span class='ocrx_word' id='word_1_197' title='bbox 261 1630 451 1686; x_wconf 74' lang='grc' dir='ltr'><em>συνέστη,</em></span> <span class='ocrx_word' id='word_1_198' title='bbox 480 1634 564 1673; x_wconf 84' lang='grc' dir='ltr'><em>τῶν</em></span> <span class='ocrx_word' id='word_1_199' title='bbox 584 1631 659 1685; x_wconf 80' lang='grc' dir='ltr'><em>μὲν</em></span> <span class='ocrx_word' id='word_1_200' title='bbox 677 1633 882 1687; x_wconf 86' lang='grc' dir='ltr'><em>πολεμίων</em></span> <span class='ocrx_word' id='word_1_201' title='bbox 905 1632 1152 1676; x_wconf 82' lang='grc' dir='ltr'><em>ἀποκτείνειν</em></span> <span class='ocrx_word' id='word_1_202' title='bbox 1170 1630 1447 1688; x_wconf 75' lang='grc' dir='ltr'><em>ἐπειγομένων,</em></span> <span class='ocrx_word' id='word_1_203' title='bbox 1473 1633 1557 1673; x_wconf 83' lang='grc' dir='ltr'><em>τῶν</em></span> <span class='ocrx_word' id='word_1_204' title='bbox 1578 1630 1622 1672; x_wconf 79' lang='grc' dir='ltr'><em>δὲ</em></span> <span class='ocrx_word' id='word_1_205' title='bbox 1635 1625 1739 1671; x_wconf 84' lang='grc' dir='ltr'><em>Ῥω-</em></span> 
     </span>
     <span class='ocr_line' id='line_1_23' title="bbox 261 1697 1738 1759; baseline -0.002 -17"><span class='ocrx_word' id='word_1_206' title='bbox 261 1700 398 1755; x_wconf 82' lang='grc' dir='ltr'><em>μαίων</em></span> <span class='ocrx_word' id='word_1_207' title='bbox 423 1700 702 1756; x_wconf 73' lang='grc' dir='ltr'><em>ἀντεχομένων</em></span> <span class='ocrx_word' id='word_1_208' title='bbox 729 1700 846 1757; x_wconf 79' lang='grc' dir='ltr'><em>μάλα</em></span> <span class='ocrx_word' id='word_1_209' title='bbox 888 1703 1081 1759; x_wconf 77' lang='grc' dir='ltr'><em>γενναίως</em></span> <span class='ocrx_word' id='word_1_210' title='bbox 1111 1703 1178 1745; x_wconf 87' lang='grc' dir='ltr'><em>καὶ</em></span> <span class='ocrx_word' id='word_1_211' title='bbox 1208 1701 1283 1752; x_wconf 81' lang='grc' dir='ltr'><em>τὰς</em></span> <span class='ocrx_word' id='word_1_212' title='bbox 1320 1699 1480 1743; x_wconf 70' lang='grc' dir='ltr'><em>ἑαυτῶν</em></span> <span class='ocrx_word' id='word_1_213' title='bbox 1514 1697 1616 1756; x_wconf 72' lang='grc' dir='ltr'><em>ὑπὲρ</em></span> <span class='ocrx_word' id='word_1_214' title='bbox 1662 1700 1738 1740; x_wconf 82' lang='grc' dir='ltr'><em>τοῦ</em></span> 
     </span>
     <span class='ocr_line' id='line_1_24' title="bbox 264 1768 1738 1828; baseline -0.002 -16"><span class='ocrx_word' id='word_1_215' title='bbox 264 1771 498 1826; x_wconf 79' lang='grc' dir='ltr'><em>στρατηγοῦ</em></span> <span class='ocrx_word' id='word_1_216' title='bbox 523 1769 806 1828; x_wconf 87' lang='grc' dir='ltr'><em>προδιδόντων</em></span> <span class='ocrx_word' id='word_1_217' title='bbox 837 1770 1002 1827; x_wconf 80' lang='grc' dir='ltr'><em>ψυχάς·</em></span> <span class='ocrx_word' id='word_1_218' title='bbox 1040 1773 1114 1822; x_wconf 68' lang='grc' dir='ltr'><em>ἕως</em></span> <span class='ocrx_word' id='word_1_219' title='bbox 1140 1773 1268 1815; x_wconf 71' lang='grc' dir='ltr'><em>ῗππου</em></span> <span class='ocrx_word' id='word_1_220' title='bbox 1301 1769 1623 1828; x_wconf 78' lang='grc' dir='ltr'><em>παρενεχθέντος</em></span> <span class='ocrx_word' id='word_1_221' title='bbox 1650 1768 1738 1809; x_wconf 76' lang='grc' dir='ltr'><em>ἔπι-</em></span> 
     </span>
     <span class='ocr_line' id='line_1_25' title="bbox 221 1837 1737 1897; baseline -0.002 -16"><span class='ocrx_word' id='word_1_222' title='bbox 221 1843 256 1878; x_wconf 85' lang='grc' dir='ltr'>Ε</span> <span class='ocrx_word' id='word_1_223' title='bbox 264 1838 346 1894; x_wconf 81' lang='grc' dir='ltr'><em>βὰς</em></span> <span class='ocrx_word' id='word_1_224' title='bbox 374 1839 481 1881; x_wconf 82' lang='grc' dir='ltr'><em>κατὰ</em></span> <span class='ocrx_word' id='word_1_225' title='bbox 517 1838 669 1897; x_wconf 79' lang='grc' dir='ltr'><em>κράτος</em></span> <span class='ocrx_word' id='word_1_226' title='bbox 699 1840 852 1896; x_wconf 75' lang='grc' dir='ltr'><em>ἤλαυνε</em></span> <span class='ocrx_word' id='word_1_227' title='bbox 884 1840 1046 1885; x_wconf 83' lang='grc' dir='ltr'><em>κόπτων</em></span> <span class='ocrx_word' id='word_1_228' title='bbox 1069 1842 1167 1893; x_wconf 76' lang='grc' dir='ltr'><em>τοὺς</em></span> <span class='ocrx_word' id='word_1_229' title='bbox 1186 1841 1428 1895; x_wconf 90' lang='grc' dir='ltr'><em>πολεμίους·</em></span> <span class='ocrx_word' id='word_1_230' title='bbox 1466 1837 1522 1889; x_wconf 81' lang='grc' dir='ltr'><em>ὥς</em></span> <span class='ocrx_word' id='word_1_231' title='bbox 1540 1838 1647 1893; x_wconf 81' lang='grc' dir='ltr'><em>μηδὲ</em></span> <span class='ocrx_word' id='word_1_232' title='bbox 1670 1841 1737 1879; x_wconf 89' lang='grc' dir='ltr'><em>λε-</em></span> 
     </span>
     <span class='ocr_line' id='line_1_26' title="bbox 265 1906 1794 1972; baseline -0.002 -21"><span class='ocrx_word' id='word_1_233' title='bbox 265 1911 459 1966; x_wconf 78' lang='grc' dir='ltr'><em>λεῖφθαι,</em></span> <span class='ocrx_word' id='word_1_234' title='bbox 495 1906 542 1959; x_wconf 74' lang='grc' dir='ltr'><em>ὃς</em></span> <span class='ocrx_word' id='word_1_235' title='bbox 572 1914 671 1966; x_wconf 79' lang='grc' dir='ltr'><em>γοῦν</em></span> <span class='ocrx_word' id='word_1_236' title='bbox 704 1910 923 1967; x_wconf 81' lang='grc' dir='ltr'><em>ἀπαγγελεῖ</em></span> <span class='ocrx_word' id='word_1_237' title='bbox 945 1915 997 1968; x_wconf 79' lang='grc' dir='ltr'><em>τῇ</em></span> <span class='ocrx_word' id='word_1_238' title='bbox 1018 1911 1136 1972; x_wconf 65' lang='grc' dir='ltr'><em>Ἀσίᾳ</em></span> <span class='ocrx_word' id='word_1_239' title='bbox 1169 1910 1219 1953; x_wconf 86' lang='grc' dir='ltr'><em>τὸ</em></span> <span class='ocrx_word' id='word_1_240' title='bbox 1251 1907 1404 1960; x_wconf 82' lang='grc' dir='ltr'><em>πάθος.</em></span> <span class='ocrx_word' id='word_1_241' title='bbox 1462 1906 1558 1968; x_wconf 86' lang='lat' dir='ltr'><em>(A.)</em></span> <span class='ocrx_word' id='word_1_242' title='bbox 1597 1910 1794 1950; x_wconf 76' lang='grc' dir='ltr'><em>Τοῢτο25</em></span> 
     </span>
     <span class='ocr_line' id='line_1_27' title="bbox 357 1981 1099 2028; baseline 0.005 -10"><span class='ocrx_word' id='word_1_243' title='bbox 357 1981 392 2018; x_wconf 85' lang='grc'><em>4.</em></span> <span class='ocrx_word' id='word_1_244' title='bbox 415 1983 578 2028; x_wconf 81' lang='grc' dir='ltr'><em>τοξοτῶν</em></span> <span class='ocrx_word' id='word_1_245' title='bbox 601 1986 689 2021; x_wconf 88' lang='lat' dir='ltr'>coni.</span> <span class='ocrx_word' id='word_1_246' title='bbox 714 1986 814 2022; x_wconf 87' lang='lat' dir='ltr'>Boiv.</span> <span class='ocrx_word' id='word_1_247' title='bbox 860 1986 952 2021; x_wconf 84' lang='lat' dir='ltr'><strong>Vide</strong></span> <span class='ocrx_word' id='word_1_248' title='bbox 974 1986 1099 2022; x_wconf 88' lang='lat' dir='ltr'>Notas.</span> 
     </span>
    </p>
   </div>
   <div class='ocr_carea' id='block_1_3' title="bbox 259 2040 1741 2934">
    <p class='ocr_par' dir='ltr' id='par_1_3' title="bbox 259 2040 1741 2934">
     <span class='ocr_line' id='line_1_28' title="bbox 264 2040 1739 2090; baseline 0 -15"><span class='ocrx_word' id='word_1_249' title='bbox 264 2040 464 2085; x_wconf 81' lang='lat' dir='ltr'>videbatur,</span> <span class='ocrx_word' id='word_1_250' title='bbox 489 2044 652 2078; x_wconf 84' lang='lat' dir='ltr'>confertis</span> <span class='ocrx_word' id='word_1_251' title='bbox 670 2044 800 2090; x_wconf 83' lang='lat' dir='ltr'>clypeis</span> <span class='ocrx_word' id='word_1_252' title='bbox 819 2056 941 2090; x_wconf 84' lang='lat' dir='ltr'>agmen</span> <span class='ocrx_word' id='word_1_253' title='bbox 965 2045 1127 2090; x_wconf 85' lang='lat' dir='ltr'><strong>aciesque</strong></span> <span class='ocrx_word' id='word_1_254' title='bbox 1145 2055 1286 2079; x_wconf 87' lang='lat' dir='ltr'>accessu</span> <span class='ocrx_word' id='word_1_255' title='bbox 1304 2043 1516 2086; x_wconf 82' lang='lat' dir='ltr'>difficillima,</span> <span class='ocrx_word' id='word_1_256' title='bbox 1534 2042 1584 2078; x_wconf 89' lang='lat' dir='ltr'><em>ita</em></span> <span class='ocrx_word' id='word_1_257' title='bbox 1600 2044 1640 2077; x_wconf 90' lang='lat' dir='ltr'><em>ut</em></span> <span class='ocrx_word' id='word_1_258' title='bbox 1665 2040 1739 2088; x_wconf 89' lang='lat' dir='ltr'>pri-</span> 
     </span>
     <span class='ocr_line' id='line_1_29' title="bbox 266 2088 1738 2138; baseline 0 -16"><span class='ocrx_word' id='word_1_259' title='bbox 266 2099 320 2123; x_wconf 88' lang='lat' dir='ltr'>mo</span> <span class='ocrx_word' id='word_1_260' title='bbox 338 2088 466 2134; x_wconf 87' lang='lat' dir='ltr'>impetu</span> <span class='ocrx_word' id='word_1_261' title='bbox 486 2091 678 2135; x_wconf 85' lang='lat' dir='ltr'>pedestrem</span> <span class='ocrx_word' id='word_1_262' title='bbox 694 2091 919 2126; x_wconf 87' lang='lat' dir='ltr'>Romanorum</span> <span class='ocrx_word' id='word_1_263' title='bbox 939 2091 1142 2138; x_wconf 83' lang='lat' dir='ltr'>phalangem</span> <span class='ocrx_word' id='word_1_264' title='bbox 1160 2091 1402 2137; x_wconf 83' lang='lat' dir='ltr'>perruperint3</span> <span class='ocrx_word' id='word_1_265' title='bbox 1426 2102 1502 2125; x_wconf 86' lang='lat' dir='ltr'><em>cum</em></span> <span class='ocrx_word' id='word_1_266' title='bbox 1522 2094 1558 2124; x_wconf 88' lang='lat' dir='ltr'><em>et</em></span> <span class='ocrx_word' id='word_1_267' title='bbox 1575 2089 1738 2124; x_wconf 81' lang='lat' dir='ltr'>sinistrae</span> 
     </span>
     <span class='ocr_line' id='line_1_30' title="bbox 267 2134 1736 2184; baseline 0.001 -15"><span class='ocrx_word' id='word_1_268' title='bbox 267 2134 344 2170; x_wconf 82' lang='lat' dir='ltr'>alae</span> <span class='ocrx_word' id='word_1_269' title='bbox 355 2135 504 2180; x_wconf 83' lang='lat' dir='ltr'>equites,</span> <span class='ocrx_word' id='word_1_270' title='bbox 523 2137 604 2179; x_wconf 85' lang='lat' dir='ltr'>illis,</span> <span class='ocrx_word' id='word_1_271' title='bbox 623 2149 708 2182; x_wconf 87' lang='lat' dir='ltr'>quos</span> <span class='ocrx_word' id='word_1_272' title='bbox 727 2138 812 2181; x_wconf 84' lang='lat' dir='ltr'>dixi,</span> <span class='ocrx_word' id='word_1_273' title='bbox 832 2137 1004 2184; x_wconf 86' lang='lat' dir='ltr'>expeditis</span> <span class='ocrx_word' id='word_1_274' title='bbox 1023 2138 1215 2184; x_wconf 85' lang='lat' dir='ltr'>sagittariis</span> <span class='ocrx_word' id='word_1_275' title='bbox 1226 2139 1356 2173; x_wconf 84' lang='lat' dir='ltr'>eminus</span> <span class='ocrx_word' id='word_1_276' title='bbox 1367 2137 1612 2184; x_wconf 79' lang='lat' dir='ltr'>prementibus,</span> <span class='ocrx_word' id='word_1_277' title='bbox 1626 2135 1736 2170; x_wconf 83' lang='lat' dir='ltr'>animo</span> 
     </span>
     <span class='ocr_line' id='line_1_31' title="bbox 267 2182 1737 2229; baseline -0.001 -13"><span class='ocrx_word' id='word_1_278' title='bbox 267 2182 565 2229; x_wconf 73' lang='lat' dir='ltr'>perturbarentur.</span> <span class='ocrx_word' id='word_1_279' title='bbox 611 2184 813 2219; x_wconf 84' lang='lat' dir='ltr'>Matthaeus</span> <span class='ocrx_word' id='word_1_280' title='bbox 839 2196 922 2219; x_wconf 85' lang='lat' dir='ltr'>vero</span> <span class='ocrx_word' id='word_1_281' title='bbox 946 2185 1015 2219; x_wconf 87' lang='lat' dir='ltr'><em>dux</em></span> <span class='ocrx_word' id='word_1_282' title='bbox 1037 2186 1279 2221; x_wconf 88' lang='lat' dir='ltr'>circumeundo</span> <span class='ocrx_word' id='word_1_283' title='bbox 1304 2196 1441 2219; x_wconf 88' lang='lat' dir='ltr'>suorum</span> <span class='ocrx_word' id='word_1_284' title='bbox 1469 2184 1599 2219; x_wconf 83' lang='lat' dir='ltr'>animos</span> <span class='ocrx_word' id='word_1_285' title='bbox 1631 2182 1737 2217; x_wconf 86' lang='lat' dir='ltr'>dictis</span> 
     </span>
     <span class='ocr_line' id='line_1_32' title="bbox 268 2229 1738 2278; baseline 0 -16"><span class='ocrx_word' id='word_1_286' title='bbox 268 2229 419 2274; x_wconf 79' lang='lat' dir='ltr'>augebat</span> <span class='ocrx_word' id='word_1_287' title='bbox 440 2233 476 2263; x_wconf 88' lang='lat' dir='ltr'><em>et</em></span> <span class='ocrx_word' id='word_1_288' title='bbox 496 2229 735 2273; x_wconf 86' lang='lat' dir='ltr'>confirmabat,</span> <span class='ocrx_word' id='word_1_289' title='bbox 760 2242 801 2265; x_wconf 84' lang='lat' dir='ltr'>ac</span> <span class='ocrx_word' id='word_1_290' title='bbox 819 2231 863 2265; x_wconf 85' lang='lat' dir='ltr'><em>iis</em></span> <span class='ocrx_word' id='word_1_291' title='bbox 888 2232 1065 2277; x_wconf 77' lang='lat' dir='ltr'>partibus,</span> <span class='ocrx_word' id='word_1_292' title='bbox 1090 2244 1178 2278; x_wconf 88' lang='lat' dir='ltr'>quae</span> <span class='ocrx_word' id='word_1_293' title='bbox 1202 2231 1344 2267; x_wconf 84' lang='lat' dir='ltr'>maxime</span> <span class='ocrx_word' id='word_1_294' title='bbox 1367 2232 1591 2272; x_wconf 84' lang='lat' dir='ltr'>laborabant,</span> <span class='ocrx_word' id='word_1_295' title='bbox 1615 2229 1738 2264; x_wconf 84' lang='lat' dir='ltr'>aderat</span> 
     </span>
     <span class='ocr_line' id='line_1_33' title="bbox 268 2275 1737 2323; baseline -0.001 -13"><span class='ocrx_word' id='word_1_296' title='bbox 268 2286 379 2322; x_wconf 84' lang='lat' dir='ltr'>usque</span> <span class='ocrx_word' id='word_1_297' title='bbox 403 2275 570 2310; x_wconf 87' lang='lat' dir='ltr'>subsidio.</span> <span class='ocrx_word' id='word_1_298' title='bbox 618 2277 742 2312; x_wconf 85' lang='lat' dir='ltr'>Maiori</span> <span class='ocrx_word' id='word_1_299' title='bbox 765 2278 890 2313; x_wconf 88' lang='lat' dir='ltr'>deinde</span> <span class='ocrx_word' id='word_1_300' title='bbox 914 2279 1040 2313; x_wconf 90' lang='lat' dir='ltr'>auxilio</span> <span class='ocrx_word' id='word_1_301' title='bbox 1065 2279 1252 2314; x_wconf 87' lang='lat' dir='ltr'>exercitum</span> <span class='ocrx_word' id='word_1_302' title='bbox 1274 2278 1434 2323; x_wconf 87' lang='lat' dir='ltr'>indigere</span> <span class='ocrx_word' id='word_1_303' title='bbox 1464 2276 1737 2312; x_wconf 85' lang='lat' dir='ltr'>animadvertens</span> 
     </span>
     <span class='ocr_line' id='line_1_34' title="bbox 267 2321 1737 2372; baseline 0.001 -17"><span class='ocrx_word' id='word_1_304' title='bbox 267 2321 510 2367; x_wconf 77' lang='lat' dir='ltr'>proiectiorem</span> <span class='ocrx_word' id='word_1_305' title='bbox 531 2323 705 2358; x_wconf 81' lang='lat' dir='ltr'>audaciam</span> <span class='ocrx_word' id='word_1_306' title='bbox 724 2324 850 2367; x_wconf 83' lang='lat' dir='ltr'>induit,</span> <span class='ocrx_word' id='word_1_307' title='bbox 876 2328 911 2359; x_wconf 92' lang='lat' dir='ltr'><em>et</em></span> <span class='ocrx_word' id='word_1_308' title='bbox 930 2337 989 2360; x_wconf 88' lang='lat' dir='ltr'><em>suo</em></span> <span class='ocrx_word' id='word_1_309' title='bbox 1010 2337 1084 2360; x_wconf 90' lang='lat' dir='ltr'><em>cum</em></span> <span class='ocrx_word' id='word_1_310' title='bbox 1103 2326 1207 2372; x_wconf 85' lang='lat' dir='ltr'>globo</span> <span class='ocrx_word' id='word_1_311' title='bbox 1227 2325 1264 2360; x_wconf 92' lang='lat' dir='ltr'><em>in</em></span> <span class='ocrx_word' id='word_1_312' title='bbox 1283 2325 1414 2360; x_wconf 87' lang='lat' dir='ltr'>medios</span> <span class='ocrx_word' id='word_1_313' title='bbox 1430 2325 1547 2359; x_wconf 83' lang='lat' dir='ltr'>hostes</span> <span class='ocrx_word' id='word_1_314' title='bbox 1567 2322 1737 2368; x_wconf 80' lang='lat' dir='ltr'>irrumpit,</span> 
     </span>
     <span class='ocr_line' id='line_1_35' title="bbox 268 2368 1738 2418; baseline -0.001 -14"><span class='ocrx_word' id='word_1_315' title='bbox 268 2368 453 2404; x_wconf 81' lang='lat' dir='ltr'>iuvenilius</span> <span class='ocrx_word' id='word_1_316' title='bbox 474 2373 570 2404; x_wconf 84' lang='lat' dir='ltr'>certe</span> <span class='ocrx_word' id='word_1_317' title='bbox 589 2369 647 2405; x_wconf 90' lang='lat' dir='ltr'>ille</span> <span class='ocrx_word' id='word_1_318' title='bbox 671 2382 772 2416; x_wconf 86' lang='lat' dir='ltr'>quam</span> <span class='ocrx_word' id='word_1_319' title='bbox 799 2372 941 2406; x_wconf 84' lang='lat' dir='ltr'>cautius.</span> <span class='ocrx_word' id='word_1_320' title='bbox 986 2373 1040 2407; x_wconf 83' lang='lat' dir='ltr'><em>Ita</em></span> <span class='ocrx_word' id='word_1_321' title='bbox 1064 2373 1180 2409; x_wconf 83' lang='lat' dir='ltr'>statim</span> <span class='ocrx_word' id='word_1_322' title='bbox 1207 2372 1391 2418; x_wconf 82' lang='lat' dir='ltr'>proturbat</span> <span class='ocrx_word' id='word_1_323' title='bbox 1416 2376 1453 2406; x_wconf 88' lang='lat' dir='ltr'><em>et</em></span> <span class='ocrx_word' id='word_1_324' title='bbox 1478 2370 1609 2404; x_wconf 84' lang='lat' dir='ltr'>disiicit</span> <span class='ocrx_word' id='word_1_325' title='bbox 1630 2375 1738 2404; x_wconf 86' lang='lat' dir='ltr'>totam</span> 
     </span>
     <span class='ocr_line' id='line_1_36' title="bbox 268 2414 1738 2464; baseline 0 -14"><span class='ocrx_word' id='word_1_326' title='bbox 268 2414 399 2458; x_wconf 80' lang='lat' dir='ltr'>aciem,</span> <span class='ocrx_word' id='word_1_327' title='bbox 422 2415 467 2449; x_wconf 85' lang='lat' dir='ltr'><em>iis</em></span> <span class='ocrx_word' id='word_1_328' title='bbox 488 2415 548 2461; x_wconf 90' lang='lat' dir='ltr'><em>qui</em></span> <span class='ocrx_word' id='word_1_329' title='bbox 570 2416 683 2451; x_wconf 83' lang='lat' dir='ltr'>fronte</span> <span class='ocrx_word' id='word_1_330' title='bbox 710 2418 856 2453; x_wconf 86' lang='lat' dir='ltr'>adversa</span> <span class='ocrx_word' id='word_1_331' title='bbox 884 2419 1102 2456; x_wconf 86' lang='lat' dir='ltr'>incurrerent</span> <span class='ocrx_word' id='word_1_332' title='bbox 1126 2419 1273 2455; x_wconf 85' lang='lat' dir='ltr'>viriliter</span> <span class='ocrx_word' id='word_1_333' title='bbox 1299 2416 1484 2464; x_wconf 82' lang='lat' dir='ltr'>prostratis</span> <span class='ocrx_word' id='word_1_334' title='bbox 1507 2416 1738 2461; x_wconf 83' lang='lat' dir='ltr'>obtritisque3</span> 
     </span>
     <span class='ocr_line' id='line_1_37' title="bbox 267 2461 1738 2512; baseline -0.001 -15"><span class='ocrx_word' id='word_1_335' title='bbox 267 2461 347 2497; x_wconf 80' lang='lat' dir='ltr'>aliis</span> <span class='ocrx_word' id='word_1_336' title='bbox 372 2466 485 2497; x_wconf 80' lang='lat' dir='ltr'>autem</span> <span class='ocrx_word' id='word_1_337' title='bbox 515 2462 643 2498; x_wconf 88' lang='lat' dir='ltr'>imbelli</span> <span class='ocrx_word' id='word_1_338' title='bbox 667 2467 810 2510; x_wconf 82' lang='lat' dir='ltr'>stupore</span> <span class='ocrx_word' id='word_1_339' title='bbox 838 2466 1023 2512; x_wconf 76' lang='lat' dir='ltr'>oppressis.</span> <span class='ocrx_word' id='word_1_340' title='bbox 1070 2466 1126 2502; x_wconf 87' lang='lat' dir='ltr'>Ea</span> <span class='ocrx_word' id='word_1_341' title='bbox 1148 2477 1187 2501; x_wconf 87' lang='lat' dir='ltr'><em>re</em></span> <span class='ocrx_word' id='word_1_342' title='bbox 1210 2465 1356 2500; x_wconf 86' lang='lat' dir='ltr'>Romani</span> <span class='ocrx_word' id='word_1_343' title='bbox 1390 2463 1582 2500; x_wconf 86' lang='lat' dir='ltr'>confirmati</span> <span class='ocrx_word' id='word_1_344' title='bbox 1604 2463 1738 2498; x_wconf 86' lang='lat' dir='ltr'>acriore</span> 
     </span>
     <span class='ocr_line' id='line_1_38' title="bbox 266 2507 1740 2559; baseline -0.001 -15"><span class='ocrx_word' id='word_1_345' title='bbox 266 2507 336 2544; x_wconf 82' lang='lat' dir='ltr'><em>iam</em></span> <span class='ocrx_word' id='word_1_346' title='bbox 355 2509 466 2543; x_wconf 86' lang='lat' dir='ltr'>animo</span> <span class='ocrx_word' id='word_1_347' title='bbox 488 2509 649 2555; x_wconf 86' lang='lat' dir='ltr'>periculis</span> <span class='ocrx_word' id='word_1_348' title='bbox 669 2523 747 2545; x_wconf 87' lang='lat' dir='ltr'>sese</span> <span class='ocrx_word' id='word_1_349' title='bbox 764 2512 935 2556; x_wconf 83' lang='lat' dir='ltr'>offerunt,</span> <span class='ocrx_word' id='word_1_350' title='bbox 961 2518 998 2548; x_wconf 89' lang='lat' dir='ltr'><em>et</em></span> <span class='ocrx_word' id='word_1_351' title='bbox 1014 2513 1134 2549; x_wconf 84' lang='lat' dir='ltr'>obvios</span> <span class='ocrx_word' id='word_1_352' title='bbox 1155 2524 1309 2559; x_wconf 88' lang='lat' dir='ltr'>quosque</span> <span class='ocrx_word' id='word_1_353' title='bbox 1328 2516 1470 2547; x_wconf 84' lang='lat' dir='ltr'>strenue</span> <span class='ocrx_word' id='word_1_354' title='bbox 1488 2510 1687 2545; x_wconf 84' lang='lat' dir='ltr'>disturbant</span> <span class='ocrx_word' id='word_1_355' title='bbox 1703 2512 1740 2543; x_wconf 92' lang='lat' dir='ltr'><em>et</em></span> 
     </span>
     <span class='ocr_line' id='line_1_39' title="bbox 260 2554 1738 2607; baseline 0.001 -18"><span class='ocrx_word' id='word_1_356' title='bbox 260 2554 443 2590; x_wconf 75' lang='lat' dir='ltr'>occidunt.</span> <span class='ocrx_word' id='word_1_357' title='bbox 476 2555 573 2598; x_wconf 77' lang='lat' dir='ltr'>Inter</span> <span class='ocrx_word' id='word_1_358' title='bbox 586 2556 679 2592; x_wconf 84' lang='lat' dir='ltr'>haec</span> <span class='ocrx_word' id='word_1_359' title='bbox 696 2558 908 2602; x_wconf 80' lang='lat' dir='ltr'>Matthaeus,</span> <span class='ocrx_word' id='word_1_360' title='bbox 931 2560 1010 2595; x_wconf 89' lang='lat' dir='ltr'><em>dum</em></span> <span class='ocrx_word' id='word_1_361' title='bbox 1028 2559 1207 2607; x_wconf 87' lang='lat' dir='ltr'>multiplici</span> <span class='ocrx_word' id='word_1_362' title='bbox 1225 2562 1455 2604; x_wconf 79' lang='lat' dir='ltr'>contenteque</span> <span class='ocrx_word' id='word_1_363' title='bbox 1474 2568 1576 2592; x_wconf 85' lang='lat' dir='ltr'>cursu</span> <span class='ocrx_word' id='word_1_364' title='bbox 1595 2568 1657 2603; x_wconf 86' lang='lat' dir='ltr'><em>per</em></span> <span class='ocrx_word' id='word_1_365' title='bbox 1674 2567 1738 2602; x_wconf 87' lang='lat' dir='ltr'><em>pu-</em></span> 
     </span>
     <span class='ocr_line' id='line_1_40' title="bbox 267 2603 1740 2653; baseline 0 -17"><span class='ocrx_word' id='word_1_366' title='bbox 267 2612 370 2647; x_wconf 81' lang='lat' dir='ltr'>gnam</span> <span class='ocrx_word' id='word_1_367' title='bbox 389 2603 501 2638; x_wconf 87' lang='lat' dir='ltr'>fertur</span> <span class='ocrx_word' id='word_1_368' title='bbox 524 2614 565 2638; x_wconf 86' lang='lat' dir='ltr'>ac</span> <span class='ocrx_word' id='word_1_369' title='bbox 585 2603 729 2649; x_wconf 84' lang='lat' dir='ltr'>plurima</span> <span class='ocrx_word' id='word_1_370' title='bbox 744 2607 918 2641; x_wconf 76' lang='lat' dir='ltr'>ruentium</span> <span class='ocrx_word' id='word_1_371' title='bbox 938 2607 1084 2642; x_wconf 86' lang='lat' dir='ltr'>hostium</span> <span class='ocrx_word' id='word_1_372' title='bbox 1112 2617 1257 2653; x_wconf 86' lang='lat' dir='ltr'>corpora</span> <span class='ocrx_word' id='word_1_373' title='bbox 1282 2605 1484 2652; x_wconf 86' lang='lat' dir='ltr'>proculcat,</span> <span class='ocrx_word' id='word_1_374' title='bbox 1509 2615 1595 2650; x_wconf 89' lang='lat' dir='ltr'>equo</span> <span class='ocrx_word' id='word_1_375' title='bbox 1614 2603 1649 2637; x_wconf 92' lang='lat' dir='ltr'><em>in</em></span> <span class='ocrx_word' id='word_1_376' title='bbox 1667 2607 1740 2637; x_wconf 85' lang='lat' dir='ltr'>ter-</span> 
     </span>
     <span class='ocr_line' id='line_1_41' title="bbox 259 2648 1740 2699; baseline -0.001 -15"><span class='ocrx_word' id='word_1_377' title='bbox 259 2659 341 2684; x_wconf 78' lang='lat' dir='ltr'>&#39;ram</span> <span class='ocrx_word' id='word_1_378' title='bbox 362 2648 459 2695; x_wconf 84' lang='lat' dir='ltr'>lapso</span> <span class='ocrx_word' id='word_1_379' title='bbox 479 2655 624 2696; x_wconf 79' lang='lat' dir='ltr'>repente</span> <span class='ocrx_word' id='word_1_380' title='bbox 647 2662 828 2695; x_wconf 84' lang='lat' dir='ltr'>excussus,</span> <span class='ocrx_word' id='word_1_381' title='bbox 853 2654 961 2698; x_wconf 86' lang='lat' dir='ltr'>pedes</span> <span class='ocrx_word' id='word_1_382' title='bbox 980 2666 1056 2690; x_wconf 91' lang='lat' dir='ltr'><em>cum</em></span> <span class='ocrx_word' id='word_1_383' title='bbox 1078 2652 1339 2690; x_wconf 80' lang='lat' dir='ltr'>occurrentibus</span> <span class='ocrx_word' id='word_1_384' title='bbox 1363 2653 1557 2699; x_wconf 83' lang='lat' dir='ltr'>quibusque</span> <span class='ocrx_word' id='word_1_385' title='bbox 1575 2648 1740 2695; x_wconf 83' lang='lat' dir='ltr'>congredi</span> 
     </span>
     <span class='ocr_line' id='line_1_42' title="bbox 267 2695 1739 2747; baseline 0 -17"><span class='ocrx_word' id='word_1_386' title='bbox 267 2695 416 2740; x_wconf 86' lang='lat' dir='ltr'>cogitur.</span> <span class='ocrx_word' id='word_1_387' title='bbox 439 2696 493 2731; x_wconf 89' lang='lat' dir='ltr'><em>Ibi</em></span> <span class='ocrx_word' id='word_1_388' title='bbox 511 2696 639 2732; x_wconf 83' lang='lat' dir='ltr'>acriter</span> <span class='ocrx_word' id='word_1_389' title='bbox 656 2698 827 2744; x_wconf 87' lang='lat' dir='ltr'>utrimque</span> <span class='ocrx_word' id='word_1_390' title='bbox 845 2700 972 2735; x_wconf 82' lang='lat' dir='ltr'>certari</span> <span class='ocrx_word' id='word_1_391' title='bbox 992 2705 1163 2747; x_wconf 85' lang='lat' dir='ltr'>coeptum,</span> <span class='ocrx_word' id='word_1_392' title='bbox 1187 2699 1343 2735; x_wconf 82' lang='lat' dir='ltr'>hostibus</span> <span class='ocrx_word' id='word_1_393' title='bbox 1363 2697 1499 2745; x_wconf 88' lang='lat' dir='ltr'>quidem</span> <span class='ocrx_word' id='word_1_394' title='bbox 1517 2697 1610 2732; x_wconf 90' lang='lat' dir='ltr'>illum</span> <span class='ocrx_word' id='word_1_395' title='bbox 1629 2697 1739 2731; x_wconf 84' lang='lat' dir='ltr'>inter-</span> 
     </span>
     <span class='ocr_line' id='line_1_43' title="bbox 266 2742 1738 2794; baseline 0.001 -18"><span class='ocrx_word' id='word_1_396' title='bbox 266 2742 374 2777; x_wconf 84' lang='lat' dir='ltr'>ficere</span> <span class='ocrx_word' id='word_1_397' title='bbox 391 2743 641 2788; x_wconf 78' lang='lat' dir='ltr'>gestientibus,</span> <span class='ocrx_word' id='word_1_398' title='bbox 666 2745 827 2780; x_wconf 85' lang='lat' dir='ltr'>Romanis</span> <span class='ocrx_word' id='word_1_399' title='bbox 846 2751 958 2782; x_wconf 83' lang='lat' dir='ltr'>autem</span> <span class='ocrx_word' id='word_1_400' title='bbox 985 2748 1151 2783; x_wconf 84' lang='lat' dir='ltr'>acerrime</span> <span class='ocrx_word' id='word_1_401' title='bbox 1169 2758 1232 2794; x_wconf 90' lang='lat' dir='ltr'><em>pro</em></span> <span class='ocrx_word' id='word_1_402' title='bbox 1260 2746 1489 2791; x_wconf 76' lang='lat' dir='ltr'>ugnantibus‚</span> <span class='ocrx_word' id='word_1_403' title='bbox 1514 2749 1550 2780; x_wconf 85' lang='lat' dir='ltr'><em>et</em></span> <span class='ocrx_word' id='word_1_404' title='bbox 1569 2755 1649 2779; x_wconf 85' lang='lat' dir='ltr'>suas</span> <span class='ocrx_word' id='word_1_405' title='bbox 1674 2753 1738 2788; x_wconf 91' lang='lat' dir='ltr'><em>pro</em></span> 
     </span>
     <span class='ocr_line' id='line_1_44' title="bbox 264 2788 1738 2841; baseline 0 -18"><span class='ocrx_word' id='word_1_406' title='bbox 264 2788 380 2823; x_wconf 61' lang='lat' dir='ltr'>salute</span> <span class='ocrx_word' id='word_1_407' title='bbox 407 2790 624 2837; x_wconf 78' lang='lat' dir='ltr'>imperatoris</span> <span class='ocrx_word' id='word_1_408' title='bbox 651 2791 780 2826; x_wconf 85' lang='lat' dir='ltr'>animas</span> <span class='ocrx_word' id='word_1_409' title='bbox 805 2792 896 2827; x_wconf 86' lang='lat' dir='ltr'>ultro</span> <span class='ocrx_word' id='word_1_410' title='bbox 922 2794 1204 2841; x_wconf 82' lang='lat' dir='ltr'>proiicientibus,</span> <span class='ocrx_word' id='word_1_411' title='bbox 1254 2805 1338 2828; x_wconf 86' lang='lat' dir='ltr'>onec</span> <span class='ocrx_word' id='word_1_412' title='bbox 1361 2804 1469 2839; x_wconf 84' lang='lat' dir='ltr'>equus</span> <span class='ocrx_word' id='word_1_413' title='bbox 1488 2795 1544 2831; x_wconf 78' lang='lat' dir='ltr'><em>est</em></span> <span class='ocrx_word' id='word_1_414' title='bbox 1563 2790 1738 2826; x_wconf 82' lang='lat' dir='ltr'>admotus:</span> 
     </span>
     <span class='ocr_line' id='line_1_45' title="bbox 265 2835 1741 2888; baseline 0 -18"><span class='ocrx_word' id='word_1_415' title='bbox 265 2845 334 2881; x_wconf 90' lang='lat' dir='ltr'>quo</span> <span class='ocrx_word' id='word_1_416' title='bbox 354 2835 412 2872; x_wconf 87' lang='lat' dir='ltr'>ille</span> <span class='ocrx_word' id='word_1_417' title='bbox 433 2849 629 2880; x_wconf 84' lang='lat' dir='ltr'>conscenso,</span> <span class='ocrx_word' id='word_1_418' title='bbox 651 2838 768 2874; x_wconf 82' lang='lat' dir='ltr'>hostes</span> <span class='ocrx_word' id='word_1_419' title='bbox 787 2839 897 2874; x_wconf 83' lang='lat' dir='ltr'>effuse</span> <span class='ocrx_word' id='word_1_420' title='bbox 917 2847 1151 2888; x_wconf 79' lang='lat' dir='ltr'>persequutus</span> <span class='ocrx_word' id='word_1_421' title='bbox 1167 2840 1220 2876; x_wconf 86' lang='lat' dir='ltr'><em>ita</em></span> <span class='ocrx_word' id='word_1_422' title='bbox 1234 2840 1372 2881; x_wconf 79' lang='lat' dir='ltr'>cecidit,</span> <span class='ocrx_word' id='word_1_423' title='bbox 1396 2843 1436 2874; x_wconf 91' lang='lat' dir='ltr'><em>ut</em></span> <span class='ocrx_word' id='word_1_424' title='bbox 1451 2850 1513 2873; x_wconf 85' lang='lat' dir='ltr'><em>nec</em></span> <span class='ocrx_word' id='word_1_425' title='bbox 1527 2838 1741 2884; x_wconf 84' lang='lat' dir='ltr'>relinquere-</span> 
     </span>
     <span class='ocr_line' id='line_1_46' title="bbox 269 2883 1739 2934; baseline 0 -17"><span class='ocrx_word' id='word_1_426' title='bbox 269 2885 341 2924; x_wconf 88' lang='lat' dir='ltr'>tur,</span> <span class='ocrx_word' id='word_1_427' title='bbox 363 2883 423 2930; x_wconf 91' lang='lat' dir='ltr'><em>qui</em></span> <span class='ocrx_word' id='word_1_428' title='bbox 444 2884 575 2920; x_wconf 86' lang='lat' dir='ltr'>cladem</span> <span class='ocrx_word' id='word_1_429' title='bbox 596 2885 689 2921; x_wconf 89' lang='lat' dir='ltr'>illam</span> <span class='ocrx_word' id='word_1_430' title='bbox 703 2886 807 2922; x_wconf 86' lang='lat' dir='ltr'>Asiae</span> <span class='ocrx_word' id='word_1_431' title='bbox 825 2887 1016 2924; x_wconf 83' lang='lat' dir='ltr'>nunciaret.</span> <span class='ocrx_word' id='word_1_432' title='bbox 1064 2888 1165 2934; x_wconf 83' lang='lat' dir='ltr'>(IV.)</span> <span class='ocrx_word' id='word_1_433' title='bbox 1187 2888 1320 2923; x_wconf 88' lang='lat' dir='ltr'>Bonum</span> <span class='ocrx_word' id='word_1_434' title='bbox 1340 2886 1426 2922; x_wconf 87' lang='lat' dir='ltr'>illud</span> <span class='ocrx_word' id='word_1_435' title='bbox 1443 2884 1604 2922; x_wconf 82' lang='lat' dir='ltr'>Romanis</span> <span class='ocrx_word' id='word_1_436' title='bbox 1628 2893 1739 2929; x_wconf 89' lang='lat' dir='ltr'>augu-</span> 
     </span>
    </p>
   </div>
  </div>
 </body>
</html>
