1794 3172
328 159 645 207 HISTORIAE
671 159 1048 207 BYZANTINAE
1073 158 1174 206 XX.
1200 165 1241 206 6.
1429 153 1530 202 985

52 275 194 327 ζοντος
210 273 394 330 διωγμοῦ
425 275 501 328 τῆς
524 267 685 322 πόλεως
704 269 889 328 θέατρον
914 268 1133 327 γενομένης
1159 265 1348 326 ἁπάσης,
1383 261 1479 326 ἦκεν
1502 265 1531 326 ἦ
1555 279 1640 312 A.c.
1661 278 1748 315 1351

51 343 171 399 τρίτη
191 345 266 398 τῆς
284 342 548 399 προθεσμίας
567 338 702 398 ἡμέρα
709 372 724 394 ,
760 339 868 383 καθ’
892 337 945 396 ἢν
968 340 1092 398 ἐχρῆν
1109 338 1188 396 τὴν
1218 338 1413 397 δευτέραν
1432 327 1750 408 συν-[ωζέέοέω

54 409 195 462 ιόντας
222 405 349 462 αὖθις
377 408 490 467 ἡμᾶς
515 411 687 454 ἐκτελεῖν
719 409 960 466 ἐκκλησίαν·
994 410 1064 452 καὶ
1093 406 1216 452 πάλιν
1246 409 1304 459 εἷς
1323 407 1400 466 τὴν
1430 408 1533 465 ἐμὴν
1633 408 1639 414 ’
1665 397 1673 406 ’

56 481 189 524 οῗκίαν
218 479 266 524 τὸ
291 479 398 523 καθ’
425 477 536 536 ἡμᾶς
561 478 781 536 ἠθροίζετο
806 478 956 537 μέρος,
994 477 1100 522 κατὰ
1122 477 1198 535 τὴν
1227 476 1309 535 ἤδη
1329 478 1533 536 ῥηθεῖσαν

26 548 195 593 δεῗκόνα
214 553 290 606 τῆς
306 546 473 607 πρώτης
491 549 644 604 ἐκείνης
662 545 832 604 ἡμέρας.
870 548 961 603 ἐμοὶ
978 548 1055 602 μὲν
1069 542 1143 591 οὖν
1163 545 1276 591 ἅπαν
1298 546 1570 605 ἆπηγορευ-Β

54 617 143 662 κότι
160 618 209 662 τὸ
233 618 367 661 εὔελπι
377 651 391 672 ,
430 617 488 660 δι’
509 616 537 660 ἅ
556 635 628 672 μοι
648 615 899 673 δεδήλωται,
936 617 1004 660 καὶ
1025 615 1170 673 μηκέτι
1187 617 1318 672 μηδὲν
1339 616 1388 660 τὸ
1411 614 1535 672 ἁμιλ-

55 685 237 743 λώμενον
260 688 475 731 λείπεσθαι
494 686 601 745 πρὸς
622 684 832 743 τοσαύτην
855 687 900 738 ἐξ
920 684 1147 729 ἀντιπάλου
1170 684 1364 744 ῥαγεῖσαν
1388 687 1535 729 κακίαν

56 761 204 815 σαφῶς
218 754 429 814 ἐγνωκότι,
452 758 521 799 καὶ
539 755 627 811 ἅμα
642 755 774 814 ῥοπὴν
795 755 1009 812 εἷληφυίας
1027 755 1071 798 ἐκ
1088 758 1174 798 τῶν
1192 753 1410 812 παρόντων
1425 753 1536 812 ἀγώ-

55 844 139 870 νων
158 827 228 869 καὶ
256 829 463 883 λογισμῶν
493 823 793 883 ἐπιπονώτερον
810 824 894 882 ἤδη
921 828 1064 884 πολλῷ
1089 828 1164 880 τῆς
1185 823 1287 880 ἐμῆς
1310 829 1538 881 συνορῶντι

1 903 47 940 10
57 896 388 954 κατορχουμένας
405 899 587 953 κεφαλῆς
606 894 682 945 τὰς
695 892 892 951 συνήθεις
911 892 1064 945 ὀδύνας
1082 893 1213 949 αὐτῆς
1221 926 1236 947 ,
1262 893 1427 948 βέλτιον
1444 893 1539 937 ἴδο-

57 967 149 1019 ξεν,
188 965 401 1023 ἐῤῥῶσθαι
421 962 642 1023 φράσαντα
661 962 863 1016 συνόδους
889 965 957 1008 καὶ
987 961 1223 1022 παρῥησίας
1249 960 1446 1013 τοιαύτας
1475 962 1580 1006 οἷ’-Ο

57 1052 121 1077 κοι
154 1038 398 1090 καθῆσθαι,
435 1033 512 1077 κᾶν
538 1051 580 1077 τι
605 1034 677 1091 δέῃ
704 1038 881 1087 παθεῖν,
920 1032 1022 1076 οἷ’κοι
1049 1037 1175 1076 τοῦτο
1207 1035 1382 1076 παθεῖν·
1414 1030 1476 1075 ἵν’
1504 1034 1541 1074 εἶ

55 1101 115 1160 μή
135 1121 174 1147 τι
195 1103 268 1147 τὸν
290 1101 458 1147 ἅπαντα
479 1103 574 1158 βίον
593 1103 641 1146 οὗ
658 1101 718 1162 μὴ
740 1103 937 1146 τεθέαται
956 1100 1066 1152 οἶκος
1084 1101 1188 1159 πρὸς
1215 1099 1365 1159 ἀρετὴν
1386 1102 1542 1144 διακεί-

56 1190 181 1228 μενον
205 1167 274 1227 εὖ,
313 1171 413 1216 ἀλλ’
447 1168 521 1216 οὖν
545 1179 634 1223 τοῖς
662 1173 776 1228 ἐμοῖς
803 1173 1051 1222 τελευταίοις
1079 1168 1342 1226 βαπτόμενος
1370 1171 1541 1225 α’ίμασιν

0 1250 46 1287 15
61 1241 141 1297 ὀψὲ
168 1246 267 1299 γοῦν
297 1243 398 1297 μιάν
427 1239 585 1298 ταύτην
613 1243 728 1299 γνοίη
750 1259 802 1296 με
824 1241 1067 1298 κεκτημένον
1086 1240 1237 1298 ἀρετὴν
1257 1243 1414 1284 πολλοῦ
1432 1256 1543 1290 τινος

57 1311 191 1365 ἀξίαν,
209 1311 256 1355 τὸ
273 1311 334 1368 μὴ
351 1315 506 1355 πολλοῦ
519 1328 630 1362 τινος
640 1310 754 1361 ἄξιον
774 1312 948 1366 νομίζειν
965 1311 1014 1353 τὸ
1038 1312 1122 1367 ζῇν.
1154 1308 1247 1369 (Β.)
1258 1308 1340 1353 Διὸ
1358 1304 1446 1360 τοῖς
1466 1308 1543 1352 ἄλ-

58 1385 146 1431 λοις
158 1378 338 1438 ἀνάγκην
359 1385 568 1438 προσῆγον
584 1380 643 1436 μὴ
655 1377 890 1438 βραδύνειν,
910 1379 1017 1422 ἀλλὰ
1037 1386 1124 1429 τοῖς
1142 1379 1255 1434 ἐμοῖς
1269 1382 1581 1434 βοηθοῦντας-Ι)

58 1448 290 1507 νοσήμασιν
311 1450 471 1493 ἀπιέναι
492 1447 739 1507 προθύμως,
765 1449 840 1492 οὒκ
861 1451 916 1499 εἷς
933 1449 1121 1504 ἐλέγχους
1132 1450 1200 1490 καὶ
1223 1447 1416 1498 διαλέξεις
1437 1447 1542 1503 ἀλη-

58 1520 180 1569 θείας
201 1519 470 1575 ζητουμένης·
491 1518 749 1576 ἀπειρηκέναι
768 1518 847 1575 γὰρ
868 1519 937 1561 καὶ
959 1517 1089 1574 αὐτὴν
1108 1515 1190 1573 ἤδη
1209 1518 1277 1560 καὶ
1297 1516 1400 1574 πρὸς
1420 1518 1543 1559 αἴθε-

4 1589 178 1646 Ξορίους
200 1587 435 1644 ἀποπτῆναι
455 1586 691 1643 θαλάμους,
720 1587 897 1647 ἀφανείᾳ
916 1586 1221 1642 κεκαλυμμένην
1241 1589 1408 1645 μακρᾷ·
1440 1584 1536 1627 ἀλλ’
1563 1592 1608 1631 V.
1625 1592 1695 1630 501

62 1659 120 1708 εἷς
142 1657 308 1715 σφαγὴν
328 1659 396 1701 καὶ
412 1657 648 1715 μαρτυρικὰ
671 1657 942 1711 παλαίσματα
964 1658 1030 1698 καὶ
1055 1653 1246 1699 θανάτου
1276 1658 1440 1711 μακροῦ
1460 1656 1543 1697 δει-

63 1725 212 1785 νότερα
223 1724 499 1784 δεσμωτήρια.
527 1723 722 1781 τοιαύτην
740 1726 819 1783 γὰρ
839 1725 936 1768 καθ’
960 1723 1078 1781 ἡμῶν
1090 1724 1350 1781 ἐξενηνέχθαι
1358 1724 1464 1779 χθὲς
1474 1724 1544 1766 καὶ

63 1794 280 1854 πρότριτα,
304 1799 470 1851 δεσμοῖς
490 1795 785 1852 ἀδαμαντίνοις
806 1796 890 1838 τισὶ
911 1796 978 1838 καὶ
1001 1792 1221 1853 ἀῤῥήκτοις
1241 1792 1537 1851 κεκυρωμένην,
1550 1803 1583 1839 Ε

64 1870 212 1924 ψῆφον
233 1865 338 1925 πρὸς
355 1870 438 1910 τῶν
461 1863 697 1909 ἀντιπάλων
715 1866 783 1908 καὶ
802 1868 878 1921 τῆς
898 1865 1086 1916 ἐξουσίας
1106 1861 1330 1922 ἀρχόντων.
1362 1866 1446 1905 τῶν
1464 1862 1543 1920 γὰρ

65 1979 121 2011 tas
139 1974 356 2019 exstitisset,
380 1975 522 2011 advenit
539 1975 718 2022 praefiniti
737 1974 903 2022 temporis
931 1975 1006 2010 dies
1024 1973 1150 2011 tertius
1161 2000 1173 2018 ,
1197 1985 1267 2020 quo
1284 1983 1346 2007 nos
1362 1971 1548 2018 oportebat

66 2033 205 2057 rursum
226 2021 421 2064 convenire,
445 2027 482 2057 et
501 2023 646 2057 alteram
663 2024 859 2058 concionem
874 2022 1060 2058 celebrare.
1101 2024 1216 2067 Atque
1234 2021 1269 2055 in
1290 2031 1398 2054 meam
1412 2018 1546 2052 domum

66 2080 208 2111 rursus,
233 2073 275 2102 ut
292 2068 402 2114 prima
421 2068 482 2103 illa
497 2069 575 2112 die,
600 2070 718 2104 eodem
737 2081 804 2115 quo
824 2069 897 2104 dixi
913 2069 1032 2112 modo,
1056 2069 1255 2103 confluxere
1270 2065 1310 2107 ii,
1332 2065 1392 2111 qui
1410 2069 1547 2099 nostra-

66 2127 140 2150 rum
151 2114 301 2161 partium
321 2119 432 2150 erant.
456 2117 502 2150 At
521 2127 600 2160 ego,
618 2117 678 2160 qui
696 2117 740 2151 ob
760 2127 833 2158 eas,
851 2127 938 2161 quas
958 2114 1146 2156 declaravi,
1169 2125 1291 2149 causas
1300 2123 1397 2158 spem
1415 2122 1546 2146 omnem

66 2162 191 2197 bonam
211 2161 424 2202 abieceram,
447 2173 489 2197 ac
509 2162 591 2196 mihi
611 2162 696 2196 nihil
713 2163 780 2196 iam
796 2161 965 2207 reliquum
982 2174 1059 2197 esse
1087 2164 1183 2196 certo
1209 2160 1378 2200 sciebam,
1402 2158 1495 2204 quod
1514 2156 1548 2190 ei

66 2220 158 2254 quae
178 2212 277 2242 tanta
303 2219 348 2242 ex
367 2207 513 2243 adverso
537 2209 710 2254 erupisset
726 2208 941 2254 improbitati
965 2207 1187 2243 sustinendae
1212 2218 1276 2253 par
1292 2206 1404 2247 foret,
1430 2203 1550 2238 simul-

66 2265 135 2302 que
156 2266 216 2290 eos
235 2254 394 2296 dolores,
418 2255 478 2300 qui
498 2254 536 2289 in
553 2259 659 2301 caput
677 2266 784 2290 meum
806 2255 960 2300 grassari
983 2255 1156 2296 solerent,
1179 2252 1340 2289 maiorem
1359 2251 1396 2285 in
1412 2251 1548 2303 moduni

70 2300 311 2336 certaminibus
330 2306 367 2336 et
383 2301 475 2335 curis
490 2302 730 2347 praesentibus
756 2301 942 2346 aggravari
964 2301 1147 2343 videbam,
1170 2300 1282 2335 satius
1303 2297 1404 2341 duxi,
1429 2306 1549 2331 conci-

68 2346 125 2382 liis
142 2354 180 2382 et
198 2347 382 2382 liberrimis
398 2347 466 2382 illis
484 2348 695 2382 sermonibus
711 2347 827 2382 valere
843 2347 961 2389 iussis,
986 2348 1076 2382 domi
1097 2347 1231 2388 sedere,
1260 2350 1296 2380 et
1316 2344 1347 2379 si
1365 2343 1447 2390 quid
1466 2352 1548 2387 per-

69 2393 248 2428 ferendum
267 2399 382 2436 esset,
405 2394 442 2428 id
462 2394 552 2429 domi
569 2395 745 2440 perferre3
768 2398 807 2428 ut
823 2405 878 2428 me
898 2394 1017 2429 domus
1036 2405 1131 2436 mea,
1156 2393 1188 2428 si
1212 2392 1322 2427 minus
1348 2400 1412 2435 per
1437 2394 1546 2422 totam

70 2439 178 2474 vitam
198 2440 243 2474 ad
266 2440 428 2475 virtutem
452 2446 550 2475 recte
574 2440 770 2475 institutum
796 2439 964 2483 vidisset,
984 2440 1106 2475 saltem
1132 2450 1255 2475 cruore
1273 2449 1346 2473 meo
1366 2435 1410 2470 ad
1430 2437 1547 2468 extre·

70 2496 161 2520 mum
182 2486 314 2528 tincta,
338 2486 556 2532 quantumvis
573 2499 652 2522 sero
671 2491 875 2532 agnosceret
893 2486 1097 2522 instructum
1115 2498 1158 2521 ea
1173 2486 1322 2526 virtute,
1346 2492 1448 2526 quaes
1470 2490 1546 2514 cum

70 2532 178 2566 vitam
196 2532 288 2566 haud
307 2533 422 2578 magni
436 2534 590 2575 faceret,
614 2533 729 2578 magni
744 2533 823 2579 ipsa
839 2532 918 2567 fieri
944 2532 1098 2568 deberet.
1144 2532 1227 2578 (ΙΙ.)
1250 2528 1479 2572 Quamobrem
1500 2526 1546 2560 ab

72 2577 151 2612 aliis
178 2578 395 2614 vehementer
419 2579 518 2626 coepi
544 2581 774 2621 contendere,
809 2590 853 2614 ne
886 2584 1155 2622 cunctarentur,
1179 2577 1240 2613 sed
1266 2579 1304 2611 ut
1332 2573 1413 2608 mihi
1438 2583 1545 2627 {egro

72 2629 314 2659 succurrentes
342 2625 478 2661 abirent
500 2626 683 2668 alacriter,
715 2637 780 2660 non
802 2625 847 2660 ad
868 2624 1050 2661 veritatem
1066 2637 1130 2672 per
1147 2624 1348 2670 argumenta
1367 2623 1405 2655 et
1424 2619 1547 2664 dispu-

71 2671 223 2705 tationes
239 2670 532 2716 investigandam
556 2673 623 2707 iam
640 2671 772 2718 quippe
791 2675 828 2706 et
840 2671 951 2717 ipsam
970 2672 1130 2715 cessisse,
1153 2677 1190 2706 et
1205 2670 1313 2704 densa
1327 2665 1476 2719 caligine
1490 2664 1548 2699 in·

72 2717 225 2752 volutam
255 2717 293 2751 in
320 2719 451 2753 caelum
478 2718 658 2761 avolasse3
684 2719 746 2753 sed
771 2717 816 2752 ad
834 2719 995 2760 caedem,
1019 2719 1064 2754 ad
1091 2715 1249 2762 martyrii
1276 2714 1480 2752 luctanuna,
1503 2709 1551 2744 &d

15 2771 22 2778 “
72 2763 212 2798 vincula
233 2763 383 2809 denique
412 2765 501 2799 omni
526 2769 635 2800 morte
662 2763 838 2810 graviora.
883 2764 1017 2811 Nempe
1041 2777 1116 2799 eam
1131 2764 1166 2798 in
1184 2772 1246 2797 nos
1266 2761 1310 2795 ab
1327 2756 1551 2798 adversariis,

73 2815 112 2845 et
132 2810 175 2844 ab
194 2809 252 2852 iis,
270 2821 377 2855 penes
397 2822 483 2856 quos
503 2816 658 2857 potestas
678 2815 792 2853 esset,
817 2809 894 2846 heri
912 2815 950 2846 et
975 2809 1225 2846 nudiustertius
1241 2807 1346 2842 latam
1371 2814 1552 2858 esse-sen—

0 2900 1 2906 *
74 2857 238 2898 tentiam,
262 2856 489 2891 adamantinis
510 2856 713 2903 quibusdam
736 2861 774 2892 et
789 2856 936 2904 irruptis
951 2857 1051 2895 nodis
1069 2855 1242 2893 munitam·
1287 2852 1381 2889 Nm
1397 2854 1552 2887 mtwre‘

18 2909 26 2917 ‘
168 2915 384 2960 Nicephom
402 2915 552 2962 Gregor.
581 2915 654 2951 Vol.
668 2915 719 2951 ΙΙ.
1218 2902 1274 2946 63
