1794 3172
228 149 332 198 972
642 150 957 198 NICEPHORI
985 149 1309 196 GREGORAE

12 281 48 314 A.
66 278 110 312 M.
128 276 221 314 6859
233 283 300 311 τα.
326 265 376 310 τὸ
394 264 474 323 γὰρ
490 261 803 321 χαρακτηρίζειν
821 264 879 321 τῷ
900 261 1054 316 δηλοῦν
1070 257 1225 304 ταῦτόν
1244 260 1354 303 ἔστιν
1369 274 1379 284 ·
1417 257 1475 310 ὥς
1496 258 1548 303 ἃν
1570 261 1605 303 εἲ
1623 258 1709 303 ἕλε-

79 326 148 360 ¹¹¹d·
164 325 300 408 4Βγεν
314 349 324 359 ·
361 333 388 391 ἡ
413 334 605 382 ἄκτιστος
625 331 823 387 ἐνέργεια,
862 331 944 373 ἐπεὶ
967 334 1042 385 τῆς
1066 328 1200 386 ἁπλῆς
1220 332 1287 372 καὶ
1309 327 1534 385 ἀσωμάτου
1554 329 1709 386 λέγεται

235 404 413 465 φύσεως,
439 403 569 458 αὐτὴν
590 401 666 456 τὴν
689 399 882 443 ἄκτιστον
903 399 1047 443 οὐσίαν
1065 399 1367 458 χαρακτηρίζει,
1392 400 1458 443 καὶ
1482 399 1615 454 δηλοῖ,
1642 399 1711 441 καὶ

232 476 467 533 παρίστησι.
518 472 585 515 καὶ
615 469 703 525 ἅμα
738 474 909 525 βεβαιοῖ
934 487 1006 525 μοι
1032 470 1104 512 τὸν
1138 467 1260 526 λόγον
1288 467 1309 511 ὅ
1335 467 1553 526 χαρακτὴρ
1583 469 1651 510 καὶ
1682 466 1708 523 ἦ

231 541 549 601 ἀπαράλλακτος
581 544 655 583 τοῦ
685 540 844 597 πατρὸς
870 538 1008 592 εἷκών,
1047 537 1068 582 ὅ
1097 537 1199 589 υἱός.
1272 537 1368 597 (Δ.)
1404 539 1458 581 Εἰ
1486 538 1532 581 δὲ
1558 535 1739 589 βούλε-5

232 618 326 666 σθε,
351 614 417 655 καὶ
438 611 671 672 μαρτυρίας
683 609 759 666 ἐγώ
777 616 1029 666 προενεγκεῖν
1050 608 1126 652 οὐκ
1147 605 1307 664 ὀκνήσω
1324 608 1478 666 μυρίας
1496 603 1710 664 διαφόρων

194 682 448 739 Επατέρων,
485 680 535 731 ἃς
564 679 670 723 κατὰ
702 682 785 722 τῶν
818 677 971 734 ὁμοίων
1001 683 1052 736 τῇ
1079 676 1179 736 δόξῃ
1214 678 1360 736 τάνδρὶ
1390 678 1550 720 τουτωῒ
1576 679 1713 726 καλῶς

231 756 444 802 ποιοῦντες
481 751 622 793 ἐκεῖνοι
666 746 794 791 πάλαι
833 746 1098 806 γεγράφασιν.
1157 747 1304 790 αὐτίκα
1338 748 1478 791 τοίνυν
1522 743 1543 789 ὅ
1585 745 1711 802 μέγας

233 823 358 881 φησὶν
382 817 656 869 Ἀθανάσιος·
693 817 802 871 ,,οὗκ
831 818 1091 875 ἀμφίβολον,
1125 815 1187 861 ὅτι
1207 814 1333 867 αὐτός
1351 817 1460 860 ἔστιν
1479 813 1506 871 ἦ
1523 819 1598 858 τοῦ
1628 833 1711 857 πα-

229 892 331 949 τρὸς
351 892 461 944 ζῶσα
478 888 612 945 βουλὴ
637 889 704 931 καὶ
722 884 904 937 ἐνούσιος
924 887 1113 944 ἐνέργεια,
1138 888 1205 930 καὶ
1225 884 1346 943 λόγος
1365 883 1606 941 ἄληθινός.”
1643 885 1711 927 καὶ
1725 894 1768 928 10

232 960 378 1005 πάλιν
416 958 542 1013 ,,ἑνὸς
565 957 682 1008 ὄντος
701 957 820 1011 υἱοῦ,
858 961 934 1000 τοῦ
957 959 1107 1010 ζῶντος
1127 954 1274 1013 λόγου,
1310 957 1412 1011 μίαν
1432 953 1532 998 εἶναι
1561 955 1627 997 δεῖ
1645 970 1712 997 τε-

235 1032 347 1074 λείαν
382 1031 450 1073 καὶ
478 1026 614 1084 πλήρη
643 1027 720 1083 τὴν
755 1025 992 1084 ἆγιαστικὴν
1025 1029 1094 1070 καὶ
1128 1024 1378 1084 φωτιστικὴν
1413 1024 1542 1080 ζωὴν,
1582 1018 1711 1067 οὖσαν

198 1096 438 1156 Ὲένέργειαν
464 1098 593 1141 αὐτοῦ
619 1098 686 1140 καὶ
715 1095 899 1153 δωρεὰν,
937 1095 1026 1152 ἥτις
1048 1097 1091 1138 ἐκ
1110 1095 1269 1153 πατρὸς
1294 1092 1601 1151 ἐκπορεύεται.”
1644 1094 1712 1136 καὶ

235 1168 359 1213 πάλιν
373 1182 383 1193 ·
407 1167 537 1222 „8227ss
564 1166 602 1209 οἳ
621 1166 778 1220 ἀσεβεῖς
795 1165 841 1208 οὗ
866 1166 1036 1209 θέλουσι
1053 1163 1174 1222 λόγον
1192 1166 1259 1208 καὶ
1279 1164 1438 1219 βουλὴν
1458 1165 1592 1216 ζῶσαν
1612 1160 1714 1205 εἶναι

235 1239 309 1282 τὸν
339 1237 454 1291 υἱὸν,
491 1238 584 1293 περὶ
611 1236 655 1279 δὲ
684 1235 758 1278 τὸν
786 1235 888 1277 θεὸν
916 1233 1116 1290 βούλησιν
1140 1236 1207 1278 καὶ
1231 1231 1431 1291 φρόνησιν
1452 1234 1519 1275 καὶ
1541 1231 1707 1289 σοφίαν,
1726 1239 1768 1275 15

87 1309 126 1344 V·
144 1306 216 1346 494
239 1307 296 1359 ὥς
314 1307 393 1358 ἕξιν
414 1307 725 1362 συμβαίνουσαν
746 1305 812 1347 καὶ
834 1304 1274 1360 ἀποσυμβαίνουσαν.”
1339 1301 1428 1361 (Ε.)
1454 1303 1540 1345 Καὶ
1561 1299 1713 1356 ὁμοίως

92 1364 93 1372 ¹
238 1376 260 1422 ὃ
289 1375 406 1427 θεῖός
434 1392 537 1434 φησι
568 1373 799 1432 Κύριλλος·
839 1375 909 1427 ,,εἲ
937 1372 958 1418 ὃ
984 1372 1076 1425 υἱός
1098 1375 1207 1417 ἐστιν
1229 1371 1256 1429 ἦ
1286 1373 1397 1425 ζῶσα
1418 1373 1485 1414 καὶ
1510 1367 1714 1426 οὗσιώδης

237 1446 411 1503 ἐνέργεια
428 1447 495 1488 καὶ
515 1441 689 1499 δύναμις
707 1444 776 1486 καὶ
795 1444 924 1501 σοφία
944 1448 1019 1486 τοῦ
1038 1443 1219 1499 πατρὸς,
1257 1442 1433 1499 ἐνέργεια
1459 1438 1624 1490 πάντως
1645 1441 1714 1483 καὶ

86 1524 129 1558 Ρ.
151 1522 220 1559 611
244 1520 319 1560 τοῦ
344 1516 437 1559 υἱοῦ
461 1513 511 1558 τὸ
539 1517 698 1569 πνεῦμα
718 1512 765 1556 τὸ
790 1511 946 1569 ἅγιον.”
981 1515 1048 1556 καὶ
1070 1511 1216 1556 πάλιν·
1252 1511 1362 1565 „mix
1390 1507 1607 1568 ἀλλότριόν
1627 1510 1714 1553 ἐστι

238 1590 316 1642 τῆς
343 1586 464 1634 θείας
484 1583 627 1633 οὐσίας
642 1582 690 1633 τὸ
714 1586 873 1637 πνεῦμα
901 1582 949 1626 τὸ
978 1581 1115 1639 ἅγιον,
1153 1580 1248 1624 ἀλλ’
1280 1580 1455 1638 ἐνέργεια
1485 1575 1637 1636 φυσική
1667 1595 1712 1621 τε
1723 1590 1770 1624 20

989 1652 1015 1672 '’
1093 1649 1183 1710 (ς’.)
1215 1649 1343 1711 Ὁρᾷς
1377 1650 1611 1707 μαρτυρίας
1641 1665 1713 1691 κο-

238 1726 340 1783 μιδῇ
361 1720 647 1782 σαφεστάτας,
685 1722 752 1764 καὶ
773 1725 873 1765 πᾶσι
891 1722 1121 1779 γνωρίμους
1143 1718 1323 1764 αὐτόθεν
1333 1752 1348 1773 ,
1377 1720 1443 1762 καὶ
1461 1718 1591 1775 μηδὲν
1607 1715 1710 1773 μήτ’

242 1794 537 1851 αἰνιγματῶδες
558 1789 662 1848 μήτε
691 1798 838 1849 γρῖφον
868 1789 1067 1848 ἐχούσας,
1104 1790 1200 1835 ἀλλ’
1222 1790 1415 1848 ἐμφανῶς
1443 1789 1512 1832 καὶ
1542 1785 1714 1846 διαρρή-

237 1657 307 1699 καὶ
348 1651 552 1709 οὗσιώδης
582 1654 651 1695 καὶ
695 1650 984 1702 ἔνυπόστατος.

242 1969 318 2005 ficit
334 1979 396 2012 ea,
423 1980 531 2015 quae,
554 1969 585 2005 si
602 1980 722 2006 nomen
740 1971 888 2016 spectes,
912 1965 1075 2003 videntur
1092 1967 1158 2003 duo
1180 1978 1268 2002 esse.
1315 1965 1406 2002 Nam
1436 1964 1714 2011 χαρακτηρίζειν

240 2016 332 2051 idem
353 2020 407 2050 est
423 2027 463 2050 ac
480 2016 655 2051 denotare.
701 2016 851 2050 Perinde
871 2018 924 2050 est
943 2014 1054 2060 igitur
1072 2026 1114 2049 ac
1134 2014 1166 2048 si
1180 2013 1342 2055 dixisset,
1368 2013 1524 2048 increata
1544 2011 1714 2058 operatio,

242 2062 400 2108 quoniam
427 2062 588 2108 simplicis
615 2068 651 2097 et
679 2063 900 2108 incorporeae
926 2066 1071 2096 naturae
1088 2073 1164 2096 esse
1184 2060 1334 2102 dicitur,
1361 2058 1586 2094 substantiam
1605 2057 1714 2103 ipsam

240 2110 430 2144 increatam
455 2109 615 2151 denotat,
643 2110 821 2154 designat,
847 2112 884 2142 et
906 2113 1154 2153 repraesentat.
1214 2108 1327 2152 Atque
1354 2105 1410 2148 id,
1435 2105 1526 2152 quod
1549 2105 1648 2145 dico,
1671 2115 1713 2138 eo

241 2155 478 2196 confirmatur,
503 2156 595 2201 quod
606 2155 697 2190 filius
715 2156 761 2189 sit
779 2154 896 2189 Patris
915 2156 1095 2189 character
1111 2158 1147 2189 et
1166 2153 1354 2189 indiscreta
1370 2152 1495 2198 imago.
1519 2151 1621 2196 (lv.)
1634 2151 1713 2195 Ego

242 2207 358 2236 autem
375 2200 524 2236 libenter
538 2202 731 2236 testimonia
746 2200 897 2243 infinita,
923 2213 1013 2246 quae
1030 2201 1153 2235 Patres
1175 2200 1264 2235 varii
1283 2199 1449 2234 adversus
1467 2197 1617 2232 homines
1634 2197 1713 2231 huic

244 2247 370 2282 similes
393 2252 430 2282 et
451 2247 541 2282 idem
570 2248 757 2282 sentientes
783 2247 863 2281 olim
890 2248 1104 2294 scripserunt
1130 2247 1185 2292 (et
1200 2247 1226 2281 ii
1244 2246 1381 2293 quidem
1400 2244 1515 2289 recte)
1537 2243 1658 2285 vobis,
1683 2242 1715 2277 si

243 2294 361 2336 vultis,
378 2294 574 2339 producam.
608 2294 733 2329 Statim
752 2293 863 2339 igitur
879 2305 1020 2340 magnus
1036 2293 1262 2335 Athanasius,
1286 2302 1378 2334 „non
1396 2290 1535 2325 dubium
1552 2289 1714 2331 est’',ait,

243 2339 356 2386 „quin
368 2339 443 2385 ipse
463 2339 510 2375 sit
523 2339 641 2375 vivum
657 2340 773 2375 Patris
789 2339 980 2382 consilium,
1003 2344 1039 2375 et
1058 2339 1211 2386 operatio
1230 2337 1484 2380 substantialis,
1509 2340 1547 2372 et
1565 2336 1714 2371 Verbum

244 2386 398 2422 verum.”
433 2387 483 2421 Ac
503 2397 642 2421 rursus:
665 2398 767 2429 „cum
786 2397 872 2421 unus
890 2387 936 2421 sit
944 2386 1065 2428 Filius,
1081 2387 1232 2420 Verbum
1249 2385 1378 2424 vivum,
1398 2394 1498 2418 unam
1513 2394 1591 2417 esse
1609 2393 1714 2428 opor-

244 2438 298 2469 tet
318 2433 505 2480 perfectam
524 2437 561 2468 et
581 2433 715 2479 plenam
727 2458 738 2475 ‚
762 2433 969 2468 sanctificam
993 2438 1029 2468 et
1046 2431 1315 2467 illuminatricem
1335 2430 1462 2471 vitam,
1484 2429 1559 2464 eius
1587 2439 1712 2474 opera·

246 2480 373 2515 tionem
391 2483 428 2514 et
446 2479 569 2514 donum
581 2504 592 2521 ‚
615 2491 703 2526 quae
720 2490 766 2514 ex
780 2479 887 2514 Patre
905 2478 1097 2525 procedit.’'
1142 2478 1297 2513 Rursus:
1319 2481 1385 2519 „at
1400 2475 1496 2522 impii
1513 2475 1632 2510 nolunt
1651 2474 1714 2509 Fi-

246 2527 327 2561 lium
347 2538 424 2561 esse
443 2526 593 2562 Verbum
610 2531 647 2560 et
676 2525 853 2560 consilium
871 2526 1007 2569 vivum,
1029 2524 1091 2560 sed
1106 2525 1336 2565 voluntatem,
1360 2526 1398 2558 et
1413 2521 1629 2568 prudentiam
1643 2547 1654 2565 ‚
1677 2523 1715 2554 et

246 2572 449 2618 sapientiam
460 2597 472 2615 ‚
495 2583 584 2618 quae
601 2572 648 2606 sit
666 2572 759 2618 apud
778 2572 907 2616 Deum,
931 2578 1094 2618 tanquam
1108 2570 1244 2606 habitus
1264 2569 1431 2605 accedens
1457 2573 1494 2603 et
1511 2564 1713 2604 recedens.'’

246 2619 331 2664 (V.)
353 2619 491 2655 Pariter
510 2619 555 2653 D.
571 2617 735 2665 Cyrinus,
760 2618 852 2662 ‚,si‚''
867 2619 991 2665 inquit,
1014 2617 1148 2661 „Filius
1167 2621 1220 2651 est
1230 2616 1311 2651 viva
1324 2619 1361 2650 et
1378 2614 1612 2651 substantialis
1630 2625 1712 2660 ope-

246 2665 357 2708 ratio,
380 2669 417 2700 et
434 2664 607 2721 potentia,
631 2669 668 2700 et
685 2663 854 2711 sapientia
868 2665 998 2707 Patris,
1022 2665 1123 2711 plane
1138 2662 1241 2698 etiam
1260 2662 1412 2708 Spiritus
1430 2663 1570 2696 sanctus
1589 2670 1714 2706 opera-

246 2711 296 2746 tio
313 2715 369 2746 est
383 2711 498 2747 mhi?
542 2712 694 2747 Rursus:
716 2711 768 2754 „S
795 2711 896 2746 iritus
916 2713 1066 2746 Sanctus
1088 2721 1156 2745 non
1174 2713 1228 2744 est
1244 2720 1265 2743 a
1280 2708 1473 2743 substantia
1488 2706 1606 2741 divina
1627 2705 1715 2740 alie-

247 2769 323 2800 nus,
335 2758 395 2793 sed
408 2763 462 2794 est
479 2758 636 2805 operatio
651 2760 772 2793 natura
785 2757 827 2799 is,
842 2757 1092 2800 substantialis,
1108 2760 1144 2792 et
1155 2766 1218 2802 per
1234 2767 1271 2789 se
1281 2752 1509 2789 subsistens.”
1537 2752 1638 2798 (VI.)
1650 2751 1716 2785 vi-

246 2803 310 2838 des
336 2804 532 2840 testimonia
559 2815 700 2851 prorsus
724 2804 820 2839 clara
845 2808 882 2840 et
908 2804 1113 2851 perspicua,
1170 2813 1238 2837 uae
1264 2800 1378 2847 quivis
1401 2799 1519 2835 statim
1536 2797 1715 2842 intelligit,

249 2860 342 2895 quae
360 2850 448 2887 nihil
464 2851 649 2898 aenigmati
670 2850 792 2893 simile,
811 2850 897 2888 nihil
917 2851 1098 2887 obscurum
1116 2849 1162 2886 hs
1185 2850 1266 2890 ent,
1289 2846 1353 2884 sed
1375 2850 1498 2894 aperto
1522 2848 1559 2881 et
1584 2844 1716 2880 diserte
