1794 3172
263 161 365 211 892
390 168 393 170 “
673 162 992 209 NICEPHORI
1020 159 1347 207 GREGORAE

45 285 81 319 A.
98 283 142 317 M.
154 281 253 321 ,6859
265 279 333 323 καὶ
362 276 486 328 ἄλλος
516 274 669 320 ἄλλοθι
703 271 1022 330 διασπαρέντες,
1060 271 1203 315 στενὸν
1227 271 1294 313 καὶ
1321 265 1613 327 ἂπαράκλητον
1646 266 1742 323 3160-

101 331 170 366 Iud'
183 327 208 367 4
265 365 366 393 σκον
384 349 498 403 βίον,
527 346 596 389 καὶ
615 347 764 387 τοῦτον
784 341 935 398 ἥκιστα
956 340 1101 400 φόβων
1122 339 1434 402 ἀπηλλαγμένον
1447 353 1457 364 ·
1492 337 1587 381 ἀλλ’
1611 338 1651 381 οἳ
1668 338 1744 393 μὲν

267 417 320 462 τὰ
339 417 430 472 ἴχνη
460 409 517 459 ὧν
536 432 579 458 τε
600 410 898 456 ἐπεπόνθεισαν
918 413 1060 455 δεινῶν
1089 412 1155 454 καὶ
1188 404 1244 454 ὧν
1272 410 1316 452 ἐν
1336 409 1589 465 ἐπαγγελίαις
1606 405 1633 463 ἡ
1655 413 1744 450 πεῖ-

267 504 323 544 ρα
352 485 453 535 τέως
484 485 645 527 ἐτίθετο
680 482 964 539 περιφέροντες
992 476 1100 537 ἦσαν
1130 481 1172 522 ἐν
1191 483 1243 537 τῇ
1264 482 1382 536 ψυχῇ
1399 491 1409 502 ·
1448 477 1486 521 οἳ
1514 477 1648 520 δὲκαὶ
1669 476 1744 532 τὴν

269 555 397 612 ἀκοὴν
417 553 587 597 ἔναυλον
607 551 764 607 ἔχοντες
787 555 870 594 τῶν
897 549 1005 594 καθ’
1030 548 1188 607 ἡμέραν
1217 549 1434 605 λοιδοριῶν
1456 564 1498 590 τε
1531 548 1600 589 καὶ
1627 545 1774 588 ἄπει-5

268 629 365 669 λῶν.
402 619 510 679 ἦσαν
532 621 575 665 δ’
600 621 646 664 οἳ
663 622 731 663 καὶ
749 624 907 676 μᾶλλον
928 618 952 676 ἢ
975 615 1272 677 τριακοντούτη
1292 614 1527 673 διηνυκότες
1555 614 1743 671 ἄσκησιν,

270 695 313 738 ἐν
341 694 531 743 οῗκίσκοις
550 690 745 748 βραχέσιν
771 689 1084 746 ἐγκεκλεισμένοι
1114 686 1378 746 παντάπασι,
1417 683 1643 742 τεθνήκασι
1671 684 1747 739 μὲν

230 767 331 822 Οτῷ
359 763 511 807 πλείονι
541 761 654 818 με’ρει
684 763 759 802 τοῦ
792 761 911 814 βίου,
947 753 1049 815 ἧκον
1088 758 1129 801 δ’
1164 756 1276 813 ὅμως
1308 755 1391 812 ἤδη
1420 757 1490 798 καὶ
1528 754 1576 798 τὸ
1608 758 1748 797 λεῖπον

269 829 564 887 τεθνηξόμενοι
589 830 657 872 καὶ
686 828 789 872 τέλει
825 831 1065 887 μαρτυρικῷ
1092 826 1164 871 τὸν
1201 825 1298 870 ὅλον
1332 822 1611 881 κοσμήσοντες
1640 824 1745 879 βίον.

270 896 328 946 ὧν
359 902 489 950 ἐνίους
519 897 710 957 φοράδην
740 897 1077 953 ἐσκομιζομένους
1105 895 1186 955 ὑφ’
1217 894 1367 952 ἐτέρων
1398 894 1497 938 ῗδών
1527 893 1596 936 διὰ
1617 897 1748 951 γῆρας
1761 899 1794 936 1<

270 970 390 1028 βαθὺ
440 965 647 1026 ἐδάκρυσά
686 984 730 1010 τε
760 969 845 1010 ’καὶ
893 971 968 1010 τοῦ
1011 965 1133 1023 ζήλου
1175 963 1426 1020 τεθαύμακα
1460 963 1509 1007 τὸ
1546 960 1746 1021 σφοδρόν.

273 1038 366 1100 (B.)
389 1037 480 1082 Ἐπὶ
503 1035 667 1088 τούτοις
685 1037 752 1079 καὶ
772 1035 794 1080 ὁ
815 1040 899 1080 τῶν
917 1036 1116 1094 Ἐφεσίων
1137 1035 1349 1092 διέπρεπεν
1368 1030 1599 1091 ἀρχιθύτης
1614 1046 1624 1057 ·
1644 1030 1750 1088 ἀνὴρ

272 1105 507 1167 πρεσβύτης
527 1107 625 1163 μὲν,
650 1105 923 1163 ὀγδοηκοστὸν
940 1106 1018 1164 γὰρ
1040 1105 1121 1162 ἤδη
1149 1102 1435 1162 παρήλλαττεν
1457 1102 1546 1153 ἔτος
1563 1107 1637 1158 τῆς
1658 1100 1750 1158 ἧλι-

233 1179 388 1231 Βκίας,
428 1177 657 1235 ἐρρωμένος
682 1176 727 1218 δὲ
758 1175 832 1225 τὰς
864 1175 1017 1232 φρένας
1047 1177 1115 1218 καὶ
1140 1175 1192 1218 τοὶ
1213 1171 1470 1230 αἰσθητήρια
1492 1170 1651 1225 πάντα,
1682 1172 1751 1213 καὶ

271 1245 389 1303 μάλα
412 1250 572 1302 μᾶλλον
600 1243 626 1301 ’ἢ
650 1243 757 1287 κατὰ
790 1246 1009 1287 νεανίσκον.
1061 1242 1229 1300 ἐπήνθει
1261 1242 1304 1286 δ’
1339 1242 1452 1302 αὐτῷ
1479 1243 1548 1285 καὶ
1578 1239 1749 1295 κόσμιον
1762 1248 1794 1287 1Ξ

274 1315 382 1366 εἶδος
416 1317 484 1358 καὶ
514 1311 699 1372 γλώττης
728 1312 956 1371 εὕστροφος
985 1313 1073 1369 ἠχὼ
1107 1315 1174 1356 καὶ
1214 1313 1442 1370 φιλοσοφία
1472 1314 1750 1366 συναυξηθεΐ-

274 1401 330 1429 σα
365 1384 505 1443 αὐτῷ,
550 1382 628 1439 ὅση
658 1400 702 1426 τε
738 1383 842 1426 καθ’
871 1382 1075 1439 Ἓλληνας
1113 1384 1180 1425 καὶ
1220 1380 1297 1438 ὅση
1334 1385 1409 1436 τῆς
1447 1382 1569 1431 θείας
1605 1379 1747 1436 αὐλῆς.

277 1453 366 1514 (Γ.)
398 1455 484 1498 Καὶ
506 1451 593 1508 ἅμα
611 1455 773 1509 παρῆν,
809 1446 841 1511 ᾧ
865 1452 918 1495 τὰ
937 1454 1027 1509 περὶ
1053 1451 1099 1495 τὸ
1122 1451 1218 1508 ὅρος
1236 1451 1283 1495 τὸ
1307 1449 1441 1500 Γάνος
1460 1451 1595 1507 χωρία
1619 1449 1751 1492 ἐπιτέ-

234 1529 457 1581 Ετραπται
476 1522 623 1565 διέπειν
645 1525 927 1577 πνευματικῶς
960 1523 1027 1564 καὶ
1056 1521 1129 1564 τὸν
1158 1522 1242 1563 ἐκεῖ
1264 1520 1491 1575 ποιμαίνειν
1518 1519 1750 1577 ἀρχιερατι-

276 1597 359 1643 κῶς
377 1595 526 1649 κλῆρον
546 1592 615 1634 καὶ
634 1590 737 1634 λαὸν
754 1594 828 1634 τοῦ
850 1594 968 1644 θεοῦ,
994 1590 1143 1634 πολιὰν
1159 1591 1235 1645 μὲν
1251 1587 1499 1646 ἐπαγόμενος
1515 1590 1651 1645 τρίχα,
1672 1605 1750 1631 πο·
1762 1596 1794 1632 2(

275 1661 365 1705 λιόν
395 1662 440 1704 δὲ
467 1658 688 1719 φρόνημα·
725 1661 793 1703 καὶ
824 1658 923 1704 ὅσον
954 1659 1026 1703 τὸν
1047 1659 1124 1711 ἔξω
1146 1657 1392 1718 φαινόμενον
1421 1657 1647 1714 ἄνθρωπον
1674 1655 1752 1712 εἶχε

276 1728 577 1787 ξυντετηκότα,
613 1732 816 1773 τοσοῦτον
852 1729 1067 1773 ἀνθοῦντα
1095 1729 1168 1773 τὸν
1197 1729 1256 1785 μὴ
1292 1725 1552 1786 φαινόμενον.
1598 1724 1754 1784 ὑπερό-

278 1816 366 1859 ριος
395 1799 475 1857 γὰρ
503 1802 579 1855 τῆς
607 1799 856 1855 ἐπισκοπῆς,
898 1797 967 1841 διὰ
997 1798 1045 1842 τὸ
1068 1804 1200 1854 μισεῖν
1223 1801 1415 1856 πονηρῶν
1437 1796 1653 1853 ἐκκλησίας
1684 1797 1753 1839 καὶ

250 1961 251 1964 ,
278 1930 419 1966 sedibus
445 1930 648 1977 iampridem
675 1930 785 1978 pulsi,
820 1933 856 1966 et
883 1930 973 1966 alius
994 1930 1060 1966 alio
1088 1929 1254 1976 dispersi,
1277 1929 1413 1976 inopem
1440 1934 1477 1965 et
1501 1929 1609 1965 omnis
1636 1929 1753 1964 solatii

278 1981 457 2023 expertem
483 1978 590 2012 vitam
619 1979 825 2019 trahebant,
849 1989 912 2012 nec
941 1989 1015 2012 eam
1038 1977 1175 2022 quidem
1206 1982 1298 2011 metu
1325 1977 1480 2012 liberam.
1539 1977 1643 2011 Immo
1667 1988 1753 2011 vero

278 2024 416 2070 quidam
447 2036 491 2058 ex
516 2024 560 2058 iis
577 2024 687 2059 animo
713 2024 999 2062 circumferebant
1020 2023 1199 2068 imaginem
1224 2035 1339 2058 eorum
1366 2023 1549 2066 malorum,
1581 2035 1670 2068 quae
1699 2022 1754 2057 vel

277 2070 347 2104 iam
366 2070 597 2115 pertulerant,
621 2071 677 2105 vel
695 2071 861 2117 promissa
878 2073 1008 2104 tantum
1027 2075 1063 2104 et
1081 2070 1285 2104 denunciata
1300 2070 1446 2105 nondum
1465 2082 1505 2104 re
1521 2070 1598 2115 ipsa
1617 2068 1754 2116 experti

278 2117 429 2154 fuerant.
476 2116 696 2157 Quorundam
725 2128 826 2151 aures
854 2115 1147 2151 circumsonabant
1170 2116 1328 2151 convitiis
1356 2122 1391 2151 et
1410 2117 1510 2151 minis
1528 2116 1680 2161 quotidie
1699 2116 1754 2150 ia-

277 2161 394 2198 ctatis.
442 2161 555 2197 Erant
572 2163 675 2197 etiam
688 2187 699 2205 ,
724 2162 783 2208 qui
803 2162 839 2196 in
862 2167 998 2197 austera
1020 2163 1270 2197 exercitatione
1295 2163 1392 2197 annis
1412 2164 1488 2209 plus
1505 2162 1652 2207 triginta
1668 2173 1753 2196 exa-

278 2208 366 2252 ctis,
392 2209 548 2252 angustis
568 2209 763 2243 cellularum
784 2208 974 2254 parietibus
994 2210 1131 2255 penitus
1154 2209 1299 2251 inclusi,
1325 2214 1503 2255 postquam
1522 2208 1642 2244 maiori
1658 2208 1753 2243 vitae

279 2265 363 2289 suae
389 2258 490 2300 parte
516 2255 638 2289 mortui
660 2255 824 2297 fuissent,
849 2254 982 2299 reliqua
1006 2255 1073 2289 iam
1098 2259 1200 2301 parte
1228 2254 1404 2299 morituri,
1431 2260 1467 2290 et
1490 2255 1640 2301 glorioso
1668 2255 1750 2296 fine,

279 2311 402 2345 nempe
431 2301 615 2346 martyriO,
639 2305 746 2336 totam
773 2305 867 2335 retro
889 2301 994 2335 vitam
1019 2302 1175 2336 ornaturi
1201 2303 1365 2344 aderant3
1388 2313 1530 2348 quorum
1558 2301 1751 2343 nonnullos,

278 2346 383 2391 longo
403 2346 500 2380 senio
524 2346 676 2389 debiles,
710 2346 851 2381 aliorum
876 2348 1030 2382 manibus
1066 2349 1227 2383 subnixos
1256 2360 1297 2383 ac
1332 2353 1487 2394 gestatos
1520 2348 1752 2392 conspicatus,

281 2391 497 2437 illacrymavi
513 2392 684 2438 equidem,
694 2396 729 2427 et
739 2394 970 2429 vehementem
984 2406 1101 2429 eorum
1118 2395 1226 2429 zelum
1245 2395 1433 2429 admiratus
1448 2406 1531 2429 sum.
1555 2393 1641 2439 (11.)
1653 2394 1752 2428 Emi-

280 2439 386 2473 nebat
411 2444 593 2484 praeterea
612 2439 841 2486 Ephesiorum
861 2441 1024 2475 antistes:
1048 2442 1266 2486 grandaevus
1291 2441 1426 2486 quidem
1450 2440 1529 2482 ille;
1554 2451 1630 2475 nam
1653 2446 1752 2475 octo-

280 2484 446 2530 gesimum
476 2484 602 2519 aetatis
631 2497 751 2519 annum
775 2486 841 2520 iam
864 2487 1070 2522 excedebatz
1102 2486 1204 2521 animi
1233 2492 1345 2522 autem
1370 2493 1406 2522 et
1427 2487 1572 2522 omnium
1592 2497 1751 2521 sensuum

279 2531 403 2575 vigore
435 2531 611 2577 plusquam
635 2531 779 2566 iuvenili
811 2533 1000 2578 praeditus,
1056 2533 1250 2578 Fulgebant
1275 2545 1414 2579 quoque
1457 2533 1494 2568 in
1534 2545 1575 2568 eo
1607 2533 1751 2567 honesta

279 2577 396 2611 vultus
421 2577 576 2623 species,
608 2577 726 2622 lingua
745 2582 815 2612 tum
840 2578 1017 2619 volubilis,
1040 2584 1110 2615 tum
1134 2579 1235 2625 plane
1260 2580 1412 2622 voculi83
1435 2580 1480 2614 ad
1500 2580 1584 2614 haec
1602 2579 1752 2624 philoso-

279 2623 366 2677 phia
382 2625 528 2669 profana
548 2623 682 2669 pariter
699 2627 735 2658 et
755 2636 872 2666 sacra,
896 2636 968 2659 cum
987 2637 1053 2671 qua
1074 2626 1103 2660 is
1122 2626 1331 2660 adoleverat.
1378 2626 1480 2671 (111.)
1504 2626 1636 2660 Aderat
1652 2624 1751 2660 simul

279 2680 333 2711 is,
356 2669 412 2704 cui
432 2669 623 2715 spiritualis
641 2669 890 2705 administratio
908 2671 1056 2707 locorum
1075 2673 1176 2706 Gano
1205 2673 1310 2707 monti
1335 2672 1653 2713 circumiectorum,
1678 2672 1751 2706 cle-

280 2714 381 2760 rique
404 2719 440 2750 et
459 2716 576 2762 populi
593 2716 786 2751 Christiani
807 2728 889 2751 cura
911 2717 1092 2763 pastoralis
1118 2730 1194 2753 cum
1215 2718 1404 2764 pontificali
1427 2718 1633 2754 auctoritate
1658 2729 1750 2752 com-

281 2761 385 2796 missa
403 2762 490 2804 fuit3
513 2762 588 2805 vir,
611 2766 651 2796 ut
670 2762 770 2797 senili
787 2763 934 2806 canitie,
959 2764 1010 2799 ita
1032 2770 1068 2800 et
1085 2765 1186 2799 senili
1203 2765 1409 2810 prudentia3
1433 2765 1470 2800 in
1497 2775 1564 2810 quo
1588 2769 1750 2810 quantum

279 2806 379 2842 homo
413 2807 566 2843 exterior
592 2811 628 2843 et
661 2808 768 2844 oculis
795 2810 970 2845 subiectus
992 2822 1030 2845 se
1061 2810 1172 2856 ipsum
1201 2815 1457 2854 maceraverat,
1488 2814 1623 2845 tantum
1658 2810 1751 2844 inte-

280 2851 352 2887 rior
382 2857 418 2889 et
438 2853 550 2891 latens
574 2855 786 2902 vigescebat.
834 2855 976 2904 Quippe
1001 2857 1206 2905 episcopatu
1227 2857 1428 2906 iampridem
1455 2855 1586 2894 eiectus
1608 2856 1653 2893 ob
1674 2867 1749 2892 eam
