1768 3178
444 142 1161 195 fflsTomAEBYzANTmAE
1189 141 1288 187 x11.
1319 149 1357 188 1.
1512 124 1615 186 573

129 255 245 311 κίαν,
284 257 353 300 καὶ
388 252 606 312 πραότητα
634 255 739 311 πρὸς
767 253 1051 312 ὑπερηφανίαν
1077 254 1145 295 καὶ
1173 257 1333 310 τῦᾳον,
1379 254 1447 297 καὶ
1466 255 1607 298 πενίαν
1630 271 1666 301 Α.
1683 269 1721 300 C.
1739 266 1768 301 15

128 326 233 384 πρὸς
249 330 443 378 πλοῦτον,
459 327 525 367 καὶ
546 325 703 381 σιωπὴν
725 322 959 379 εὐσχήμονα
979 322 1082 380 πρὸς
1097 324 1213 378 χείλη
1236 320 1356 366 δόλια
1378 325 1447 366 καὶ
1466 327 1595 380 γλῶτ-
1605 314 1768 394 mags}

127 413 207 439 ταν
240 392 584 453 μεγαλοῤῥῆμονά
607 411 650 437 τε
671 395 740 437 καὶ
757 390 924 449 μακράν
953 409 1046 434 τινα
1081 391 1257 450 ῥέουσαν
1278 391 1355 448 τὴν
1380 391 1595 448 ἀσχήμονα
1604 405 1637 440 Ε
1737 384 1747 392 ”

127 465 361 522 φλυαρίαν·
408 465 476 506 καὶ
507 465 634 514 δεῖξαι
655 460 937 520 παρεξετάσας
947 494 961 514 ,
1000 462 1092 504 οἵαν
1108 461 1288 519 ἐπιφέρει
1309 461 1386 518 τὴν
1405 460 1604 518 στάθμην

97 539 207 590 δτῆς
225 535 342 589 δίκης
364 530 386 576 ὅ
410 533 634 589 ἀκοίμητος
654 529 890 590 ὀφθαλμός.
928 530 1063 590 ῥᾷστα
1079 530 1159 587 γὰρ
1187 530 1239 574 ι’ὶν
1267 532 1310 573 ἐν
1333 530 1507 590 τοιούτῳ
1529 536 1605 588 τῆς

126 603 278 659 ἀρετῆς
308 603 520 660 γυμνασίῳ
567 600 655 656 ἅμα
694 618 739 644 τε
771 605 845 656 τῆς
871 601 1074 656 ἀληθείας
1111 597 1138 655 ἦ
1167 598 1291 658 φύσις
1310 601 1603 658 ἐναργεστέραν

124 670 331 727 λαμβάνοι
361 670 437 726 τὴν
466 674 609 726 πῆξιν,
654 672 723 713 καὶ
755 669 843 725 ἅμα
873 673 1108 727 περιφανῶς
1138 667 1163 725 ἧ
1196 671 1318 712 κακία
1346 672 1599 728 φαυλίζοιτο,

125 741 195 784 διὰ
212 741 260 784 τὸ
278 739 338 796 μὴ
362 740 407 783 δ’
420 738 637 796 ἡντιναοῦν
657 740 807 797 ἀρετὴν
826 737 882 789 ὥς
904 736 1160 797 πορρωτάτω
1188 740 1331 790 κακίας
1359 737 1639 796 &martyrii-F

123 827 264 854 νιστον
295 809 344 853 τὸ
358 807 556 866 παράπαν
580 807 680 852 εἶναι
698 811 927 863 διαβιῶναι.
976 807 1065 867 (Γ.)
1092 806 1233 863 ’Έχειν
1254 808 1333 866 γὰρ
1354 808 1415 852 ἀεὶ
1438 811 1506 852 καὶ
1526 813 1603 866 γῆν

69 888 114 922 10
126 880 525 937 ἀντιφιλοτιμεῖσθαι
558 878 662 935 πρὸς
699 878 754 921 τὰ
783 878 976 934 αἰθέρια,
1014 878 1083 920 καὶ
1118 875 1329 930 δεικνύειν,
1373 878 1433 934 μὴ
1458 877 1604 933 μόνοις

122 953 200 993 κλι·
187 966 276 1006 ,ρον
308 949 514 1004 ἐξαίρετον
549 965 650 991 ειναι
684 954 773 997 τοῖς
810 947 1002 1004 οὐρανοῖς
1042 954 1201 1004 φωναῖς
1233 945 1466 1004 ἇφθόγγοις
1495 952 1602 991 θεοῦ

122 1021 354 1075 διηγεῖσθαι
386 1015 461 1068 δόξ
462 1035 514 1060 αν
546 1016 631 1070 ἀει,
678 1017 767 1059 ἀλλ’
810 1017 853 1068 ἐξ
889 1014 1139 1073 ἇντιρῥόπου
1181 1018 1248 1059 καὶ
1291 1021 1367 1073 γῆν
1395 1015 1499 1076 ἡλίῳ
1533 1018 1603 1059 καὶ

121 1085 323 1145 ἄστράσιν
343 1085 404 1130 ἇει
426 1086 520 1129 νέαν
545 1087 688 1137 ἐξεῖναι
711 1088 941 1142 διηγεῖσθαι
959 1084 1084 1137 δόξαν
1107 1090 1227 1139 θεοῦ,
1263 1088 1333 1128 καὶ
1354 1090 1429 1129 τοῦ
1448 1083 1601 1129 τοσού-

121 1175 197 1200 του
224 1154 441 1213 χρήματος
471 1153 664 1212 ὗπηρέτις
691 1153 717 1212 ἦ
745 1156 906 1213 ἱστορία
938 1157 1193 1198 καθίσταται
1218 1155 1400 1212 χορηγὸς
1420 1163 1508 1206 τοῖς
1524 1155 1600 1198 ἇν-

65 1238 110 1273 15
121 1224 323 1283 θρώποις.
360 1219 410 1281 ἧς
437 1223 590 1268 ὁπόσον
615 1226 726 1268 ἐστὶν
757 1225 800 1268 ἐν
832 1227 912 1283 βίῳ
932 1225 979 1268 τὸ
993 1223 1200 1282 χρήσιμον
1208 1257 1224 1278 ‚
1263 1225 1428 1281 ἀνδρῶν
1451 1242 1495 1268 τε
1514 1229 1647 1272 τῶνΡ.
1669 1236 1740 1274 355

119 1294 247 1338 πάλαι
267 1302 353 1345 τοῖς
382 1295 586 1345 πλείστοις
617 1295 727 1337 ἐστὶν
757 1295 968 1352 εἰρημένον
979 1328 995 1348 ,
1033 1295 1102 1337 καὶ
1122 1292 1287 1351 ἧμῖνγε
1308 1292 1505 1352 πολλᾴκις
1523 1294 1596 1337 αὗ-

118 1372 208 1415 τοῖς
235 1366 278 1415 ἐξ
307 1364 574 1419 αὐτοσχεδίου
596 1368 672 1419 τῆς
698 1362 882 1421 γλώττης
918 1361 1100 1419 ὑμνῆσαι
1144 1362 1332 1407 καθόσον
1366 1364 1484 1420 ἐξῆν,
1532 1365 1601 1406 καὶ

117 1432 332 1492 γράμμασι
351 1437 539 1489 πολλαχῆ
562 1440 648 1484 τοῖς
667 1431 878 1491 ἡμετέροις
894 1434 1221 1490 ἐγκατασπεῖραι,
1258 1431 1431 1489 κώλυμα
1449 1432 1600 1489 ἣκιστα

118 1502 287 1547 πάντων
326 1502 446 1553 ὄκνος
475 1503 611 1553 οὐδεὶς
653 1501 835 1559 ἐγεγόνει.
881 1501 986 1559 αὕτη
1005 1502 1084 1560 γὰρ
1109 1501 1397 1559 ἀναγινώσκειν
1417 1500 1599 1545 διδάσκει

64 1584 112 1620 20
122 1570 314 1630 καθάπερ
336 1573 499 1627 βιβλίον
520 1576 604 1615 τῶν
622 1574 797 1615 αἰωνίων
817 1573 947 1629 ἔργων
967 1572 1067 1622 τοὺς
1083 1570 1259 1622 κύκλους
1275 1586 1286 1596 ·
1321 1573 1388 1614 καὶ
1402 1571 1470 1614 διὰ
1492 1569 1597 1614 ταύ-

117 1659 194 1698 της
219 1642 259 1685 οἳ
281 1640 411 1685 πάλαι
427 1639 628 1691 θανόντες
647 1639 835 1696 ὁμιλοῦσι
856 1648 942 1695 τοῖς
963 1642 1066 1693 ζῶσί
1081 1658 1124 1684 τε
1144 1642 1213 1684 καὶ
1238 1640 1301 1684 ἀεὶ
1328 1641 1593 1698 γιγνομένοις,

118 1709 177 1761 ὥς
206 1711 269 1754 ἀεὶ
298 1708 521 1768 παρόντες,
563 1711 633 1753 καὶ
662 1710 738 1760 τὰς
764 1711 914 1760 οἰκείας
945 1710 1107 1753 ἕκαστοι
1148 1712 1383 1767 διηγοῦνται
1407 1708 1631 1768 πράξεις,Β

116 1782 188 1824 καὶ
218 1780 292 1823 εἷ’τι
318 1779 434 1837 παρὰ
466 1779 539 1822 τὸν
568 1780 662 1834 βίον
694 1783 778 1823 τῶν
803 1783 997 1836 χρηστῶν
1023 1780 1092 1823 καὶ
1119 1779 1179 1835 μὴ
1195 1780 1446 1823 πεπονθέναι
1463 1779 1602 1836 γέγονέ

116 1866 283 1908 σφισιν,
321 1848 547 1903 ἀναβίωσιν
567 1848 806 1906 καινοτέραν
838 1850 1061 1903 δαιμονίως
1092 1866 1182 1899 πως
1210 1853 1285 1904 τῆς
1315 1849 1501 1904 ἱστορίας
1521 1850 1599 1904 δη-

61 1916 406 1977 25μιουργοῦσης.
444 1917 549 1974 αὕτη
577 1919 722 1960 κακίαν
767 1918 829 1961 ἀεὶ
863 1920 1046 1976 φαυλίζει
1084 1918 1135 1962 δι’
1172 1912 1332 1969 αι’ῶνος-
1358 1918 1595 1974 ἐλέγχουσα,

115 2020 226 2053 tatem
248 2027 322 2052 cum
346 2015 505 2058 divitiis,
540 2015 691 2062 linguam
719 2015 932 2070 magnificam
960 2019 997 2050 et
1021 2015 1179 2051 futilibus
1204 2015 1321 2051 verbis
1347 2015 1598 2050 redundantem

116 2076 195 2099 cum
212 2064 410 2099 verecundo
430 2063 568 2097 silentio
589 2063 690 2097 velim
707 2064 888 2104 conferre,
911 2062 1070 2108 idemque
1085 2065 1182 2097 facta
1205 2062 1462 2108 comparatione
1479 2067 1599 2096 osten-

115 2111 222 2153 dere,
246 2109 350 2156 quale
369 2109 535 2144 adhibeat
561 2121 703 2143 examen
727 2103 879 2155 pervigil
902 2109 1042 2144 divinae
1061 2109 1218 2144 iustitiae
1242 2109 1371 2143 oculus.
1417 2108 1598 2142 Facillime

115 2157 208 2192 enim
229 2157 269 2191 in
286 2168 327 2191 eo
343 2156 445 2201 quasi
466 2156 607 2190 virtutis
622 2156 798 2202 gymnasio
818 2162 855 2190 et
874 2162 997 2191 natura
1015 2156 1173 2191 veritatis
1191 2156 1367 2191 declarata
1387 2154 1596 2196 stabilietur,

114 2209 155 2238 et
175 2203 286 2258 palam
307 2207 428 2237 notata
456 2202 657 2248 improbitas
683 2203 894 2236 elevabitur:
925 2203 1030 2247 idque
1048 2215 1088 2238 eo
1109 2202 1239 2248 magis,
1262 2202 1354 2248 quod
1373 2201 1466 2236 nulla
1481 2201 1595 2235 virtus

113 2262 139 2286 a
156 2251 243 2285 vitio
267 2249 381 2295 aliquo
408 2251 539 2284 aemulo
566 2250 670 2294 longe
696 2249 821 2294 posita
836 2249 893 2283 sit.
940 2249 1043 2294 (111.)
1064 2250 1202 2295 Nempe
1220 2254 1257 2284 et
1281 2254 1399 2283 terrae
1421 2247 1491 2293 ipsi
1519 2258 1596 2282 cum

113 2295 282 2332 aetheriis
297 2297 401 2330 rebus
418 2301 555 2330 certare
574 2302 766 2349 pro-mptum
785 2300 851 2337 est,
875 2299 911 2329 et
928 2296 1130 2338 ostendere,
1151 2307 1219 2330 non
1237 2307 1308 2330 eam
1328 2307 1405 2329 esse
1422 2294 1596 2329 caelorum

115 2348 247 2378 sortem
264 2342 438 2388 propriam
463 2353 506 2376 ac
529 2342 766 2387 praecipuam,
798 2347 838 2375 ut
858 2342 960 2376 mutis
984 2343 1129 2376 vocibus
1155 2342 1224 2377 Dei
1250 2341 1395 2387 gloriam
1422 2344 1597 2383 enarrent,

115 2390 181 2425 sed
206 2398 243 2424 et
262 2389 413 2424 vicissim
439 2389 504 2423 sibi
532 2389 647 2423 datum
676 2401 774 2431 esse,
796 2394 836 2422 ιιι
853 2389 1029 2434 praedicet
1047 2389 1111 2423 soli
1134 2394 1171 2423 et
1191 2389 1294 2423 astris
1314 2399 1437 2422 novam
1459 2397 1597 2441 semper

114 2435 185 2471 Dei
203 2435 362 2480 gloriam.
406 2437 460 2471 Ac
478 2439 596 2470 tantae
615 2435 752 2481 quidem
772 2434 825 2469 rei
843 2435 999 2470 ministra
1023 2435 1183 2470 Historia
1209 2440 1246 2469 et
1267 2434 1428 2479 largitrix
1450 2432 1596 2468 homini·

114 2483 183 2517 bus
201 2482 390 2516 constituta
406 2487 473 2517 est.
520 2482 631 2516 Cuius
648 2487 777 2527 quanta
792 2487 884 2516 esset
900 2482 937 2516 in
951 2482 1017 2517 hac
1034 2483 1109 2517 vita
1126 2481 1272 2523 utilitas,
1288 2492 1366 2516 cum
1383 2481 1428 2515 ab
1443 2479 1596 2524 antiqui-

114 2529 291 2584 plerisque
314 2528 521 2563 declaratum
546 2534 618 2570 est,
650 2533 722 2563 tum
748 2539 769 2562 a
794 2528 925 2562 nobis
915 2528 1001 2574 ipsis
1023 2539 1291 2583 saepenumer03
1313 2538 1404 2582 quoq
1420 2537 1594 2581 nunquam
1642 2570 1666 2579 ,α

115 2576 154 2610 ad
174 2586 287 2621 ipsum
309 2574 423 2621 piguit
442 2574 518 2610 sive
534 2587 579 2610 ex
603 2579 758 2620 tempore
777 2575 1002 2629 praedicare,
1034 2574 1108 2609 sive
1132 2573 1274 2619 scriptis
1297 2572 1425 2608 nostris
1447 2571 1594 2618 sparsim
1664 2583 1667 2586 ·

113 2626 279 2656 testatum
304 2622 510 2667 relinquere.
556 2622 714 2656 Historia
736 2622 827 2655 enim
850 2627 924 2664 est,
949 2633 1039 2667 quae
1057 2621 1167 2655 veluti
1186 2620 1308 2656 librum
1327 2618 1595 2666 pervolutandas

116 2669 262 2714 praebet
284 2668 540 2702 vicissitudines
566 2674 603 2702 et
625 2668 867 2702 conversiones
894 2679 1004 2702 rerum
1036 2667 1126 2702 omni
1149 2678 1236 2702 aevo
1260 2673 1447 2722 gestarnm.
1494 2665 1594 2700 Haec

116 2715 241 2756 efficit,
250 2720 290 2749 ιιι
304 2714 457 2749 homines
475 2714 608 2760 pridem
624 2714 748 2748 mortni
768 2719 803 2750 et
819 2714 911 2749 vivis
931 2719 968 2749 et
984 2715 1084 2749 novis
1101 2713 1258 2769 quotidie
1274 2713 1466 2748 hominibus
1485 2712 1596 2747 inter-

116 2761 207 2802 sint,
229 2761 331 2807 quasi
357 2772 493 2807 semper
519 2765 733 2807 praesentes.
779 2761 893 2795 Huius
908 2760 1026 2796 divina
1045 2760 1191 2816 quadam
1209 2760 1342 2795 'virtute
1358 2759 1598 2813 unusquisque

115 2806 295 2843 redivivus
323 2812 362 2842 et
383 2818 448 2842 sua
471 2813 591 2842 narrat
616 2807 793 2849 facinora,
824 2813 862 2842 et
888 2807 1056 2854 quidquid
1082 2807 1151 2842 sibi
1176 2806 1255 2842 dum
1281 2806 1418 2842 viveret
1435 2804 1518 2839 boni
1539 2803 1596 2838 vel

116 2853 197 2890 mali
213 2853 352 2890 accidit.
397 2854 498 2891 Haec
519 2860 585 2898 est,
606 2865 697 2902 quse
715 2853 879 2902 deprimit
894 2865 1030 2902 semper
1049 2858 1085 2890 et
1099 2857 1278 2891 aeternum
1296 2852 1413 2899 arguit
1430 2849 1595 2899 improbi-
