1794 3172
325 68 642 139 ms‘romAE
661 91 1038 139 BYZANTINAE
1068 91 1192 138 xlx.
1212 94 1253 140 4.
1437 85 1541 135 949

61 205 139 263 ρὰν
151 206 392 263 θεωρεῖται·
417 202 444 260 ἢ
466 201 574 247 κατά
589 221 629 247 τι
646 207 730 248 τῶν
751 203 795 247 ἓν
816 203 945 263 αὐτῷ,
969 204 1037 246 καὶ
1057 207 1181 247 τοῦτο
1202 204 1350 259 διχῶς·
1379 200 1406 260 ἢ
1428 202 1535 246 κατὰ
1559 215 1597 248 Α.
1615 212 1761 249 o.1351

58 275 107 318 τὸ
128 274 281 327 ποσὸν,
314 273 421 317 καθ’
447 272 469 316 ὃ
497 272 524 330 ἡ
544 272 714 329 αι’)’ξησις
732 275 799 315 καὶ
819 271 845 328 ἦ
864 276 1031 328 μείωσις
1051 275 1278 316 δείκνυται·
1314 271 1341 330 ἢ
1366 272 1474 316 κατὰ
1490 262 1763 342 τόυἳξζὲξὲοέὼ

58 343 200 397 ποιὸν,
237 345 281 395 ἐξ
310 338 360 387 οὗ
382 343 622 401 ἐμφαίνεται
646 341 673 399 ἦ
702 342 945 393 ἀλλοίωσις·
981 342 1008 398 ἢ
1035 343 1122 385 ἔστι
1146 341 1581 399 μετασχηματισμὸς-Β

55 411 321 470 χαρακτῆρός
350 430 487 465 τινος,
521 411 549 469 ἢ
578 410 685 455 κατά
711 430 751 455 τι
780 417 864 455 τῶν
889 415 964 455 τοῦ
995 410 1259 467 ὑποκειμένου
1294 410 1539 470 πράγματος

26 482 278 539 δέξαλλαγὴ,
299 480 561 539 χωριστῶςῆ
583 481 823 537 ἀχωρίστως
843 482 1218 536 ἐπισυμβαίνουσα·
1255 481 1354 538 ὅπερ
1373 481 1540 525 ἀλλοῖον
1568 477 1579 492 ⁴

56 552 133 608 μὲν
167 553 235 595 καὶ
263 549 466 609 διάφορον
494 555 569 594 τοῦ
598 551 802 608 προτέρου
835 553 1060 603 δείκνυσιν,
1092 551 1141 594 οὗ
1168 550 1252 607 μὴν
1284 551 1387 595 ἄλλο
1419 568 1460 594 τι
1487 550 1536 595 τό

57 618 349 674 ἀλλοιούμενον
385 618 666 678 ἀπεργάζεται.
715 620 764 663 οὗ
792 620 872 678 γὰρ
901 620 1116 671 οὖσιωδῶς
1143 621 1389 675 μετέβαλεν·
1437 619 1536 664 ἀλλ’

57 690 102 733 ἐκ
127 692 287 734 τοιοῦδε
310 689 384 734 τὸν
409 689 536 733 αὐτὸν
561 688 720 734 τοιόνδε
748 690 855 733 κατὰ
888 690 936 734 τὸ
966 689 1084 733 ποιὸν
1104 690 1294 746 γενέσθαι
1325 691 1530 746 πεποίηκε.
1545 705 1577 739 c

56 764 180 803 τοῦτο
212 761 237 802 δ
244 759 256 775 '
296 759 372 803 οὐκ
406 758 515 803 ἔστιν
536 760 579 811 ἐξ
602 758 709 804 ὅλων
732 758 830 803 ὅλον
857 763 1215 815 μεταβεβλῆσθαι.
1260 759 1309 803 τὸ
1329 759 1409 817 γὰρ
1429 757 1536 802 ὓπο-

0 834 46 873 10
59 830 241 883 κείμενον
261 827 428 879 πάντως
445 827 638 884 ὖπομένει
660 827 903 885 σωζόμενον.
941 831 976 872 εἴ
1004 830 1048 872 δὲ
1073 829 1180 871 κατὰ
1197 828 1246 872 τὸ
1268 829 1398 872 ποσὸν
1415 829 1535 885 μετί-

55 902 205 953 βαλεν,
243 897 416 954 αὔξησίν
447 897 586 955 τιναῆ
610 900 778 954 μείωσιν
799 899 965 950 ε’δέξατο
995 900 1063 941 καὶ
1091 897 1388 955 παραλλαγὴν,
1425 898 1534 942 κατὰ

53 968 128 1010 τὸν
152 967 386 1022 σωματικὸν
404 967 526 1025 ι’)’γκον
540 968 704 1025 μεγέθει
722 968 957 1025 διενέγκασα
969 1000 983 1022 ,
1014 967 1042 1025 ἥ
1061 969 1147 1011 ε’στι
1167 972 1242 1011 τοῦ
1261 985 1305 1025 γε
1324 967 1405 1024 ἤδη
1428 985 1534 1024 προ-

52 1035 314 1093 ϋπάρχοντος
347 1039 414 1080 καὶ
447 1038 803 1094 εἰδοπεποιημένου
836 1039 1019 1088 ἐπίδοσις
1050 1036 1078 1094 ἢ
1106 1036 1262 1095 ὕφεσις.
1311 1037 1408 1080 ἀλλ’
1437 1037 1535 1081 οὐδὲ

53 1111 189 1149 ταῦτα
208 1105 310 1149 ἄλλο
333 1124 373 1149 τι
399 1106 515 1165 παρὰ
537 1107 584 1150 τὸ
608 1108 782 1164 ἐξαρχῆς
798 1105 988 1165 ὗπᾶρξαν
1007 1114 1119 1151 ποιεῖ
1120 1141 1134 1160 ,
1172 1106 1271 1150 ἀλλ’
1292 1107 1336 1150 ἐκ
1357 1109 1533 1151 τοσοῦδε

0 1183 43 1221 1⁵
53 1175 126 1219 τὸν
147 1174 275 1219 αὐτὸν
295 1173 466 1220 τοσόνδε
494 1176 601 1220 κατὰ
623 1176 672 1221 τὸ
694 1178 864 1233 πηλίκον
884 1180 1078 1234 γενέσθαι
1103 1178 1333 1232 πεποίηκεν.
1381 1176 1533 1221 οὐκοῦν

53 1244 151 1288 οὐδὲ
167 1244 275 1288 κατὰ
291 1250 440 1290 τοῦτον
461 1245 536 1289 τὸν
560 1243 716 1304 τρόπον
738 1248 782 1299 ἐξ
803 1245 911 1291 ὅλων
932 1245 1008 1304 ὅλη
1031 1247 1338 1302 μεταβέβληται
1360 1244 1388 1303 ἦ
1417 1255 1566 1305 μορ-1)

52 1312 126 1373 φή.
173 1315 219 1358 τί
240 1309 314 1358 οὖν
340 1315 454 1372 gau,-
489 1317 669 1359 λείπεται
704 1317 830 1373 λέγειν
860 1316 968 1360 καθ’
1007 1314 1137 1373 αὑτὴν
1170 1319 1529 1372 μεταβεβλῆσθαι.

49 1389 175 1428 τοῦτο
200 1385 246 1428 δὲ
263 1386 355 1442 περὶ
374 1385 451 1442 τὴν
477 1385 620 1429 οὐσίαν
640 1385 771 1442 αὐτὴν
789 1386 871 1443 ἦ-’δη
897 1386 974 1442 τὴν
997 1386 1234 1442 μεταβολὴν
1266 1387 1528 1439 ἐνδείκνυται,

50 1455 142 1511 περὶ
163 1451 216 1510 ἣν
236 1451 262 1510 ἦ
283 1454 434 1510 γένεσις
466 1456 534 1498 καὶ
553 1453 580 1511 ἦ
605 1455 753 1513 φθορὰ
783 1460 1014 1513 θεωρεῖται.
1064 1456 1149 1498 ἐπεὶ
1171 1450 1244 1498 οὖν
1268 1452 1531 1512 ὡμολόγηται

0 1520 151 1578 ῑοῆμῖν
181 1522 230 1566 τὸ
251 1527 327 1566 τοῦ
346 1527 536 1580 Χριστοῦ
558 1525 795 1580 σωματικὸν
812 1522 1004 1582 ὑπάρξαν
1031 1522 1139 1574 εἶδος
1167 1525 1254 1582 (καὶ
1275 1529 1400 1568 τοῦτο
1430 1524 1526 1567 οὐδ’

49 1590 103 1634 ἂν
127 1590 254 1643 αὐτὸς
270 1590 384 1648 οἶμαι
404 1593 606 1650 ἀρνηθείη
621 1606 633 1618 ·
669 1596 786 1637 δοκεῖ
799 1594 877 1651 γὰρ
896 1593 1160 1651 εὐγνωμονεῖν
1182 1597 1321 1643 ποσῶς
1336 1595 1427 1651 περὶ
1450 1593 1528 1649 τὴν

47 1662 224 1718 ἓξαρχῆς
255 1660 455 1719 ὕπαρξιν·
491 1663 578 1706 ἐπεὶ
604 1660 738 1707 πόθεν
761 1663 874 1723 αὐτῷ
892 1661 919 1720 ἢ
937 1662 1149 1719 μεταβολὴ
1176 1660 1523 1721 πορισθήσεταις)

140 1751 175 1786 1.
199 1744 222 1794 ἦ
240 1746 337 1784 κατὰ
355 1747 398 1786 τὸ
415 1750 471 1794 m]
497 1745 521 1794 ἢ
540 1747 612 1795 γάρ
633 1749 722 1785 idem
740 1749 817 1786 cod.
908 1751 943 1785 2.
968 1747 1231 1796 μεταβάλλεται
1248 1748 1346 1784 addit
1365 1753 1443 1795 post
1456 1762 1527 1785 πο-

140 1793 206 1832 σὸν
215 1795 265 1830 id.
275 1796 353 1831 cod.
425 1798 460 1833 5.
481 1793 575 1842 ἅπερ
591 1797 638 1831 id.
658 1797 734 1832 cod.
812 1797 848 1833 7.
870 1794 961 1834 καθ’
982 1794 1076 1834 αὐτὸ
1095 1795 1211 1844 ἤγουν
1223 1792 1375 1834 ου’σιωδ.
1386 1796 1434 1834 id.
1445 1796 1524 1832 cod.

140 1844 197 1879 12.
221 1839 315 1887 ἅπερ
339 1841 438 1879 ἐστὶν
458 1843 507 1878 id.
530 1844 609 1881 cod.

48 1911 146 1947 cuius
164 1924 291 1955 eorum,
310 1923 400 1959 quae
415 1912 450 1948 in
469 1925 510 1949 eo
530 1916 634 1955 sunt;
657 1911 761 1959 idque
778 1912 960 1955 bifariam3
983 1925 1105 1959 nempe
1123 1915 1183 1948 aut
1198 1913 1332 1949 ratione
1344 1912 1522 1958 quantita-

47 1959 116 2001 tis,
139 1959 176 1993 in
203 1971 271 2005 qua
290 1965 509 2004 augmentum
527 1966 564 1995 et
582 1960 771 1995 deminutio
793 1965 991 2006 spectatur-3
1016 1966 1076 1995 aut
1104 1960 1238 1995 ratione
1263 1959 1463 2006 qualitatis,
1486 1959 1523 1993 in

47 2017 117 2051 qua
133 2005 292 2040 alteratio
311 2006 470 2051 exsistit,
495 2018 585 2052 quae
604 2013 659 2041 est
684 2006 829 2041 alicuius
854 2007 1067 2042 characteris
1085 2006 1361 2048 transformatio,
1385 2018 1448 2040 seu
1466 2017 1523 2039 se-

45 2052 194 2086 eundum
210 2051 294 2098 quid
314 2063 443 2094 eorum,
462 2065 550 2099 quae
573 2053 611 2087 in
626 2053 787 2088 'subiecto
804 2059 894 2095 sunt,
910 2053 1152 2099 separabiliter
1170 2053 1224 2088 vel
1242 2052 1522 2098 inseparabiliter

45 2099 233 2133 adveniens
248 2099 406 2143 mutatio,
416 2110 505 2144 quae
523 2099 559 2133 id
571 2099 664 2145 quod
675 2099 845 2135 alteratur
853 2100 997 2135 aiterum
1009 2100 1158 2146 quidem,
1169 2106 1205 2135 et
1213 2100 1257 2134 ab
1268 2111 1308 2134 eo
1318 2099 1411 2145 quod
1424 2098 1522 2145 prius

46 2145 117 2179 fuit
133 2145 328 2186 diversum,
352 2156 420 2180 non
439 2151 553 2181 tamen
573 2145 666 2180 aliud
696 2146 815 2181 efficit.
861 2147 940 2182 Nec
957 2146 1045 2182 enim
1064 2145 1338 2181 substantialiter
1363 2145 1520 2188 mutavit,

45 2191 108 2225 sed
128 2191 214 2225 illud
233 2191 346 2237 ipsum
367 2192 437 2227 tale
459 2204 502 2227 ex
526 2192 588 2227 tali
615 2193 799 2227 secundum
817 2192 1017 2239 qualitatem
1033 2193 1164 2228 effecit.
1209 2192 1287 2227 Hoc
1314 2197 1426 2227 autem
1451 2203 1519 2226 non

46 2245 102 2272 est
114 2243 222 2272 totum
238 2249 281 2272 ex
303 2242 376 2272 toto
396 2243 562 2273 mutatum
579 2238 699 2273 finisse.
746 2239 921 2285 Siquidem
935 2240 1124 2275 subiectum
1140 2239 1250 2285 ipsum
1265 2238 1395 2274 salvum
1411 2237 1521 2272 omni-

45 2295 91 2318 no
111 2288 237 2319 manet.
285 2284 388 2326 Quod
403 2286 433 2319 si
451 2286 488 2319 in
507 2285 704 2331 quantitate
724 2286 868 2320 mutatio
883 2286 978 2321 facta
1003 2293 1116 2328 esset,
1138 2291 1208 2321 tum
1229 2290 1444 2330 augmentum
1464 2283 1518 2317 vel

45 2329 307 2365 deminutionem
332 2342 414 2366 caro
431 2332 567 2366 Christi
586 2343 691 2377 passa
707 2331 848 2374 missen
872 2337 909 2366 et
925 2333 1056 2367 variam
1082 2332 1356 2378 progressionem
1374 2329 1518 2364 habuis-

45 2381 121 2417 set,
153 2382 190 2411 et
211 2376 397 2412 secundum
417 2378 536 2413 molem
563 2379 720 2424 corporis
741 2379 850 2413 maior
870 2378 1023 2414 minorve
1046 2378 1256 2414 exstitisset:
1279 2389 1371 2423 quae
1391 2381 1445 2411 est
1464 2376 1518 2410 rei

44 2423 312 2468 praeexistentis
329 2429 366 2458 et
380 2424 447 2460 iam
467 2424 688 2471 specificatae
700 2425 852 2460 accretio
869 2425 926 2459 vel
946 2425 1143 2461 deminutio.
1178 2427 1226 2460 At
1242 2436 1306 2459 nec
1325 2424 1394 2457 ista
1409 2422 1518 2463 aliud,

44 2479 145 2514 quam
173 2469 264 2514 quod
284 2469 385 2504 initio
408 2471 495 2512 fuit,
527 2471 677 2512 faciunt3
701 2471 763 2505 sed
792 2477 831 2505 ut
860 2470 948 2506 idem
981 2483 1024 2506 ex
1052 2476 1150 2507 tanto
1174 2476 1308 2507 tantum
1334 2469 1518 2504 secundum

43 2514 272 2560 quantitatem
289 2516 390 2551 fieret
408 2518 612 2552 effecerunt.
659 2517 783 2562 ltaque
800 2529 864 2552 nec
882 2529 925 2552 eo
939 2519 1039 2553 modo
1058 2523 1133 2553 tota
1150 2530 1195 2553 ex
1212 2523 1285 2552 toto
1311 2517 1420 2550 sonna
1442 2526 1517 2549 mu-

42 2564 118 2595 tata
135 2567 202 2596 est.
248 2561 343 2603 Quid
365 2574 449 2608 ergo
461 2564 480 2598 ⁴3
511 2563 599 2598 Illud
618 2563 798 2599 dicendum
816 2568 946 2606 restat,
964 2565 1151 2599 secundum
1169 2577 1208 2598 se
1226 2564 1332 2608 ipsam
1353 2565 1515 2596 mutatam

43 2606 164 2644 fuisse.
190 2606 249 2661 ‘Id
271 2619 353 2642 vero
376 2609 502 2645 factam
521 2610 557 2644 in
573 2610 650 2656 ipsa
673 2610 869 2645 substantia
892 2611 1112 2645 mutationem
1134 2609 1268 2656 arguit,
1293 2608 1387 2642 circa
1411 2618 1516 2653 quam

43 2657 224 2698 generatio
242 2658 280 2689 et
298 2665 399 2689 cortu
423 2656 473 2691 tio
495 2657 768 2691 considerantur.
814 2656 984 2698 Quoniam
1003 2657 1114 2702 igitur
1131 2657 1176 2691 de
1190 2668 1231 2691 eo
1246 2655 1337 2690 inter
1353 2665 1415 2688 nos
1432 2664 1517 2687 eon-

41 2698 151 2742 venit,
170 2700 312 2734 formam
330 2701 463 2737 Christi
483 2714 524 2737 co
590 2714 685 2738 ream
706 2701 881 2738 exstitisse
898 2704 1032 2748 (neque
1051 2703 1087 2738 id
1099 2729 1110 2745 ‚
1135 2703 1242 2744 cedo,
1266 2701 1343 2746 ipse
1360 2711 1515 2745 negave-

40 2745 110 2780 rit:
133 2756 209 2780 nam
228 2745 274 2798 de
289 2758 329 2781 ea
340 2772 351 2788 ,
375 2759 466 2793 quae
483 2749 528 2784 ab
546 2749 648 2784 mitio
670 2749 751 2790 fuit,
775 2748 978 2784 exsistentia
996 2749 1135 2784 videtur
1154 2750 1398 2795 quadamtenus
1415 2751 1517 2782 recte

40 2791 189 2829 sentire:
212 2792 366 2840 ahoquin,
381 2794 473 2830 unde
492 2796 563 2832 erit
583 2795 617 2831 ei
633 2795 778 2832 mutatio
788 2795 828 2840 ἓ)
850 2807 962 2844 eaque
981 2796 1112 2839 forma,
1135 2801 1175 2832 ut
1201 2794 1371 2837 ait‚·tota
1391 2803 1435 2828 ex
1457 2797 1514 2827 to-
