1754 3164
570 180 1044 228 ANNOTATIONES.
1408 173 1540 223 1305

124 291 229 342 Peg.
259 290 365 341 959,
395 292 436 334 3.
496 285 633 330 Πάλιν
650 287 695 329 οἷ
712 287 929 340 σωματικαὶ
948 303 985 330 ιι.
1003 302 1038 330 τ.
1057 287 1122 341 λ.]
1142 287 1326 340 ‘Gregon
1354 287 1541 328 Nazianz.

12 345 125 387 Orat.
148 347 200 386 de
217 347 334 387 Filio.
365 360 455 401 pag.
479 350 577 391 570.
597 347 694 390 565.
714 346 810 388 567.
870 359 1022 385 nomn.

129 406 224 458 Peg.
256 407 364 452 960,
397 409 434 447 1.
490 401 725 455 Βασίλειος]
774 402 946 442 Basilius
976 402 1142 454 Magnus
1171 407 1313 441 contra
1343 401 1542 441 Sabellia-

10 473 99 502 nos.
155 474 313 503 notvm.

125 516 229 571 Pag.
259 521 357 567 960,
386 519 428 559 6.
467 515 552 558 Καὶ
572 513 722 569 πάλιν]
752 514 864 554 Idem
885 521 1022 555 contra
1044 516 1209 556 Eunom.
1227 514 1358 554 lib.11.
1386 528 1541 555 nomm.

125 573 227 628 1²⁰3.
257 577 363 624 960,
394 577 459 617 12.
518 572 602 615 Καὶ
619 569 771 626 πάλιν]
802 573 910 612 Idem
928 573 1055 626 Epist.
1072 577 1112 616 6.
1170 586 1322 612 nonus.

126 629 228 685 Pag.
257 633 338 674 961
354 660 367 681 ,
399 631 466 674 15.
526 627 818 683 Χαλεπῶτερα]
846 630 998 670 Eccles.
1020 644 1109 682 cap.
1128 628 1200 669 ΙΙΙ.
1220 643 1260 668 v.
1278 633 1345 672 22.
1390 643 1540 672 noxvm.

128 686 231 741 Peg.
259 691 364 737 963,
394 689 437 730 5.
497 686 720 741 Γέγραπται
734 684 811 740 yde
828 702 864 726 κ.
888 702 920 728 τ.
941 686 1003 739 λ.]
1032 687 1081 728 D.
1101 687 1212 725 Paul.
1233 685 1284 725 ad
1301 687 1429 726 Galat.
1450 701 1541 741 cap.

13 744 86 784 ΙΙΙ.
105 758 145 786 v.
165 749 230 788 10.
261 746 477 784 Deuteron.
499 758 590 797 cap.
608 743 775 782 XXVII.
807 756 844 784 v.
865 747 936 787 26.
993 757 1148 787 Boxvm.

132 804 227 855 Peg.
254 804 364 852 964,
396 805 464 844 10.
508 804 573 857 Τῷ
588 799 718 842 δὲκαὶ
740 796 852 857 αὐτῷ
873 799 977 853 οἱα]
1006 800 1157 839 Vitiosa
1176 800 1436 849 constructio,
1465 815 1543 854 pro

15 856 38 900 ὅ
54 857 183 899 δὲκαὶ
200 855 322 908 αὐτὸς
335 856 445 911 παροῖ
461 859 709 911 προσδοκίαν
725 861 810 906 τοῖς
822 853 1023 907 τοιούτοις
1039 855 1302 910 ἔμπεπτωκώς
1321 864 1399 902 etc,
1428 857 1544 896 Eius·

14 916 125 955 modi
148 917 375 969 Antiptoses
397 929 478 955 non
500 928 651 968 paucas
673 914 782 968 apud
801 915 1020 966 Gregoram
1044 915 1257 954 observare
1277 920 1347 954 est.
1386 927 1542 955 nowm.

129 972 228 1026 Pag.
251 976 350 1023 966,
375 975 441 1015 18.
468 968 537 1013 'Ex
553 975 627 1024 τῆς
647 967 868 1026 ὀρχήστρας
884 1000 894 1010 .
909 1001 919 1010 .
932 1003 943 1014 .
955 1002 965 1012 .
987 972 1201 1025 πρίασθαι]
1219 967 1437 1025 Ὀρχήστρα
1450 986 1545 1024 pro-

16 1031 102 1084 prie
125 1036 185 1068 est
202 1029 315 1070 locus
334 1031 377 1069 in
395 1043 473 1083 quo
494 1027 680 1068 saltatur.
737 1027 945 1067 Probabile
965 1035 1096 1068 autem
1116 1034 1176 1067 est
1195 1029 1239 1066 in
1271 1029 1415 1080 quibus
1440 1028 1544 1067 locis

16 1088 227 1127 saltatores
249 1101 292 1127 se
312 1086 570 1136 exercebant,
590 1086 633 1124 in
643 1084 783 1125 iisdem
795 1084 1019 1124 venundari
1036 1086 1175 1125 solitas
1193 1099 1346 1124 merces
1365 1086 1542 1133 frivolas,

17 1145 153 1198 qualia
169 1151 264 1184 sunt
279 1144 435 1183 ludicra
452 1143 728 1192 instrumenta,
746 1147 785 1181 et
796 1155 897 1194 quae
914 1148 1111 1181 vocantur
1130 1142 1363 1195 crepundia.
1391 1155 1546 1182 nmvm.

133 1204 231 1256 Peg.
262 1204 369 1252 966,
400 1204 467 1243 18.
529 1196 742 1253 Γρᾶμμασι
758 1196 834 1252 γάρ
861 1195 1003 1251 σχεδὸν
1024 1196 1279 1240 παντάπασιν
1302 1194 1545 1250 ἀνομίλητον

18 1254 390 1312 εὖρίσκωναῦτόν]
421 1257 545 1309 Atqui
577 1257 898 1295 cantaeuzenum
930 1262 1086 1295 constat
1119 1256 1280 1296 minime
1310 1256 1545 1295 illiteratum

17 1317 153 1362 fuisse.
182 1315 305 1369 idque
324 1314 451 1367 ipsius
465 1315 665 1365 Gregorae
683 1313 924 1363 testimonio,
956 1313 1026 1365 qui
1047 1326 1170 1366 supra
1194 1313 1263 1352 lib.
1280 1313 1391 1352 XIX.
1412 1327 1498 1365 cap.
1513 1312 1544 1353 Ι.

18 1380 117 1413 sect.
138 1373 180 1417 4.
211 1388 295 1413 eum
323 1372 426 1411 dixit
447 1371 526 1410 iam
557 1369 650 1409 inde
676 1369 728 1409 ab
757 1371 871 1409 initio
892 1368 1188 1409 humanioribus
1222 1368 1361 1409 litteris
1388 1383 1546 1422 operam

18 1428 123 1470 ultro
155 1428 252 1468 dare
276 1429 512 1478 instituisse,
548 1425 768 1481 multosque
795 1436 831 1465 et
858 1427 986 1464 omnis
1011 1427 1163 1479 generis
1187 1424 1312 1466 libr-os
1340 1425 1546 1464 ambitiose

19 1488 319 1541 conquisivisse‚
349 1495 466 1539 atque
494 1486 537 1524 in
570 1482 653 1523 dies
682 1497 823 1522 novum
853 1480 1012 1537 aliquid
1037 1497 1126 1523 cum
1149 1481 1278 1523 dicere
1298 1491 1380 1522 ium
1406 1480 1546 1522 audire

18 1545 298 1598 impensissime
319 1541 524 1582 studuisse.
582 1554 736 1582 solvm.

136 1603 233 1654 Pag.
262 1603 367 1649 971,
398 1602 437 1642 6.
493 1595 715 1649 Ἀνωτέρω]
745 1596 831 1635 Lib.
849 1595 958 1635 XIX.
985 1609 1071 1648 cap.
1091 1595 1159 1636 IV.
1189 1601 1285 1637 sect.
1306 1598 1347 1638 7.
1390 1608 1544 1634 nomn.

138 1660 232 1711 Pag.
262 1660 369 1703 971.
400 1659 468 1698 10.
532 1651 653 1696 Τοῦτ’
673 1652 837 1710 ἐκείνῳ]
864 1652 985 1708 Quod
1003 1653 1184 1692 Palamas
1211 1652 1299 1706 ipse
1319 1652 1453 1691 attulit
1478 1665 1546 1690 su·

19 1714 171 1770 periuri
191 1728 279 1767 cap.
301 1719 399 1753 sect.
420 1716 460 1755 6.
519 1724 672 1751 Botvm.

135 1775 232 1825 Peg.
255 1773 353 1819 973,
374 1772 414 1813 3.
440 1765 658 1821 Ἁνωτὲρω]
678 1767 797 1806 Libro
810 1766 1018 1819 superiore
1029 1780 1117 1819 cap.
1131 1765 1201 1806 IV.
1214 1771 1308 1805 sect.
1325 1769 1363 1807 7.
1395 1757 1544 1806 norwit.

138 1831 236 1883 Peg.
266 1827 364 1876 975,
395 1829 465 1870 20.
504 1822 567 1875 Ἐξ
586 1821 644 1866 ὧν
665 1820 868 1872 κοῖκείνοις
891 1822 1094 1878 γεγένηται
1112 1819 1411 1876 ὖπομνήματα]
1442 1822 1546 1860 Vide

21 1887 132 1926 Ioan.
158 1884 416 1938 Cyparissiot.
445 1883 736 1923 Palamicarum
764 1881 1136 1933 Transgressionum
1164 1880 1234 1919 lib.
1257 1880 1287 1918 1.
1326 1881 1452 1919 Serm.
1477 1878 1545 1920 IV.

23 1958 113 1997 cap.
139 1945 191 1982 X.
212 1943 253 1981 in
274 1942 363 1982 line.
420 1954 572 1980 nowm.

135 1998 237 2053 Pag.
276 2002 380 2049 976,
412 2001 451 2042 9.
509 1996 592 2038 Καὶ
619 1993 822 2050 λαμπάδες
843 2010 880 2036 κ.
899 2009 932 2035 τ.
956 1993 1020 2047 L]
1061 1993 1217 2032 Alludit
1242 1991 1294 2032 ad
1322 1991 1547 2044 opinionem

23 2058 205 2098 Palamae
232 2055 283 2095 de
301 2055 451 2095 lumine
469 2055 659 2094 increato.
716 2066 869 2092 nomm.

136 2117 240 2168 Peg.
268 2115 372 2164 976,
404 2115 470 2155 18.
533 2113 622 2152 Τῶν
640 2110 726 2154 ἐκεῖ
746 2107 982 2165 ῥηθέντων]
1010 2107 1058 2147 In
1080 2105 1262 2146 Concilio
1282 2111 1424 2144 contra
1448 2104 1550 2143 Bar-

23 2173 196 2212 laamum
220 2169 372 2210 habito.
428 2182 581 2208 nomm.

137 2228 239 2281 Pag.
268 2229 375 2276 978,
407 2229 472 2269 10.
529 2221 758 2277 Ἑφιέμενοι
776 2220 872 2273 τούς
887 2219 1055 2270 ὀδόντας
1074 2220 1246 2274 ἔμπῆξαι
1264 2221 1322 2276 τῷ
1345 2213 1548 2259 ταλαιπώ-

26 2289 106 2342 ρῳ]
139 2286 239 2325 Vide
265 2283 465 2324 Philothei
493 2281 745 2335 patriarchae
767 2279 1079 2320 Antirrheticum
1102 2279 1134 2320 l.
1166 2276 1264 2316 Cod.
1292 2277 1390 2328 fleg.
1426 2277 1547 2318 1996.

26 2345 98 2384 fol.
120 2344 187 2387 14.
209 2356 248 2382 v.
273 2347 312 2381 et
330 2355 412 2394 seq.
469 2352 620 2380 1³01vxx.

145 2403 240 2453 Peg.
268 2402 374 2448 979,
404 2401 444 2442 8.
503 2393 652 2449 Κύριοι
675 2391 751 2449 yolo
778 2392 897 2448 ἡμεῖς
920 2407 958 2434 κ.
974 2407 1009 2434 τ.
1024 2391 1090 2445 L]
1119 2390 1184 2430 Sic
1212 2403 1335 2443 supra
1360 2387 1430 2426 lib.
1458 2385 1546 2427 XV.

29 2471 117 2510 cap.
136 2457 223 2496 Vll.
253 2461 350 2495 sect.
367 2460 407 2500 7.
464 2466 616 2495 Borvm.
1511 2495 1521 2511 ι

143 2516 238 2567 Pag.
267 2516 375 2562 980,
404 2516 445 2556 9.
498 2510 542 2552 ‘O
581 2507 713 2561 μέντοι
764 2509 962 2559 Παλαμᾶς
1005 2505 1233 2558 περίφοβον
1278 2500 1335 2543 ὄλ.
1375 2499 1430 2541 ἔκ.
1469 2514 1546 2551 την

27 2567 156 2613 νύκτα
184 2567 423 2624 διενεγκών]
455 2569 556 2607 Cum
575 2566 639 2605 his
662 2565 800 2604 confer
820 2578 866 2604 ea
884 2577 986 2616 quae
1002 2562 1111 2616 apud
1134 2558 1383 2600 Philotheum
1401 2557 1546 2608 legun-

28 2635 98 2668 tur
115 2629 208 2667 loco
231 2627 422 2666 indicato.
476 2637 629 2665 nomn.

142 2683 253 2737 Pag.
274 2687 382 2734 980,
415 2686 482 2726 10.
523 2678 631 2734 ’Ἅμα
660 2677 740 2730 ἕω]
773 2677 843 2716 Die
861 2680 929 2721 28.
952 2677 1098 2716 mensis
1120 2674 1227 2714 Maii.
1284 2683 1437 2711 noxvm.
1511 2724 1520 2733 ·

146 2745 243 2793 Pflg-
272 2742 377 2789 985,
409 2743 475 2783 12.
504 2736 599 2780 Κᾶν
629 2752 667 2777 τι
695 2735 765 2791 δέῃ
787 2733 960 2787 παθεῖν]
989 2734 1080 2773 Etsi
1109 2731 1208 2770 mon·
1237 2736 1422 2782 oporteat.
1481 2725 1547 2762 Suc
1587 2743 1590 2745 >

31 2798 140 2852 apud
170 2797 447 2846 Theocritum,
486 2791 579 2837 οὐδ’
612 2794 652 2835 εἷ’
671 2808 710 2834 τι
733 2787 890 2842 πάθοις
916 2787 965 2833 τύ
982 2788 1026 2846 γ’
1056 2786 1222 2837 ἆείδων,
1251 2800 1299 2824 ne
1329 2784 1365 2823 εἰ
1390 2780 1547 2837 quidem

32 2852 232 2898 cantando
252 2855 449 2895 moriaris.
503 2864 661 2892 norvm.

126 2921 342 2966 Nicephorus
363 2921 512 2965 Gregor.
543 2918 618 2952 Vol.
642 2916 689 2951 Π.
1218 2898 1272 2940 83
