1754 3164
165 117 295 166 1328

206 230 298 266 bium
316 228 615 266 Macedonicarum
637 225 753 273 capit;
776 227 812 262 in
836 239 916 263 car-

207 289 319 312 cerem
341 276 483 312 coniicit
509 275 590 317 413,
614 276 648 310 2.
682 274 825 309 Basilici
846 275 915 310 Ni-

209 323 352 370 cephori
390 324 492 358 fidem
526 323 571 356 ut
596 326 834 356 remuneratus
867 321 914 356 sit

207 370 289 413 413,
326 371 383 405 22.
420 369 591 414 Bulgaros
620 373 843 402 antevertere
880 371 916 403 et

207 416 415 462 Byzantium
446 416 500 449 ire
530 419 696 461 properat
717 413 798 457 415,
822 413 877 450 14.
895 427 917 449 a

209 463 352 498 Venetis
369 462 529 497 auxilium
548 462 640 496 haud
655 461 819 508 impetrat
835 461 917 504 416,

209 512 242 546 7.
273 510 391 544 urbem
418 507 558 554 ingredi
591 509 722 543 frustra
752 513 916 543 conatur:

209 567 308 591 avum
335 567 481 591 exorare
509 566 574 589 non
605 559 722 601 potest
749 554 831 595 418,
862 556 917 591 13.

208 615 283 638 cum
313 603 466 648 Bulgaro
495 601 741 636 reconciliatur
769 600 851 644 419,
885 605 918 638 1.

209 661 231 684 a
247 649 381 685 duobus
402 648 501 685 urbis
519 648 722 683 custodibus
742 653 845 683 noctu
864 648 919 682 in-

207 696 412 731 tromittitur
445 695 528 740 419,
569 698 624 734 11.
656 695 814 729 iniuriam
851 707 917 730 avo

207 743 285 778 fieri
305 748 422 778 vetat:
459 754 559 784 suos,
591 754 635 776 ne
663 741 813 777 victoria
832 743 919 776 abu-

209 794 350 832 tantur,
395 788 556 824 admonet
590 787 672 831 422,
701 790 760 825 21.
797 788 919 823 civiles

210 836 404 871 discordias
429 835 615 881 prudentia
644 847 708 869 sua
728 835 920 880 comprimit

211 884 292 926 426,
318 885 374 920 10.
408 882 574 917 Michaeli
607 882 763 928 Bulgaro
793 882 920 917 bellum

211 929 371 964 inferenti
400 940 586 964 occurrere
609 929 752 963 statuit:
780 941 856 964 cum
879 941 919 963 eo

210 976 456 1012 reconciliatur
473 975 592 1010 matris
616 975 812 1010 interventu
840 975 923 1019 430,

210 1025 246 1058 4.
269 1022 305 1056 in
331 1023 447 1057 Asiam
474 1022 621 1064 transit,
660 1022 826 1057 Nicaeam
859 1023 923 1056 ob-

211 1081 339 1104 sessam
385 1069 614 1103 liberaturus:
667 1074 782 1103 castra
828 1068 923 1113 apud

211 1116 439 1151 Philocrenen
457 1116 555 1161 ponit
578 1116 659 1158 433,
685 1117 737 1151 13.
766 1115 924 1160 confligit

212 1175 288 1197 cum
315 1163 498 1197 Orchane:
538 1161 683 1197 Romani
709 1162 922 1196 caeduntur:

212 1209 401 1255 imperator
423 1208 625 1243 vulneratus
644 1207 743 1253 (434,
761 1210 813 1251 7.)
838 1208 924 1243 Phi-

212 1255 377 1291 locrenen
402 1254 619 1300 ingreditur:
663 1255 805 1289 Romani
841 1267 923 1289 con-

213 1303 360 1337 sternati
372 1302 485 1336 efluse
496 1301 636 1346 fugiunt
645 1299 727 1340 435.
748 1303 802 1337 18.
824 1301 923 1346 (vide

215 1353 356 1383 caetera
387 1349 424 1382 in
464 1348 681 1393 Orchaucs.)
716 1348 924 1393 Byzantium

213 1395 324 1430 redit:
357 1395 467 1429 Deum
491 1395 659 1429 offensum
689 1399 809 1440 putat:
845 1394 925 1441 qni-

215 1442 280 1476 bus
307 1441 443 1476 delictis
472 1439 554 1483 436,
590 1443 645 1477 16.
687 1441 831 1475 classem
869 1442 925 1475 in-

217 1488 342 1522 struit:
367 1487 556 1522 Martinum
580 1487 658 1521 Chii
675 1492 847 1523 rectorem
866 1499 925 1522 ca-

216 1534 292 1580 pit,
338 1539 374 1568 et
411 1533 560 1568 vinctum
601 1534 926 1581 Constantinopolin

215 1581 325 1616 mittit
342 1580 424 1623 438,
445 1581 478 1615 7.
504 1586 684 1627 aegrotat,
717 1581 818 1616 morti
844 1593 926 1627 pro-

216 1628 328 1662 ximus
347 1627 516 1662 cucullum
537 1628 647 1673 petit:
680 1639 759 1662 reos
786 1640 926 1663 carcere

217 1674 318 1708 educi
330 1674 449 1708 iubet:
474 1674 625 1709 ultimam
641 1674 850 1709 voluntatem
867 1675 927 1709 'di-

219 1725 309 1754 ctat:
351 1721 451 1755 uxori
485 1725 522 1755 et
550 1727 703 1767 postumo
733 1721 925 1767 imperium,

219 1767 461 1802 Cantacuzeno
487 1768 630 1802 tutelam
657 1768 822 1812 relinquit
841 1768 924 1810 439,

219 1815 275 1848 12.
297 1825 420 1859 aquam
442 1813 555 1859 poscit
572 1826 613 1848 ex
638 1827 736 1849 sacro
753 1815 927 1860 Deiparae

217 1860 333 1894 fonte:
366 1872 434 1906 qua
454 1860 560 1906 capiti
580 1861 740 1906 inspersa
765 1862 926 1896 convale-

218 1906 285 1940 scit
305 1905 386 1947 442,
404 1908 459 1943 10.
482 1907 664 1942 Michaelis
683 1908 827 1954 Bulgari
845 1910 926 1944 hor-

218 1958 296 1986 tatu
323 1953 447 1988 bellum
479 1954 575 1988 Crali
600 1955 707 1989 insert
731 1954 812 1996 454,
837 1957 870 1991 7.
890 1955 928 1989 in

219 1998 410 2043 Pelagonia
444 2005 709 2035 castrametatur
747 2000 829 2043 454,
870 2003 928 2036 20.

220 2044 372 2089 Bulgaro
393 2058 413 2080 a
430 2046 598 2081 Triballis
616 2047 724 2088 victo,
750 2047 827 2093 ipse.
838 2048 929 2082 nulla

219 2102 259 2125 re
287 2094 387 2136 gesta
421 2092 628 2136 Byzantium
656 2095 750 2128 redit
781 2093 862 2136 454,
892 2096 927 2131 7.

222 2137 462 2172 Mesembriam
493 2144 529 2173 et
559 2140 627 2175 alia
663 2140 926 2186 (Bulgarorum)

223 2184 353 2228 oppida
378 2183 514 2219 invadit
534 2183 614 2228 457,
643 2189 698 2222 16.
731 2198 837 2222 annos
862 2200 928 2222 na-

223 2233 280 2263 tus
296 2231 353 2265 36.
373 2241 446 2264 cum
466 2231 552 2265 obiit
571 2243 654 2266 avus
670 2232 751 2275 474,
774 2236 827 2269 11.
855 2236 930 2270 bel-

223 2275 291 2309 lum
330 2275 438 2311 infert
473 2277 665 2313 Alexandro
701 2279 929 2325 Bulgarorum

224 2322 392 2368 principi:
427 2323 654 2369 Bulgarorum
674 2338 777 2371 agros
802 2332 929 2363 vastat:

224 2369 367 2403 castella
391 2369 523 2415 reliqua
549 2378 734 2416 recuperat
762 2371 843 2416 483,
871 2378 928 2411 21.

223 2415 335 2461 impar
371 2426 444 2450 cum
474 2416 571 2451 hoste
598 2419 820 2463 congreditur
848 2419 930 2464 484,

225 2464 282 2497 18.
311 2473 391 2496 suos
421 2463 579 2498 hortatur
606 2464 650 2498 ad
679 2477 830 2510 pugnam
848 2466 930 2511 485,

227 2506 283 2544 14.
308 2512 486 2543 cruentum
504 2510 669 2555 praelium
687 2512 768 2555 486,
787 2515 842 2549 12.
859 2515 932 2549 Ro-

225 2554 314 2588 mani
347 2555 457 2590 effuse
487 2556 645 2600 fugiunt:
686 2557 722 2592 in
755 2560 932 2596 castellum

225 2601 414 2645 proximum
447 2602 482 2636 vi
521 2602 733 2649 irrumpunt:
774 2605 933 2642 laborant

226 2647 316 2680 omni
335 2651 437 2692 parte
455 2648 536 2691 487,
560 2649 594 2684 4.
618 2651 827 2696 imperator,
852 2666 933 2688 con-

227 2692 297 2726 silii
326 2693 446 2739 inops,
488 2707 583 2741 spem
610 2695 646 2731 in
675 2697 749 2732 Deo
775 2699 932 2745 collocat,

227 2738 422 2774 stimulante
441 2743 552 2776 tamen
573 2743 780 2779 conscientia
795 2744 878 2789 488,
897 2749 932 2783 7.

226 2785 376 2832 benigna
407 2787 637 2826 admonitione
663 2791 708 2826 ab
737 2790 932 2830 Alexandro

725 125 890 165 merx
919 126 1122 177 RERUM,

1010 227 1223 274 castigatus,
1253 227 1443 263 dimittitur
1460 227 1547 263 ibid.
1572 231 1654 263 nato
1675 227 1719 262 fi-

1008 275 1076 318 lio,
1124 275 1236 310 laetus
1283 275 1560 320 Didymotichnm
1603 274 1717 310 redit:

1009 327 1140 357 vestem
1169 325 1300 357 mutat:
1333 321 1431 356 ludos
1460 321 1615 356 celebrat
1638 322 1720 363 482,

1010 370 1042 404 1.
1061 368 1206 403 ludicris
1227 368 1471 403 certaminibus
1496 380 1535 403 se
1552 368 1721 402 immiscet

1009 415 1091 456 482,
1114 416 1167 451 18.
1192 415 1317 450 bellum
1335 415 1506 449 inferente
1524 415 1722 459 Syrgianne

1010 462 1114 497 valde
1134 462 1255 496 anxius
1273 461 1355 504 495,
1377 462 1431 497 13.
1458 461 1628 496 Palatium
1646 472 1721 494 mu-

1012 509 1085 544 nit:
1122 509 1354 555 patriarcham
1375 513 1473 542 creat
1493 508 1587 542 Ioan.
1609 510 1722 553 Apre-

1011 567 1116 596 num:
1152 556 1330 600 coniugem
1357 561 1393 589 et
1421 555 1548 589 liberos
1568 553 1600 588 ei
1630 566 1723 589 com-

1011 603 1150 637 mendat
1161 603 1242 644 496,
1268 602 1321 639 14.
1338 601 1373 636 in
1393 601 1631 636 Macedoniam
1647 601 1724 635 sine

1011 649 1166 684 exercitu
1179 648 1428 694 proficiscitur:
1447 648 1606 683 Romanis
1615 648 1724 681 omni-

1011 697 1077 731 bus
1106 696 1257 736 diffidit,
1283 701 1526 741 praeterquam
1546 695 1723 729 Cantacu-

1013 754 1099 778 zeno
1126 748 1163 777 et
1189 743 1310 788 paucis
1338 740 1555 776 domesticis:
1592 743 1723 775 hostem

1013 789 1092 824 dolo
1110 789 1258 835 aggredi
1282 789 1407 823 statuit
1427 788 1610 822 illustrium
1629 787 1724 822 viro-

1012 848 1089 872 rum
1117 836 1272 881 exemplo
1305 834 1388 877 496,
1415 836 1473 872 23.
1508 836 1725 881 Sphrantzae

1014 895 1121 929 opera
1151 883 1195 917 ad
1223 894 1297 916 eam
1325 893 1398 917 rem
1427 881 1539 916 utitur
1563 880 1645 924 497,
1669 883 1724 916 19.

1013 931 1119 965 rebus
1155 929 1371 975 desperatis,
1418 929 1523 974 fugae
1570 927 1727 963 subsidia

1015 977 1081 1011 sibi
1109 982 1145 1011 et
1169 976 1387 1022 Sphrantzae
1404 975 1566 1021 providet
1587 976 1669 1017 500,
1690 977 1725 1010 6.

1015 1023 1216 1068 Syrgianne
1241 1034 1303 1068 per
1323 1022 1434 1058 dolum
1455 1021 1582 1064 occiso,
1607 1033 1726 1068 pacem

1016 1071 1108 1116 petit
1136 1081 1157 1104 a
1184 1069 1315 1111 Crale,
1351 1074 1388 1104 et
1415 1068 1550 1104 obtinet
1581 1070 1662 1111 501,
1689 1070 1726 1105 3.

1016 1117 1104 1151 inita
1137 1128 1212 1150 cum
1235 1116 1369 1151 Latinis
1399 1116 1565 1150 adversus
1591 1115 1728 1150 Turcos

1017 1164 1208 1206 societate,
1242 1162 1407 1208 pecunias
1433 1163 1548 1207 cogit:
1583 1162 1728 1196 classem

1016 1213 1177 1256 reparat:
1219 1210 1417 1244 Latinorum
1454 1211 1637 1244 adventum
1667 1221 1728 1243 ex-

1016 1260 1169 1302 spectat:
1196 1257 1404 1291 navarchum
1415 1256 1424 1290 i
1430 1268 1492 1301 pse
1503 1267 1566 1301 per
1578 1267 1616 1290 ae
1636 1255 1728 1300 agit:

1017 1302 1136 1338 Latini
1156 1302 1248 1337 inter
1269 1316 1307 1338 se
1333 1303 1563 1344 dissidentes,
1605 1314 1728 1347 exspe-

1017 1349 1202 1384 ctationem
1229 1350 1304 1384 eius
1329 1350 1543 1384 frustrantur
1568 1350 1649 1393 524,
1674 1351 1729 1385 15.

1018 1397 1267 1430 Galataeorum
1308 1396 1512 1430 munitiones
1556 1396 1729 1430 incendit:

1019 1442 1158 1478 eosdem
1178 1442 1303 1478 bellum
1321 1449 1442 1487 aperte
1466 1442 1645 1477 molientes
1667 1455 1731 1488 op-

1019 1501 1176 1536 pugnare
1197 1489 1368 1535 negligit,
1399 1489 1443 1524 ad
1463 1489 1594 1523 maiora
1619 1489 1730 1524 inten-

1018 1542 1074 1571 tus
1094 1537 1175 1578 527,
1201 1537 1254 1572 16.
1281 1547 1399 1582 pacem
1427 1535 1625 1581 petentibus
1648 1548 1731 1570 con-

1019 1583 1113 1618 cedit
1130 1583 1213 1627 528,
1231 1581 1285 1619 14.
1314 1582 1507 1627 Mitylenen
1538 1583 1731 1628 proficisci-

1019 1634 1094 1664 tur:
1120 1641 1226 1664 naves
1240 1629 1392 1675 quinque
1409 1629 1554 1664 hostiles
1574 1642 1732 1674 compre-

1019 1676 1163 1718 hendit,
1187 1682 1224 1711 et
1253 1676 1374 1711 Chium
1399 1675 1576 1721 perducit:
1611 1677 1732 1711 adiun-

1018 1723 1086 1758 ctis
1105 1723 1174 1757 sibi
1197 1723 1347 1764 TurciS,
1372 1723 1564 1758 Phocaeam
1594 1724 1733 1758 obsidet

1018 1771 1100 1811 5:28,
1121 1771 1176 1806 23.
1197 1781 1265 1815 pax
1284 1770 1378 1804 facta
1393 1770 1604 1804 Rhodiorum
1622 1771 1733 1805 inter-

1019 1822 1143 1851 ventu:
1184 1817 1282 1861 pacis
1319 1816 1535 1851 conditiones
1574 1819 1655 1859 531,
1696 1819 1731 1852 2.

1019 1864 1226 1909 Byzantium
1258 1863 1350 1897 redit
1379 1875 1456 1897 cum
1485 1863 1574 1897 omni
1603 1864 1732 1899 classe:

1021 1909 1256 1956 quaestionem
1295 1910 1401 1944 habet
1441 1909 1486 1944 de
1522 1910 1731 1945 coniuratis:

1021 1969 1081 1991 eos
1096 1967 1157 2001 pro
1170 1955 1335 1990 concione
1345 1956 1542 1991 convincit:
1567 1957 1643 1992 eius
1659 1958 1732 1992 cle-

1021 2002 1150 2038 mentia
1189 2003 1270 2044 531,
1302 2006 1355 2039 10.
1392 2003 1560 2038 orationis
1587 2004 1732 2039 exordio

1020 2050 1192 2094 lacrymas
1211 2048 1306 2084 elicit
1317 2050 1399 2092 532,
1417 2052 1449 2086 8.
1468 2050 1504 2084 in
1522 2050 1733 2086 Demetrium

1021 2096 1210 2142 Despotam
1238 2096 1368 2141 inquiri
1390 2101 1507 2139 vetat,
1542 2097 1733 2133 Cralaenae

1022 2143 1152 2178 amicae
1184 2143 1382 2178 reverentia
1413 2143 1609 2181 adductus:
1650 2144 1732 2179 item

1022 2190 1207 2235 Gregorae
1248 2189 1548 2226 acclamationibus
1589 2195 1625 2225 et
1668 2202 1733 2236 ap-

1022 2238 1143 2282 plausu
1167 2235 1353 2271 delinitus:
1388 2237 1479 2270 solos
1507 2237 1614 2271 Asani
1640 2237 1732 2271 filios

1020 2284 1057 2318 in
1089 2283 1278 2317 custodiam
1299 2282 1464 2325 includit,
1499 2295 1642 2329 eamque
1668 2283 1734 2318 mi-

1023 2329 1112 2364 nime
1138 2329 1256 2364 duram
1283 2330 1363 2370 533,
1394 2332 1425 2365 1.
1451 2329 1644 2374 Mitylenen
1674 2342 1733 2365 re·-

1024 2381 1191 2422 cuperat,
1217 2375 1327 2409 Alexii
1349 2375 1635 2422 Philanthropeni
1656 2382 1734 2412 astu

1024 2424 1113 2464 534,
1131 2424 1163 2458 6.
1183 2423 1319 2456 Turcos
1335 2422 1370 2456 in
1394 2423 1611 2457 Chersoneso
1630 2435 1733 2469 prae-

1023 2469 1147 2504 dantes
1171 2467 1303 2502 caedit:
1337 2468 1389 2503 ire
1416 2469 1453 2503 in
1479 2469 1647 2504 Aetoliam
1669 2482 1733 2516 pa-

1023 2520 1102 2558 rat,
1136 2515 1286 2549 oblatum
1310 2514 1540 2560 principatum
1569 2523 1734 2561 acceptu-

1025 2574 1084 2598 rus
1102 2563 1183 2601 538,
1200 2562 1234 2595 4.
1255 2573 1331 2595 cum
1343 2561 1455 2596 tribus
1472 2563 1619 2597 navibus
1637 2563 1731 2597 Tur-

1027 2609 1134 2643 cicam
1152 2608 1296 2642 classem
1308 2607 1460 2643 invadit:
1486 2615 1611 2656 captae
1625 2621 1733 2644 naves

1025 2653 1282 2700 quatuordecim
1322 2654 1403 2697 540,
1454 2653 1488 2691 4.
1541 2656 1732 2690 stadiorum

1026 2701 1121 2737 XLV
1156 2700 1225 2735 iter
1256 2704 1358 2735 noctu
1385 2702 1531 2746 pedibus
1561 2714 1732 2744 emensus,

1025 2747 1199 2793 Deiparae
1224 2747 1461 2792 Hodegetriae
1489 2749 1648 2793 templum
1679 2749 1732 2782 in-

1025 2793 1185 2840 greditur
1218 2793 1265 2829 ad
1300 2795 1454 2840 agendas
1482 2795 1615 2842 gratias
1648 2793 1729 2837 541,
