1754 3164
169 133 300 183 1380

212 243 349 281 vinciae
373 244 592 291 praefectus,
617 245 765 281 omnium
787 247 917 282 animos

210 292 280 326 sibi
303 292 478 327 devincit:
502 291 589 327 mira
612 293 757 328 hominis
775 295 919 330 solertia

211 341 295 381 297,
312 337 346 375 4.
370 338 521 384 perfidus
544 343 580 374 et
600 339 830 386 foedifragus,
854 353 920 387 po-

212 386 311 432 pulos
342 385 505 421 finitimos
537 391 662 421 vexat:
709 387 918 433 provinciam

213 432 406 478 ademptam
439 437 479 467 ut
511 434 796 479 recuperaverit:
835 435 919 469 Pin-

215 490 337 513 cernae
368 477 540 524 dignitate
572 485 733 518 ornatur:
773 481 922 516 rebellat

212 526 302 568 297,
326 525 381 561 16.
406 527 732 571 comprehenditur:
774 528 810 563 in
842 539 922 563 car-

145 606 147 608 ,
214 583 326 606 cerem
359 572 558 617 coniectus,
603 575 765 620 precibus
800 575 921 610 matris

214 618 434 654 restituitur:
476 619 567 655 iurat
600 633 638 655 se
679 622 813 656 fidelem
845 623 922 657 sore

213 667 295 708 298,
318 667 353 702 6.
369 665 514 701 iunioris
538 667 755 713 imperatoris
779 668 922 704 consilia

214 713 354 747 iubetur
377 714 578 758 exploraret
610 715 754 750 senioris
779 715 923 750 consilia

213 759 341 794 iuniori
380 760 511 805 aperit:
550 761 683 804 oratio,
726 774 796 808 qua
819 763 923 797 istum

215 806 376 840 hortatur
411 807 455 841 ad
489 807 716 843 defectionem
748 811 840 852 298,
865 811 924 845 21.

215 852 395 899 pactiones
420 857 456 888 et
473 853 663 890 iuramenta
674 857 756 898 301,
775 858 809 893 5.
835 856 924 900 Syr-

216 899 361 945 giannes
386 904 421 934 et
445 900 722 945 Cantacuzenus,
751 902 923 948 corruptis

217 946 318 981 aulae
340 947 561 993 primoribus,
585 949 781 995 provincias
805 950 924 985 Thra-

218 993 294 1028 ciae
327 993 615 1030 administrandas
647 996 822 1031 obtinent:
862 1008 926 1031 va-

219 1039 280 1074 riis
319 1040 452 1075 artibus
493 1041 582 1076 viam
624 1042 814 1078 defectioni
850 1054 925 1077 mu-

220 1087 322 1122 niunt
356 1089 451 1130 302,
483 1089 518 1124 2.
563 1089 776 1135 Syrgiannes
806 1090 926 1124 urbem

220 1139 453 1179 expugnatum
473 1134 588 1169 venit:
612 1136 724 1170 omnia
741 1136 927 1183 permiscet

219 1182 310 1222 320,
350 1181 385 1215 2.
428 1182 549 1216 matris
580 1182 744 1227 precibus
777 1183 927 1218 mollitur

219 1229 311 1269 320,
339 1228 394 1263 11.
420 1228 464 1261 ab
487 1227 680 1263 Andronico
704 1228 838 1264 iuniore
864 1241 926 1263 ne-

221 1273 356 1318 glectus
379 1273 466 1308 clam
487 1285 561 1309 cum
579 1275 715 1310 seniore
735 1276 828 1321 agit:
852 1287 927 1310 mu-

221 1325 317 1355 tatae
339 1320 534 1355 sententiae
569 1322 757 1368 speciosam
790 1334 927 1357 causam

222 1366 330 1402 affert
352 1368 444 1409 351,
482 1368 537 1403 15.
570 1368 765 1405 Andronico
797 1368 927 1405 seniori

223 1413 481 1459 optatissimus,
508 1414 576 1448 fide
600 1415 683 1450 data
707 1419 744 1450 et
767 1419 926 1460 accepta,

221 1460 429 1506 Byzantium
445 1460 660 1506 ingreditur:
683 1461 754 1497 eius
773 1462 826 1497 rei
842 1473 929 1496 nun-

223 1506 274 1541 tio
299 1507 435 1552 quinam
458 1507 579 1542 laetati
601 1508 672 1547 sint
695 1510 777 1549 352,
801 1510 836 1545 9.
865 1508 930 1543 im-

224 1559 422 1600 peratorum
446 1554 630 1589 concordia
646 1555 780 1590 minime
800 1556 930 1590 laetus:

224 1600 347 1636 Asanis
370 1600 557 1636 Andronici
580 1601 684 1636 fidem
714 1606 845 1637 tentat:
885 1603 929 1636 ab

226 1660 267 1683 eo
293 1648 385 1694 apud
408 1647 648 1694 imperatorem
673 1654 864 1691 accusatus,
893 1647 930 1682 in

226 1706 399 1730 carcerem
423 1694 622 1730 coniicitur:
656 1696 810 1731 omnibus
832 1694 931 1729 bonis

226 1741 410 1777 mulctatur
432 1742 502 1778 362
518 1767 529 1784 ,
555 1744 609 1778 11.
633 1742 703 1777 fide
725 1742 834 1777 variis
857 1753 932 1776 mo-

227 1788 282 1823 dis
306 1789 451 1830 sancita,
474 1801 495 1823 e
516 1799 655 1824 carcere
678 1789 836 1824 educitur
849 1787 931 1830 432,

227 1837 287 1872 22.
311 1835 499 1881 adoptatur
522 1836 567 1871 ab
590 1836 766 1881 Augusta,
797 1834 933 1870 Andro-

229 1881 301 1917 nici
321 1881 392 1916 iun.
415 1886 525 1917 matre
547 1880 628 1925 440,
657 1885 709 1919 16.
736 1893 796 1917 cur
810 1893 933 1927 suspe-

229 1933 322 1964 ctus:
355 1928 469 1964 laesae
490 1928 683 1965 maiestatis
707 1933 888 1964 accusatur
911 1940 933 1963 a

229 1975 482 2021 Zamplacone:
515 1987 582 2010 non
605 1975 841 2011 convincitur:
868 1987 934 2010 va-

229 2023 292 2057 des
315 2022 399 2056 dare
421 2034 490 2057 non
514 2026 646 2068 potest:
672 2022 764 2068 sugit
777 2022 859 2065 488,
876 2023 933 2059 23.

230 2067 342 2103 literis
377 2080 420 2103 ex
451 2069 598 2104 Euboea
636 2068 752 2112 datis,
798 2069 935 2104 veniam

230 2114 344 2160 petit,
385 2119 421 2149 et
451 2115 563 2150 locum
594 2115 631 2149 in
664 2127 733 2160 quo
765 2125 840 2149 cum
864 2115 935 2150 suis

233 2160 417 2196 consistat:
443 2162 522 2196 aula
545 2162 579 2196 ei
601 2161 709 2196 minus
733 2164 833 2195 tuta:
866 2162 936 2196 ius-

232 2207 409 2243 iurandum
433 2209 476 2242 ab
498 2220 540 2243 eo
564 2208 717 2243 oblatum
752 2207 842 2249 489,
879 2209 934 2245 17.

196 2278 198 2282 -
233 2265 301 2290 non
333 2254 518 2300 impetrata
552 2254 673 2297 venia,
716 2254 760 2288 ad
801 2254 936 2290 Cralem

235 2299 376 2335 transit:
402 2300 434 2334 ei
451 2300 665 2346 gratissimus
674 2300 836 2336 advenit:
861 2313 937 2336 ma-

236 2358 306 2392 gna
338 2346 522 2393 pollicetur
544 2346 635 2389 490,
671 2349 703 2383 1.
733 2349 937 2395 populorum

235 2393 339 2429 fidem
362 2392 535 2439 promissis
558 2397 688 2436 tentat,
719 2406 783 2428 nec
806 2395 938 2430 frustra

236 2440 319 2484 495,
343 2442 396 2476 13.
419 2439 568 2474 insidiae
600 2440 632 2474 ei
665 2444 861 2475 struuntur:
894 2442 937 2475 ab

237 2486 358 2522 amicis
380 2486 586 2529 admonitus,
610 2487 764 2522 fraudem
778 2499 846 2522 non
860 2499 939 2522 sen-

237 2532 300 2567 tit:
325 2532 479 2578 periurus
497 2531 648 2578 periurio
669 2533 842 2579 decipitur
858 2533 939 2576 497,

238 2580 297 2615 21.
323 2579 601 2614 Thessalonicam
620 2580 814 2614 contendit:
838 2581 940 2615 urbes

240 2625 442 2661 interiectas
483 2629 646 2672 occupat:
687 2637 708 2660 a
744 2627 941 2672 Sphrantze

241 2672 414 2706 deluditur
434 2670 515 2714 498,
539 2674 596 2708 22.
619 2673 843 2708 obtruncatur
855 2675 938 2717 501,

244 2720 278 2753 1.
320 2718 524 2764 Syrgiannis
557 2718 704 2763 elogium
746 2720 839 2766 577,
880 2722 938 2757 10.

243 2763 334 2800 Vide
356 2769 394 2800 et
416 2766 497 2808 315,
520 2765 578 2803 20.
601 2766 682 2809 579,
705 2766 739 2803 6.

766 143 929 186 INDEX
957 147 1162 199 RERUM,

962 249 1169 330 Syggiannis
1192 249 1276 315 filia,
1304 261 1389 287 uxor
1411 252 1522 289 altera
1545 254 1716 291 Guidonis

964 299 1379 388 Syri‘ffi¹‚¹¹¹21⁶‚²{’<,5¹‚¹{3,

965 389 1135 435 Syriam,
1151 392 1305 446 163102,
1320 393 1376 427 18.
1396 393 1476 435 105,
1489 393 1544 429 17.
1566 395 1647 436 106,
1664 396 1717 431 19.

966 437 1088 482 σχῆμα
1110 449 1245 482 μικρον
1269 440 1372 482 1162,
1394 440 1454 477 21.

966 528 1176 565 Taenarium
1188 530 1462 575 promontorium.
1480 531 1572 568 Vide
1580 533 1719 568 Maenc.

967 575 1150 611 Taenarus
1174 579 1256 620 376,
1282 579 1338 614 14.

967 622 1101 658 Tanais
1123 625 1206 666 238,
1234 626 1303 661 12..
1331 625 1420 667 877,
1455 626 1511 661 12.
1545 624 1581 660 in
1606 626 1720 660 Grae-

1015 669 1102 704 ciam
1122 675 1160 705 ut
1171 671 1306 706 feratur
1317 672 1397 714 323,
1408 671 1443 709 7.
1462 673 1543 714 933,
1566 674 1621 707 11.
1647 672 1721 707 Ta-

1014 716 1125 751 naidis
1149 717 1262 752 fontes
1286 718 1345 760 33,
1371 720 1426 760 17,
1451 718 1539 754 ostia
1563 720 1644 761 797,
1666 722 1719 756 19.

1021 762 1207 804 Τανάϊδες
1229 766 1396 807 ποταμοί
1418 764 1499 807 417,
1526 767 1583 802 19.

969 809 1144 845 Tantalea
1167 811 1242 847 vita
1265 813 1346 854 808,
1372 809 1426 847 14.
1451 812 1533 854 855,
1557 814 1590 848 6-

969 857 1176 893 Tantaleum
1206 870 1326 893 saxum
1356 860 1451 904 209,
1477 860 1535 896 11.
1569 859 1661 901 300,
1685 859 1720 894 7.

1017 905 1097 946 816,
1122 907 1176 941 16.
1203 906 1285 948 922,
1309 906 1366 942 15.

970 951 1139 986 Tantalus
1162 953 1253 993 922,
1278 953 1333 987 15.

971 997 1225 1033 Tarchaniotes
1248 997 1424 1043 (Manuel)
1454 996 1525 1032 dux
1548 998 1723 1044 copiarum

1016 1044 1254 1089 Didymotichi
1276 1045 1476 1080 relictarum
1492 1046 1574 1087 627,
1593 1047 1626 1081 7.
1650 1045 1724 1079 eius

1018 1091 1185 1136 elogium:
1217 1095 1256 1125 ut
1288 1091 1532 1127 Cantacuzeno
1566 1093 1724 1137 quaesito

1020 1143 1056 1172 et
1088 1138 1227 1173 invento
1251 1137 1526 1184 Didymotichum
1549 1150 1724 1181 reversus,

1019 1185 1144 1219 anxiae
1166 1185 1291 1219 Irenae
1326 1185 1540 1230 gratissimus
1573 1185 1725 1220 advene-

1018 1231 1066 1265 rit
1088 1232 1168 1274 652,
1196 1233 1250 1267 13.
1275 1231 1360 1277 ibiq.
1390 1235 1504 1266 annot.

973 1277 1152 1323 Targnius
1178 1278 1406 1322 (Ludovicus)
1426 1280 1528 1320 1261,
1547 1280 1604 1314 21.
1622 1278 1723 1320 1265,

1020 1327 1077 1360 14.
1104 1325 1207 1367 1279,
1231 1323 1289 1360 45.
1313 1324 1358 1359 de
1381 1324 1532 1359 sisinnio
1551 1326 1724 1360 Novatia-

1019 1382 1063 1405 no
1089 1372 1192 1413 1296,
1215 1372 1249 1406 2.

974 1416 1183 1451 Tauresium
1209 1418 1312 1460 1156,
1342 1418 1379 1454 3.

974 1464 1241 1509 Tauroscythae
1263 1465 1322 1506 36,
1348 1461 1406 1500 14.

975 1510 1136 1554 Taum,
1168 1510 1314 1545 omnium
1346 1509 1448 1545 Asiae
1470 1509 1631 1545 montium
1653 1521 1726 1545 ma-

1021 1557 1129 1591 ximus
1153 1557 1220 1600 82,
1245 1559 1280 1592 2.
1312 1556 1423 1592 Tauri
1445 1558 1570 1592 montis
1593 1557 1725 1592 descri-

1021 1604 1095 1649 ptio
1119 1605 1187 1646 37,
1210 1605 1266 1639 20.

977 1649 1088 1685 Tauri
1111 1650 1245 1696 signum
1268 1649 1326 1692 98,
1349 1649 1407 1685 25.
1432 1648 1512 1690 542,
1535 1650 1571 1684 9.

977 1695 1165 1731 TelChinefl
1188 1699 1247 1738 909
1270 1698 1305 1733 7·
1330 1697 1413 1740 361,
1432 1696 1467 1733 ⁷0
1488 1697 1571 1738 590,
1587 1697 1621 1732 9·
1646 1696 1726 1738 821,

977 1769 1190 1836 Telepugai’s,
1214 1788 1440 1824 Sitzischanis
1463 1787 1568 1830 filius,
1595 1789 1630 1823 in
1654 1789 1727 1824 Eu-

1024 1848 1142 1882 ropam
1158 1835 1302 1871 transit:
1328 1835 1493 1883 plurimas
1506 1840 1628 1880 gentes
1646 1837 1727 1871 sul>-

1023 1883 1034 1917 i
1061 1884 1090 1918 it
1111 1883 1169 1924 35,
1191 1885 1250 1918 21.

978 1896 1154 1966 Teiierius
1187 1928 1354 1974 (Carolus
1378 1926 1580 1982 Mauritius)
1613 1927 1730 1963 archi-

1025 1976 1730 2067 ffiff⁰ss¹iific¹3suxssiffii¹02i1¹2233'1³:2¹1’ssss

1025 2068 1207 2104 donaverit
1231 2069 1334 2108 1192,
1358 2069 1414 2104 13.

979 2116 1114 2161 Tempe
1137 2114 1218 2158 249,
1241 2116 1275 2151 7.
1303 2113 1508 2149 Thessalica
1529 2114 1609 2157 895,
1634 2115 1690 2150 13.

979 2162 1185 2208 Templum,

1074 2210 1113 2243 8.
1137 2207 1316 2250 Andreae,
1345 2218 1367 2242 a
1390 2205 1580 2242 Theodora
1603 2206 1729 2242 Proto-

1026 2254 1191 2290 vestiaria
1211 2254 1436 2289 instauratum
1461 2250 1563 2294 1184,
1585 2253 1644 2289 35.

1073 2301 1112 2335 S.
1136 2300 1299 2344 Antonii,
1331 2300 1368 2334 in
1401 2299 1487 2334 urbe
1511 2299 1648 2334 Nicaea
1670 2296 1729 2344 44,

1072 2393 1324 2428 Blachernense
1346 2391 1428 2434 787,
1452 2392 1508 2428 16.
1531 2391 1622 2427 Vide
1644 2391 1729 2427 Bla-

1030 2440 1146 2476 chern.

1077 2487 1143 2521 88.
1166 2485 1408 2532 Apostolorum
1430 2484 1512 2526 786,
1538 2485 1594 2520 12.

1076 2532 1252 2578 Deiparae
1265 2531 1357 2576 apud
1369 2530 1582 2575 Magnesiam
1599 2529 1658 2573 44,
1675 2531 1728 2566 17.

1031 2579 1120 2615 Vide
1143 2579 1331 2612 Sosandra.

1079 2625 1251 2671 Deiparae
1292 2622 1533 2669 Hodegetriae
1569 2622 1660 2665 542,
1697 2624 1728 2658 1.

1031 2672 1121 2708 Vide
1146 2671 1407 2707 Monasterium.

1055 2717 1253 2801 4Deiparae
1275 2717 1341 2763 τῆς
1362 2715 1482 2763 πηγῆς
1493 2715 1549 2758 85,
1569 2716 1625 2751 12.
1647 2715 1729 2757 359,
