1794 3172
258 124 393 174 1042
677 127 994 175 NICEPHORI
1022 127 1349 174 GREGORAE

33 259 72 291 Α.
89 257 135 290 Μ.
154 254 247 292 6859
259 244 365 287 πεδα
386 240 455 285 διὰ
471 244 556 284 τῶν
576 238 714 298 ὑγρῶν
732 242 808 294 τῆς
830 235 1055 296 θαλάσσης
1076 236 1275 296 ἀβύσσων
1297 237 1353 291 ὥς
1371 239 1431 284 δι’
1447 238 1636 299 ἀνύδρων
1650 244 1742 286 δια-

95 305 166 338 ¹¹¹⁶·
182 300 208 339 4
221 310 457 384 Ι,βιβάσαῶ
493 311 559 354 καὶ
579 309 821 353 τούναντίον
843 304 897 352 αὐ
920 308 989 352 διὰ
1009 313 1084 366 τῆς
1104 308 1286 368 ἀνύδρου
1305 310 1460 369 πέτρας
1478 311 1561 369 ῥεῖν
1577 310 1744 357 ὑδάτων

260 379 486 431 θαλάσσας
518 376 855 437 παρασκευάσας.
899 382 1006 422 θεοῦ
1029 379 1110 438 γὰρ
1133 377 1368 432 κελεύοντός
1389 398 1433 424 τε
1454 382 1521 424 καὶ
1549 397 1744 440 συναιρο-

258 452 411 509 μένου,
450 450 519 493 καὶ
545 446 665 505 νόμοι
697 446 867 492 λύονται
893 447 1070 507 φύσεως.
1114 448 1166 506 ἢν
1193 450 1241 493 δέ
1266 467 1328 501 τις
1357 455 1442 494 τῶν
1471 450 1552 494 ἀπὸ
1582 456 1746 510 τρυφῆς

260 523 328 566 καὶ
348 525 422 577 τῆς
442 518 523 575 ὀψὲ
542 515 774 577 κραιπάλης
792 518 924 562 ἕωθεν
945 517 1254 563 ἀνατελλόντων
1275 515 1317 578 ᾖ,
1351 518 1505 577 ἀνάγκη
1524 519 1774 578 νοσήματα5

261 589 449 650 φύεσθαι
468 589 670 647 μοχθηρὰ
694 590 763 631 καὶ
784 588 1054 643 παντοδαπὰ,
1094 591 1162 632 καὶ
1188 587 1403 648 διαφόρων
1431 591 1657 648 εἰσαγωγὰς
1680 592 1747 634 αἶ-

263 661 413 720 ρέσεων
432 659 537 718 πρὸς
554 659 630 715 τὴν
648 663 926 702 καθεστῶσαν
947 659 993 702 ἐκ
1019 663 1200 703 παλαιοῦ
1232 662 1464 714 πολιτείαν,
1496 662 1565 703 καὶ
1589 659 1747 704 ἀναλύ-

261 748 346 782 σεις
369 732 620 787 δογματικῆς
653 727 881 786 ἁρμονίας,
912 731 981 772 καὶ
1004 727 1204 786 στάθμης
1236 727 1403 787 ἁπάσης
1432 730 1747 788 εὐνομουμένης

263 799 405 859 διόπερ
436 799 512 843 οὐκ
536 796 830 857 ἀταλαίπωρόν
857 816 950 842 τινα
977 800 1044 843 καὶ
1071 797 1255 855 μάλιστά
1281 817 1345 843 τοι
1374 799 1528 844 εὔωνον
1556 799 1770 863 ἧγεῖσθαιὶ

105 877 148 913 Ρ.
173 876 243 913 655
261 870 396 930 χρεὼν
415 869 492 926 τὴν
512 874 586 926 τῆς
607 869 810 925 ἀληθείας
828 868 998 927 εὕρεσιν.
1036 869 1084 913 οὐ
1105 870 1184 928 γὰρ
1205 869 1451 926 αὐτοσχέδια
1471 873 1539 914 καὶ
1561 869 1749 926 αὐτόμα-
1761 882 1794 917 1(

261 959 316 986 τα
334 938 544 999 φύεσθαι,
574 937 767 996 καθάπερ
785 938 862 990 τὰς
883 939 926 982 ἐν
946 947 1035 990 τοῖς
1055 938 1198 984 ι’ίλσεσι
1217 937 1400 996 βάτους,
1435 940 1552 996 ἴσμεν
1574 940 1627 984 τὰ
1640 938 1750 999 χρή-

259 1024 388 1068 σιμα·
425 1009 532 1053 ἀλλὰ
553 1007 694 1059 πόνοις
719 1009 915 1067 παρίμιξε
940 1011 1167 1065 πλείστοις,
1200 1012 1268 1054 καὶ
1293 1012 1442 1069 κομιδῇ
1471 1018 1647 1069 μακροῖς
1677 1028 1750 1054 πε-

264 1080 471 1140 ριετείχισε
499 1084 588 1129 τοῖς
614 1079 786 1136 ἱδρῶσιν
795 1111 809 1132 ,
850 1077 988 1137 ὅτιπερ
1018 1078 1243 1138 κεφάλαιον
1267 1085 1352 1124 τῶν
1373 1085 1450 1137 τῆς
1477 1085 1617 1137 ψυχῆς
1647 1079 1751 1138 ἀγα-

263 1154 372 1194 θῶν.
419 1150 464 1193 τί
485 1149 531 1192 δ’
555 1148 656 1192 ἀλλο
681 1152 799 1207 ψυχῇ
827 1146 1070 1206 τιμιώτερον
1099 1149 1286 1206 ἀγαθὸν,
1322 1148 1546 1207 ἢπίστεως
1577 1150 1753 1208 ἀκριβὴς

264 1217 474 1278 ἀσφάλεια
494 1218 599 1277 πρὸς
616 1216 742 1274 θεόν,·
778 1216 974 1274 σώματος
985 1219 1060 1273 μὲν
1080 1219 1160 1277 γὰρ
1181 1217 1399 1277 νοσήματα
1421 1222 1575 1270 παῖδας
1595 1222 1749 1277 ἰατρῶν
1763 1231 1794 1266 1ἐ

226 1291 503 1334 Βεῖσκαλοῦσι
531 1286 818 1346 θεραπευτάς·
855 1287 932 1332 κᾶν
958 1288 1018 1345 μὴ
1043 1288 1247 1345 εὐστοχεῖν
1275 1289 1323 1333 τὸ
1351 1288 1606 1346 σπούδασμα
1633 1288 1750 1348 δόξῃ,

263 1360 311 1404 τὸ
333 1357 496 1415 βλάβος
513 1357 563 1402 οὐ
585 1356 695 1401 πάνυ
715 1376 780 1402 τοι
794 1358 1000 1414 χαλεπὸν,
1040 1358 1137 1403 οὐδὲ
1156 1363 1232 1403 τοῦ
1254 1356 1460 1417 παρόντος
1476 1361 1570 1415 βίου
1591 1358 1754 1417 μακρό-

262 1443 410 1486 τερον
447 1428 502 1472 τὰ
532 1429 578 1471 δὲ
611 1432 696 1472 τῶν
726 1429 855 1472 θείων
884 1425 1102 1485 δογμάτων
1125 1427 1436 1488 ἀρρωστήματα
1467 1429 1543 1485 οὐχ
1566 1427 1753 1485 αἱμάτων

265 1498 438 1558 ῥήγνυσι
459 1495 641 1557 ῥύακας,
681 1497 779 1541 ἀλλ’
805 1497 912 1556 αὐτῇ
931 1514 974 1554 γε
994 1496 1239 1556 αὐτόχρημα
1259 1503 1310 1557 τῇ
1333 1500 1465 1542 πίστει
1490 1499 1653 1556 παρέχει
1676 1499 1753 1555 τὴν

262 1567 454 1625 βλάβην,
491 1567 747 1623 ἀναίμακτον
772 1568 870 1623 μὲν,
919 1567 1026 1611 ἀλλὰ
1055 1565 1171 1623 μάλα
1204 1586 1267 1612 τοι
1293 1566 1461 1626 σφόδρα
1488 1570 1651 1626 καιρίαν
1682 1570 1749 1612 καὶ
1762 1580 1794 1615 2(

263 1642 405 1695 ψυχῆς
435 1635 601 1681 αῗώνιον
623 1639 692 1682 καὶ
718 1635 936 1681 ἀθάνατον
964 1635 1233 1692 πράττουσαν
1259 1636 1474 1692 θάνατον,
1510 1632 1564 1695 ἧς
1598 1636 1753 1694 κόσμος

267 1706 379 1760 ἅπας
407 1706 483 1752 οὐκ
510 1707 621 1752 ἔστιν
650 1706 855 1761 ἀντάξιος.
903 1707 968 1752 διὸ
996 1707 1328 1768 παρῥησιαστέον
1360 1708 1448 1752 ἐστὶ
1477 1707 1531 1752 τὰ
1559 1712 1749 1763 τοιαῦτα,

357 1839 419 1880 14.
441 1841 599 1886 πίστεως
617 1854 681 1879 em.
697 1841 799 1879 Bolv.
818 1852 882 1889 pro
898 1842 1034 1885 πίστις.

267 1957 495 1996 numerabiles
518 1957 758 1993 Hebraeorum
786 1957 960 1992 exercitus
981 1966 1046 2003 per
1068 1955 1218 2002 liquidos
1238 1955 1344 1991 maris
1366 1954 1545 2002 gurgites,
1567 1956 1665 1991 velut
1689 1967 1753 2001 per

268 2005 403 2041 aridum
423 2005 544 2045 solum,
555 2004 755 2046 transmisit,
766 2009 802 2039 et
819 2004 972 2038 vicissim
993 2003 1123 2048 effecit,
1143 2009 1183 2038 ut
1202 2015 1264 2049 per
1281 2003 1412 2038 aridam
1434 2008 1565 2049 petram
1585 2015 1753 2049 aquarum

269 2052 326 2088 vis
346 2051 491 2086 maxima
507 2051 642 2086 flueret.
690 2050 835 2085 Scilicet
851 2051 926 2085 Deo
945 2050 1085 2085 iubente
1107 2055 1143 2085 et
1162 2050 1349 2085 adiuvante
1368 2049 1467 2096 ipsae
1496 2050 1677 2085 solvuntur
1701 2049 1754 2085 le-

270 2110 335 2144 ges
364 2103 519 2132 naturae.
580 2099 628 2132 At
646 2096 676 2131 si
691 2096 723 2131 is
742 2097 789 2131 sit
812 2108 900 2131 unus
922 2108 964 2131 ex
987 2096 1051 2139 iis,
1076 2097 1135 2142 qui
1170 2108 1212 2132 ex
1241 2097 1323 2131 luxu
1347 2101 1385 2131 et
1416 2101 1586 2131 nocturna
1611 2096 1754 2142 crapula

271 2144 418 2180 excitati
436 2155 535 2179 mane
552 2142 859 2189 expergiscuntur,
884 2143 1041 2189 profecto
1058 2155 1200 2179 necesse
1222 2147 1297 2187 est,
1322 2142 1534 2190 perniciosos
1553 2143 1662 2177 omnis
1690 2155 1756 2189 ge·

271 2191 368 2226 neris
383 2192 519 2226 morbos
538 2191 728 2232 exsistere,
753 2193 790 2224 et
809 2190 925 2225 varias
944 2191 1105 2225 haereses
1127 2191 1162 2225 in
1189 2190 1407 2225 constitutam
1431 2189 1624 2236 antiquitus
1649 2189 1755 2224 disci-

299 2238 403 2279 linam
418 2236 557 2279 invehi,
581 2241 618 2271 et
634 2237 840 2271 harmoniam
863 2236 1091 2283 dogmaticam
1110 2237 1320 2283 regulasque
1338 2248 1452 2271 omnes
1473 2236 1644 2282 legitimas
1669 2237 1755 2270 abo·-

272 2249 341 2320 feri
363 2287 469 2329 atque
491 2283 648 2317 dissolvi.
695 2284 776 2319 Non
796 2283 900 2318 debet
922 2285 1040 2330 itaque
1069 2283 1230 2319 veritatis
1257 2282 1479 2327 investigatio
1512 2282 1610 2316 facili
1636 2282 1756 2318 labore

275 2330 444 2378 parabilis
475 2333 511 2365 et
539 2328 674 2365 minimo
701 2329 814 2375 pretio
841 2330 972 2365 venalis
995 2329 1195 2366 existimari.
1242 2330 1335 2365 Nam
1361 2340 1451 2374 quae
1471 2329 1569 2364 utilia
1590 2334 1688 2371 sunt,
1714 2340 1756 2364 ea.

275 2389 346 2413 non
364 2376 519 2412 videmus
535 2376 652 2410 subito
674 2382 710 2411 et
729 2387 792 2411 sua
811 2383 934 2423 sponte
955 2378 1070 2420 nasci,
1094 2382 1134 2412 ut
1158 2377 1266 2411 rubos
1288 2377 1324 2410 in
1347 2375 1457 2410 silvis.
1506 2376 1612 2417 Quod
1642 2382 1755 2410 autem

275 2434 438 2459 summum
460 2427 515 2458 est
533 2421 636 2458 animi
655 2422 837 2466 bonorum,
861 2423 897 2458 id
914 2424 1078 2469 plurimos
1094 2424 1229 2460 labores
1249 2421 1465 2456 intermixtos
1483 2421 1609 2465 habet,
1634 2427 1669 2457 et
1682 2433 1756 2456 ma-

275 2470 377 2506 ximis
399 2469 584 2505 sudoribus
603 2468 748 2504 obiectis
767 2470 1014 2516 praecluditur.
1062 2470 1156 2512 Quid
1211 2480 1289 2504 orro
1315 2467 1501 2515 pretiosius
1529 2469 1663 2504 animae
1688 2473 1755 2511 est,

303 2528 380 2552 uam
399 2515 565 2563 religiosa
587 2519 624 2550 et
645 2520 806 2550 constans
821 2529 926 2552 verae
944 2529 1031 2563 erga
1047 2517 1156 2553 Deum
1205 2515 1276 2550 idei
1295 2514 1521 2550 observatio?
1555 2515 1607 2550 Ad
1631 2526 1757 2549 sanan-

274 2529 341 2599 30⁵
361 2563 519 2611 corporis
545 2562 679 2598 morbos
699 2563 823 2598 medici
846 2569 1090 2607 arcessuntur3
1115 2574 1183 2609 qua
1207 2561 1345 2608 quidem
1372 2573 1480 2607 opera
1499 2561 1528 2596 si
1548 2562 1656 2596 minus
1675 2573 1756 2596 suc·

277 2610 445 2652 cesserit,
471 2610 626 2644 damnum
653 2613 748 2644 certe
769 2621 837 2644 non
867 2610 952 2645 adeo
974 2622 1102 2656 grave,
1125 2620 1239 2655 neque
1267 2609 1333 2644 hac
1355 2607 1493 2643 mortali
1518 2608 1593 2643 vita
1615 2608 1756 2643 diutur-

277 2656 356 2692 nius
381 2657 556 2699 futurum,
579 2655 764 2701 accipitur.
811 2658 858 2691 At
881 2656 909 2691 ii
930 2657 1062 2700 morbi,
1087 2656 1147 2703 qui
1174 2655 1220 2690 ad
1244 2654 1406 2700 dogmata
1431 2654 1626 2699 theologica
1645 2653 1757 2699 perti·

276 2706 381 2746 nent,
404 2713 596 2749 quanquam
613 2702 792 2748 sanguinis
809 2702 904 2738 rivos
923 2704 1036 2750 ruptis
1050 2703 1149 2739 venis
1166 2713 1234 2737 non
1253 2701 1448 2743 effundunt,
1473 2701 1571 2736 Fidei
1592 2701 1661 2747 ipsi
1681 2701 1757 2746 pla.-

275 2761 355 2795 gam
373 2761 500 2785 revera
520 2748 695 2795 infligunt,
719 2748 931 2784 incruentam
948 2751 1083 2796 quidem
1099 2750 1212 2791 illam,
1236 2748 1298 2783 sed
1318 2747 1461 2782 maxime
1477 2747 1647 2791 lethalem,
1668 2759 1758 2782 sem—

275 2795 448 2842 piternum
467 2795 595 2843 quippe
612 2799 649 2830 et
665 2795 852 2830 immortale
869 2797 1011 2832 exitium
1028 2797 1209 2832 allaturam
1227 2795 1375 2837 animae,
1398 2793 1455 2829 cui
1473 2805 1536 2829 nec
1552 2799 1645 2828 totus
1661 2805 1757 2828 mun-

276 2842 344 2878 dus
356 2842 632 2890 aequiparandus
650 2847 717 2878 est.
740 2842 968 2886 Quamobrem
981 2843 1090 2890 palam
1102 2842 1170 2878 ista
1185 2841 1349 2889 proferri,
1360 2845 1468 2888 atque
1477 2841 1515 2876 iu
1528 2840 1649 2887 primis
1666 2839 1757 2882 illos,
