1794 3172
296 119 430 168 1138
698 125 1015 172 NICEPHORI
1042 125 1367 174 GREGORAE

77 242 114 274 A.
130 241 175 274 M.
192 239 284 277 6859
304 233 371 280 ὅτε
397 235 450 292 δὴ
475 237 543 279 καὶ
565 232 704 287 πάσας
723 235 799 290 μὲν
823 235 981 293 ἀρχὰς,
1020 233 1160 288 πάσας
1182 236 1227 281 δ’
1251 238 1459 294 ἐξουσίας,
1497 240 1538 284 οἳ
1556 244 1633 297 τῆς
1651 238 1777 285 νόσου

140 284 245 323 Ind'4
300 303 456 362 ταύτης
480 303 681 362 ὑπηρέται
716 306 1017 363 διενενέμηντο,
1055 308 1125 350 καὶ
1154 311 1270 351 πᾶσα
1300 306 1467 352 πάντων
1492 308 1646 365 ἅμιλλα
1675 310 1780 368 πρὸς

260 375 372 420 Βτόν
404 374 547 430 ὅμοιον
582 379 658 431 τῆς
684 376 829 427 κακίας
859 374 1014 432 ταύτης
1043 377 1232 421 ἐτέτακτο
1263 375 1444 435 δρόμον,
1481 380 1549 422 καὶ
1578 380 1723 435 σχεδὸν
1755 378 1777 423 ὃ

298 449 381 489 τῶν
412 448 637 500 τηνικαῦτα
664 446 757 500 βιός
787 443 1051 503 ἀνθρώπων,
1090 446 1159 490 διὰ
1191 447 1353 505 τρυφὴν
1378 449 1444 491 καὶ
1465 451 1685 503 βλακείαν,
1723 450 1780 499 εἷς

298 514 373 571 τὴν
394 518 476 557 τῶν
494 518 720 570 βασιλικῶν
736 513 1035 571 θεσπισμάτων
1057 515 1183 559 ἔκλινε
1201 518 1430 571 κολακείαν,
1459 520 1527 561 καὶ
1548 516 1655 561 πάνυ
1668 523 1794 576 βρα-ε

295 591 381 640 χεΐς
406 601 511 634 τινες
533 579 665 640 ἦσαν,
706 578 762 627 ὧν
792 583 1011 644 ἐλεύθερον
1033 590 1110 641 τῆς
1135 590 1275 642 ψυχῆς
1299 584 1457 644 ὑπῆρχε
1486 587 1534 631 τὸ
1567 586 1779 646 φρόνημα,

298 655 366 697 καὶ
382 652 457 707 ἕξει
476 653 524 697 τὸ
544 658 619 710 τῆς
637 655 810 711 καρδίας
830 659 936 712 πῦρ,
971 654 1078 710 μεθ’
1100 650 1149 699 οἷ)
1167 658 1235 699 καὶ
1255 656 1359 713 πρὸς
1376 656 1424 700 τὸ
1443 657 1637 713 πολέμιον
1655 658 1779 701 ἐκεῖνο

300 724 495 780 γενναίως
515 722 887 781 ἀντεστρατεύοντο
915 729 1023 782 πῦρ,
1056 726 1229 776 καὶτοῖς
1251 723 1388 782 λόγοις
1405 731 1480 770 τοῦ
1500 731 1635 784 σοφοῦ
1657 726 1778 770 τοῦδ’

301 793 454 851 ἀνδρὸς
477 791 735 849 συνεμάχουν
757 794 801 838 ἐκ
820 798 905 838 τῶν
925 792 1099 839 ἐνόντων
1107 827 1121 849 ,
1155 795 1195 838 οἶ
1214 796 1290 850 μὲν
1311 793 1471 853 λόγοις,
1510 797 1550 840 οἳ
1569 796 1610 839 δ’
1634 795 1778 854 ἔργοις,

261 861 342 907 Coi
366 864 411 906 δὲ
430 862 488 906 δι’
516 862 731 920 ἑκατέρων.
780 858 837 908 ὧν
857 861 915 915 εἷς
935 866 1003 908 καὶ
1029 863 1249 922 Θεόδωρος
1268 860 1342 922 ἦν,
1382 863 1404 909 ὃ
1425 866 1583 922 πολλὴν
1605 867 1680 922 μὲν
1705 866 1794 922 τὴν,

298 934 344 976 ἐκ
377 930 510 990 λόγων
541 934 722 991 σοφίαν,
760 933 918 990 πολλὴν
948 935 994 978 δὲ
1020 934 1098 991 τὴν
1118 938 1193 978 τοῦ
1214 932 1410 991 σώματος
1430 937 1648 994 καρτερίαν
1677 935 1783 994 πρὸς

299 1002 377 1053 τὰς
407 1006 493 1047 τῶν
520 1004 726 1059 πολεμίων
757 1004 916 1048 ἐκείνων
948 1004 1106 1061 πληγὰς
1124 1002 1426 1060 ἐνδειξάμενος,
1459 1007 1527 1048 καὶ
1558 1005 1617 1048 δι’
1644 1005 1783 1049 αὐτῶν

298 1079 387 1123 τοῖς
404 1074 593 1130 πατρίοις
614 1073 662 1116 τὸ
681 1072 853 1128 βέβαιον
874 1074 941 1117 καὶ
970 1072 1197 1119 ἀσάλευτον
1218 1073 1498 1132 χαρισάμενος
1525 1073 1702 1131 δόγμασι
1732 1074 1782 1118 τὸ

150 1146 196 1184 V.
211 1144 282 1184 574
306 1139 527 1198 νεμόμενον
546 1141 698 1186 ἔπαυσε
716 1147 792 1199 τῆς
812 1144 957 1194 κακίας
982 1145 1146 1200 ἐκείνης.
1192 1146 1261 1187 καὶ
1278 1145 1354 1199 μὲν
1378 1144 1429 1200 δὴ
1452 1148 1615 1188 πολλῶν
1636 1144 1779 1198 ὄντων,

303 1211 331 1255 ἃ
353 1215 403 1270 τῇ
432 1216 507 1255 τοῦ
531 1216 635 1256 θεοῦ
656 1214 848 1274 ἐκκλησία
876 1215 1158 1257 καταλελοίπει
1177 1212 1506 1271 συγγράμματα,
1544 1212 1681 1272 πλήρη
1708 1230 1783 1258 σο-

264 1283 406 1339 Βφίας
434 1283 750 1339 ἔπιστημονικῆς
780 1284 848 1326 καὶ
876 1281 965 1339 ἅμα
996 1284 1021 1326 δ
1029 1282 1041 1299 ³
1069 1283 1275 1339 εὐσεβείας
1298 1288 1457 1339 σεμνῶς
1484 1281 1783 1342 πανηγυριζού-

305 1367 383 1408 σης
395 1384 410 1405 ,
450 1349 471 1395 ὅ
491 1352 619 1409 μέγας
639 1345 762 1402 οὗτος
779 1350 1056 1407 διδάσκαλος,
1085 1352 1172 1397 ἔνια
1187 1354 1263 1409 μὲν
1287 1355 1356 1396 καὶ
1380 1351 1480 1410 ἡμῖν
1502 1355 1558 1403 εἷς
1577 1353 1652 1409 τὴν
1673 1354 1783 1397 ἀνω-

303 1421 411 1479 τέρω
430 1439 510 1465 που
526 1423 667 1479 χρείαν
686 1422 882 1479 μεγίστην
907 1422 1132 1480 παρέσχετο
1155 1424 1415 1479 συμμαχίαν·
1452 1424 1520 1466 καὶ
1542 1427 1614 1466 νῦν
1637 1423 1678 1466 δ’
1705 1418 1785 1465 αὗ-

306 1495 381 1542 θις
408 1490 514 1534 κατὰ
546 1489 711 1548 γνώμην
745 1490 796 1535 ἂν
827 1492 887 1549 εἴη
917 1494 985 1535 καὶ
1015 1492 1064 1536 οὗ
1094 1490 1211 1549 μάλα
1236 1493 1283 1550 γέ
1306 1510 1370 1536 τοι
1399 1491 1522 1549 ἀηδὲς
1549 1492 1663 1548 ἐμοὶ,
1700 1496 1784 1535 τῶν

304 1561 457 1604 ἐκείνου
484 1563 667 1618 βίβλων,
706 1558 762 1612 ὥς
789 1562 833 1613 ἒξ
865 1562 977 1620 ἱερᾶς
1013 1579 1125 1613 τινος
1151 1559 1412 1619 ὃπλοθήκης,
1448 1561 1497 1606 τὸ
1523 1563 1681 1619 καίριον
1714 1563 1794 1605 καὶ,

303 1635 357 1688 τῇ
377 1629 569 1690 παρούσῃ
595 1632 713 1692 χρείᾳ
735 1629 857 1675 πάλιν
881 1631 1140 1690 ἀνειληφέναι
1171 1633 1302 1691 ξίφος.
1349 1632 1576 1690 προτίθησι
1601 1631 1679 1689 γὰρ
1706 1632 1788 1675 ἐκεῖ

265 1700 363 1743 Er&
394 1705 478 1745 τῶν
509 1701 722 1760 προέδρων
752 1705 829 1758 τῆς
853 1702 1137 1759 εἶκονομαχίας
1161 1699 1358 1759 ἐναγώνια
1379 1699 1546 1760 ῥήματα
1564 1699 1782 1759 πρότερον,

303 1768 452 1827 ἔχοντα
474 1769 621 1823 οὕτως.
657 1769 772 1830 (Is.)
788 1771 1089 1831 ,,Προγνοὺς,”
1106 1774 1248 1832 φησὶν,
1269 1770 1328 1827 ,,ὃ
1345 1771 1531 1831 Χριστὸς
1552 1771 1625 1815 τὸν
1644 1769 1784 1815 θάνα-

304 1902 476 1950 gistratus
495 1915 630 1948 omnes,
654 1906 691 1940 et
708 1907 864 1941 caeteras
879 1904 1018 1951 imperii
1034 1904 1244 1950 dignitates,
1267 1904 1388 1948 huius,
1413 1916 1505 1951 quae
1524 1905 1621 1940 velut
1642 1905 1781 1939 morbus

307 1955 451 1986 cunctos
469 1951 636 1987 infecerat
648 1980 657 1996 ‚
680 1953 863 1988 haereseos
878 1951 1026 1986 ministri
1046 1951 1320 1994 distribuebant,
1344 1956 1381 1986 et
1399 1951 1557 1987 certatim
1578 1963 1692 1986 omnes
1711 1963 1784 1985 ma-

306 1997 401 2031 xima
423 1998 642 2033 contentione
666 1999 711 2034 ad
731 1999 873 2034 similem
891 1998 1076 2033 currebant
1099 1998 1371 2044 improbitatem3
1396 1999 1478 2045 quin
1495 2004 1532 2034 et
1548 1998 1640 2032 illius
1658 1997 1783 2033 aetatis

308 2043 483 2086 homines,
508 2046 552 2080 ob
576 2046 671 2080 vitae
694 2045 835 2081 delicias
852 2050 887 2080 et
904 2044 1039 2088 luxum,
1064 2056 1104 2080 eo
1124 2046 1198 2080 fere
1216 2045 1427 2080 inclinabant
1451 2044 1620 2086 animum,
1644 2050 1685 2079 ut
1702 2056 1782 2078 san-

312 2090 483 2125 ctionibus
501 2091 731 2136 imperatoriis
750 2092 983 2127 adularentur.
1031 2091 1243 2138 Supererant
1269 2092 1487 2138 paucissimi,
1513 2103 1656 2137 quorum
1676 2102 1785 2136 gene-

311 2147 411 2171 rosus
429 2148 471 2172 ac
486 2137 629 2173 liberior
650 2139 778 2174 animus
791 2164 802 2182 ‚
823 2138 973 2184 iteque
993 2139 1251 2174 ardentissimus
1274 2139 1309 2174 in
1331 2138 1434 2174 corde
1453 2138 1559 2184 ignis,
1582 2143 1702 2173 contra
1716 2137 1784 2171 ini-

312 2182 437 2218 micum
453 2183 547 2218 illum
563 2185 676 2230 ignem
696 2186 834 2220 fortiter
856 2186 1102 2228 decertabant3
1125 2190 1160 2221 et
1188 2187 1252 2221 hoc
1273 2185 1308 2220 in
1334 2186 1423 2220 bello
1446 2184 1628 2230 sapientis
1643 2184 1784 2219 huiusce

313 2229 384 2265 viri
401 2230 439 2264 S.
453 2230 591 2265 Ioannis
610 2231 814 2267 Damasceni
830 2233 1040 2267 sermonibus
1059 2244 1122 2279 pro
1142 2244 1204 2267 sua
1222 2232 1369 2278 quisque
1384 2231 1563 2273 facultate,
1587 2231 1646 2265 alii
1663 2231 1783 2272 verbo,

314 2276 375 2311 alii
392 2288 517 2323 opere,
540 2283 687 2324 utroque
709 2279 790 2322 alii,
814 2278 1077 2324 opitulabantur.
1125 2279 1253 2314 Horum
1273 2291 1359 2313 unus
1376 2278 1444 2312 fuit
1462 2278 1670 2313 Theodorus
1689 2278 1784 2311 Gra-

313 2326 420 2404 ptus,
442 2322 502 2370 qui
517 2324 657 2359 multam
673 2330 743 2360 tum
765 2325 903 2372 scriptis
919 2326 954 2360 in
972 2325 1183 2362 sermonibus
1202 2325 1404 2372 sapientiam
1416 2350 1427 2366 ,
1450 2329 1522 2359 tum
1540 2324 1584 2359 ad
1604 2324 1785 2369 perferen-

339 2381 378 2404 as
396 2370 544 2404 hostium
561 2370 695 2405 illorum
712 2372 834 2418 plagas
860 2373 1016 2419 corporis
1037 2372 1237 2419 patientiam
1261 2371 1517 2407 demonstravit.
1564 2370 1668 2405 Unde
1687 2370 1786 2405 firma

314 2419 352 2451 et
368 2416 596 2459 inconcussa,
620 2429 708 2463 quae
725 2430 746 2453 a
761 2419 944 2454 maioribus
962 2419 1176 2466 accepimus,
1194 2419 1354 2464 dogmata
1370 2417 1544 2460 servavit,
1568 2421 1604 2452 et
1621 2428 1785 2462 grassan-

313 2468 384 2498 tem
401 2462 532 2509 ubique
547 2463 711 2499 malitiam
731 2465 950 2511 compescuit.
996 2466 1107 2501 Porro
1125 2477 1266 2511 magnus
1286 2465 1341 2500 hic
1360 2466 1482 2500 doctor
1506 2464 1645 2509 scripsit
1668 2464 1784 2509 plures

314 2514 352 2544 et
373 2510 441 2545 Dei
466 2510 635 2545 ecclesiae
661 2511 802 2557 reliquit
824 2513 952 2557 libros,
978 2513 1038 2559 qui
1055 2513 1194 2547 uberem
1214 2512 1418 2558 sapientiam
1446 2522 1520 2546 cum
1539 2509 1683 2545 scientia
1703 2521 1786 2544 con-

314 2556 467 2591 iunctam
500 2561 536 2592 et
568 2557 732 2603 pietatem
755 2564 898 2604 augusto
919 2559 1102 2605 splendore
1122 2559 1244 2594 festam
1266 2558 1463 2600 continent;
1486 2569 1529 2592 ex
1550 2558 1674 2603 quibus
1699 2567 1785 2590 non-

315 2603 402 2637 nulli
422 2603 561 2648 quidem
581 2604 760 2639 maximum
786 2611 822 2639 et
845 2606 1074 2641 necessarium
1101 2605 1144 2640 ad
1165 2605 1375 2651 superiorem
1399 2604 1664 2640 controversiam
1686 2602 1787 2637 adiu-

316 2653 464 2684 mentum
488 2650 587 2685 nobis
611 2651 818 2686 attulerunt:
842 2658 990 2687 attamen
1011 2652 1200 2699 perlubenti
1227 2652 1336 2686 animo
1349 2677 1359 2694 ‚
1383 2664 1447 2687 nec
1466 2650 1541 2685 sine
1561 2650 1706 2696 quadam
1723 2660 1786 2683 vo-

317 2695 474 2741 luptate,
497 2708 618 2732 rursus
633 2709 676 2731 ex
691 2697 799 2742 ipsius
818 2698 927 2740 libris,
951 2711 1014 2734 ceu
1035 2710 1131 2734 sacro
1149 2710 1193 2733 ex
1215 2697 1488 2740 armamentario,
1512 2708 1602 2731 nunc
1620 2701 1785 2741 opportu-

318 2753 397 2776 nam
422 2742 466 2777 ad
484 2743 677 2789 praesentis
695 2743 940 2790 disputationis
961 2746 1199 2780 necessitatem
1215 2745 1367 2790 gladium
1390 2745 1542 2779 educam.
1588 2743 1641 2778 Ibi
1658 2742 1786 2787 quippe

318 2788 436 2823 statim
455 2790 618 2836 proponit
635 2791 755 2833 verba,
778 2802 868 2836 quae
882 2792 980 2826 velut
999 2792 1176 2826 classicum
1194 2791 1354 2826 canentia
1373 2790 1595 2838 proferebant
1610 2790 1788 2824 Iconoma-

320 2836 464 2872 chorum
482 2837 669 2875 haereseos
686 2837 872 2875 antistites.
915 2838 1007 2875 Sunt
1026 2843 1142 2877 autem
1155 2837 1361 2876 huiusmodi.
1407 2836 1543 2884 (xm.)
1564 2833 1786 2881 „Christus,”
