1794 3172
243 111 384 172 -11268
797 116 1278 185 ANNOTATIONES.

249 225 509 276 nologorum,
562 222 633 274 qui
670 222 1047 277 Constantinopolin
1082 229 1361 276 recuperatam
1403 230 1623 264 statuerent
1673 238 1778 263 anno

249 282 389 323 Mundi
408 282 473 320 VI.
496 279 819 322 MDCCLXVIII.
841 295 921 320 non
944 287 1077 320 autem
1103 281 1561 324 an.V1.MDCCLX1x.
1611 282 1690 322 Sed
1712 282 1780 320 hic

249 345 386 380 noster
410 337 639 378 Historieus
662 352 741 378 non
765 352 923 391 semper
944 352 1080 377 secum
1109 339 1320 380 consentit.
1376 353 1530 381 nomm.

363 394 462 463 Pag.
493 397 561 443 87,
594 395 661 439 14.
721 395 877 463 Συχναὶ
897 399 1116 448 παρῆλθον
1137 394 1303 450 ἡμέραι,
1335 396 1404 437 καὶ
1426 393 1505 450 εἶχε
1529 394 1598 439 τὸν
1617 396 1783 450 βασιλέα

250 453 281 507 ’ἦ
300 455 379 494 τῶν
410 448 565 494 πολεων
597 449 891 507 βασιλεύουσα]
931 453 1166 492 michaelem
1188 454 1494 505 Palaeologum'
1482 467 1525 493 m
1550 455 1697 494 Urbem
1717 469 1782 493 re-

253 516 487 564 cuperatam
517 510 740 561 ingressum
773 524 858 550 esse
887 509 950 550 die
974 512 1064 550 XV.
1086 511 1232 550 mensis
1253 511 1442 563 Augusti,
1472 511 1619 563 colligo
1650 526 1700 551 ex
1719 510 1783 550 his

253 581 361 621 quae
386 568 575 620 leguntur
594 567 709 607 initio
730 567 889 608 Codicis
900 568 1025 635 Regii
1053 570 1176 612 1852.
1190 566 1231 622 *)
1272 568 1394 621 Μηνὶ
1417 564 1626 626 αυγούστω
1653 568 1700 610 ιε’
1728 570 1785 610 ἶν-

253 627 466 675 δικτιῶνος
487 626 522 666 δ.
540 629 614 666 τοῦ
630 624 741 675 ἔτους
762 620 922 678 στψξθί.
949 622 1244 682 ἐσίχθημεν**)
1266 623 1342 667 συν
1361 629 1450 681 θεῳ
1469 626 1510 674 ἐς
1533 629 1785 668 Κωνσταντι-

253 678 471 724 νούπολιν.
529 681 684 723 Mensis
711 683 885 737 Augusti
908 681 969 721 lie
997 683 1086 723 XV.
1107 697 1172 721 an.
1202 683 1269 725 VI.
1301 684 1543 725 DCCLXIX.
1570 682 1788 724 introducti

254 755 386 780 sumus
405 740 489 780 Deo
512 740 670 779 iuvante
689 742 731 780 in
754 739 886 779 urbem
912 737 1294 794 Constantinopolin.
1351 755 1503 780 nomm.

369 796 673 850 Peg-8217.
734 793 988 850 Θεομήτορος
1017 801 1091 851 τῆς
1126 795 1413 864 Ὅδηγητρίας]
1464 797 1656 851 Acropol.
1697 810 1785 849 cap.

259 855 521 895 LXXXVHL
562 854 796 909 Pachymer.
821 855 891 893 lib.
914 855 966 895 ΙΙ.
999 869 1086 909 cap.
1116 855 1266 898 XXXI.
1293 857 1406 896 istius
1446 856 1579 905 aedis,
1621 855 1679 894 de.
1709 867 1787 907 qua

258 912 385 952 multa
420 913 692 963 congessimus
729 914 770 952 in
798 912 1143 966 Constantinopoli
1169 912 1313 953 Christ.
1345 913 1417 954 lib.
1449 913 1515 953 IV.
1547 918 1642 953 sect.
1667 912 1717 952 II.
1745 925 1786 949 n.

257 969 412 1011 XXIV.
443 970 536 1009 alibi
556 984 673 1022 saepe
691 970 871 1011 meminit
891 967 1337 1023 Gregoras.1)ncANG.

381 1026 480 1081 Pag.
511 1030 578 1077 87,
610 1032 679 1070 21
727 1026 918 1082 ’Έγγιστα
936 1032 1010 1069 τοῦ
1023 1024 1286 1081 Ἱπποδρόμου
1314 1023 1536 1080 παλάτιον]
1568 1025 1686 1075 Quod
1705 1040 1791 1064 ma-

257 1099 380 1153 gnum
411 1059 695 1137 appellabant,
727 1086 872 1124 Graeci
902 1098 999 1125 vero
1031 1085 1151 1138 paulo
1173 1086 1418 1125 recentiores
1449 1087 1629 1139 βασίλεια
1656 1099 1704 1124 τα
1725 1098 1793 1136 με-

260 1138 364 1195 γάλα
389 1140 491 1195 πρὸς
513 1138 732 1195 οἷνατολην,
762 1143 834 1181 ubi
855 1142 975 1181 hodie
1001 1141 1259 1193 Geni-Sami,
1277 1143 1470 1182 Palatium
1490 1156 1652 1191 novum,
1684 1139 1794 1193 quod

263 1199 360 1239 Osm
379 1213 516 1239 eneam
535 1208 692 1252 portam
711 1214 818 1239 nunc
839 1201 1058 1247 nominant,
1089 1200 1138 1238 de
1157 1214 1235 1252 quo
1256 1201 1407 1252 pariter
1426 1200 1576 1253 agimus
1594 1201 1636 1238 in
1655 1199 1794 1237 eadem

268 1262 406 1295 nosna
428 1258 705 1297 lucubratione
727 1257 794 1296 lib.
815 1258 863 1296 ΙΙ.
887 1265 983 1299 sect.
1005 1258 1072 1296 IV.
1094 1272 1132 1296 n.
1155 1262 1192 1299 1.
1249 1271 1423 1297 DUCANG.

378 1312 464 1353 P
413 1329 477 1367 αὗ
501 1319 569 1364 87,
601 1319 668 1358 22.
732 1312 786 1355 To
799 1313 890 1388 ἶγὰρ
905 1315 947 1356 ἐν
973 1313 1238 1368 Βλαχέρναις]
1271 1315 1504 1368 Pachymer.
1525 1311 1568 1354 τὸ
1589 1329 1664 1367 γαρ
1688 1315 1794 1352 Βλα-

267 1386 447 1442 χερνων
456 1368 533 1413 ουίι
565 1369 763 1426 εὐτρεπῶς
787 1388 842 1424 ην
868 1372 970 1425 εχειν
989 1388 1089 1424 προς
1109 1369 1186 1424 τήν
1211 1374 1294 1412 τῶν
1325 1371 1521 1427 βασιλέων
1550 1371 1794 1422 κατοίκησιν.

270 1430 382 1485 ἔγεμε
402 1426 477 1482 γὰρ
493 1445 653 1470 καπνου
674 1429 743 1470 καὶ
762 1428 934 1499 λιγνύος.
990 1443 1167 1469 nocane.

379 1484 476 1540 Pag
507 1491 576 1536 88,
606 1491 646 1529 7.
692 1483 785 1526 Ὀτι
803 1483 858 1539 μή
875 1482 1091 1527 κατάλυσιν
1109 1486 1305 1527 παντοίαν
1324 1481 1394 1538 ἐφ’
1412 1483 1543 1541 ἡμέρα
1561 1501 1631 1526 και
1649 1482 1794 1535 νυκτι]

267 1539 485 1584 καταλυσιν
505 1544 574 1582 hic
592 1558 672 1583 non
704 1541 981 1597 diversorium,
1011 1543 1082 1584 sed
1102 1542 1400 1584 destructionem
1424 1542 1669 1594 significare,
1701 1555 1794 1580 sen-

271 1600 396 1639 tentia
422 1602 607 1641 ostendit.
666 1614 863 1641 WOLFms.

382 1655 478 1712 Pag.
508 1663 576 1710 88,
607 1663 672 1703 19.
700 1699 705 1703 ,
733 1653 994 1712 Πατριαρχην
1020 1654 1247 1712 Ἄρσὲνιον]
1277 1656 1508 1710 Pacbymer.
1539 1657 1607 1697 lib.
1629 1656 1678 1695 ΙΙ.
1706 1669 1794 1707 cap.

269 1715 459 1756 XXXIV.
475 1717 547 1756 lib.
575 1717 643 1757 111.
673 1729 759 1770 cap.
790 1716 822 1755 I.
855 1716 905 1758 11.
945 1730 1123 1757 DucANG.
1183 1715 1285 1756 Vide
1323 1715 1479 1755 Arsenii
1507 1720 1794 1754 testamentum.

270 1785 423 1812 nomm.

385 1828 482 1883 Pag·
512 1833 582 1877 89.
616 1830 656 1874 5.
721 1827 775 1872 To
803 1828 847 1872 δὲ
865 1825 919 1882 ἧν
939 1831 1170 1884 θρίαμβον]
1202 1830 1257 1868 De
1287 1829 1558 1882 Stiategopuli
1593 1826 1794 1881 triumpho

273 1886 365 1927 silet
380 1887 656 1940 PachymereS,
676 1901 796 1958 quem
814 1888 943 1939 attigit
962 1888 1078 1927 etiam
1097 1887 1296 1927 Phranzes
1319 1888 1387 1926 lib.
1399 1887 1429 1925 I.
1447 1901 1534 1940 cap.
1545 1886 1594 1926 V.
1623 1899 1794 1926 numm}

388 1943 488 1998 1³03.
518 1949 587 1994 89,
621 1950 689 1988 11.
744 1942 811 1986 Ἐν
840 1950 924 1993 τοῖς
952 1944 1216 1999 υμνητηρίοις
1245 1943 1313 1985 καὶ
1344 1940 1546 1997 εὔφημοις
1575 1939 1722 1991 ἅπασι]
1755 1942 1794 1980 In

276 2000 630 2043 acclamationibus
671 2008 710 2042 et
753 1998 990 2055 εὐφημίαις,
1031 2016 1132 2054 quae
1160 2002 1201 2041 in
1241 2001 1409 2041 ecclesia
1440 2001 1678 2054 praesertim
1714 1999 1794 2038 fiexi

277 2067 592 2110 consueverant,
624 2060 684 2099 uti
711 2060 853 2098 sc1ibit
875 2058 1072 2098 Phranzes
1091 2060 1163 2103 lib.
1183 2060 1214 2099 I.
1234 2073 1320 2112 cap.
1343 2059 1391 2099 V.
1417 2058 1465 2097 de
1483 2058 1628 2110 quibus
1651 2057 1794 2108 agimus

275 2115 318 2154 in
341 2115 468 2154 Gloss.
488 2117 592 2157 med.
613 2117 820 2158 Graecit.
809 2131 849 2155 m
872 2112 1065 2168 εὐφημία,
1099 2123 1138 2156 et
1157 2119 1196 2155 in
1215 2112 1492 2170 πολυχρόνιον.
1532 2115 1651 2154 Istius
1675 2128 1794 2167 porrc

277 2173 553 2225 Strategopuli
583 2171 786 2228 εὐφημίας
818 2174 997 2214 meminit
1021 2175 1174 2227 pariter
1191 2173 1425 2227 Pachymer.
1456 2172 1524 2212 lib.
1549 2173 1615 2212 ΙΙΙ.
1648 2186 1736 2224 cap.
1762 2176 1794 2215 2,

278 2234 381 2269 extr.
436 2243 609 2272 Docimo.

391 2284 490 2339 Pag·
520 2291 589 2336 90,
622 2291 691 2332 18.
750 2287 833 2330 Και
855 2287 1050 2341 όΚαῖσαρ
1073 2287 1277 2331 οἳλίσκεται
1297 2289 1391 2337 ζων]
1423 2284 1656 2338 pachymer.
1678 2285 1748 2324 lib.
1769 2284 1794 2325 Ι

282 2357 368 2396 cap.
388 2344 557 2383 XXXII.
586 2344 654 2385 lib.
674 2346 744 2384 111.
770 2359 857 2398 cap.
876 2346 959 2386 VII.
981 2346 1084 2388 VIII.
1141 2359 1316 2385 nonme.

392 2399 491 2454 Pag.
521 2404 590 2451 90,
619 2405 688 2445 20.
747 2398 850 2445 Ἀλλ’
871 2403 914 2444 ἐν
935 2399 1100 2455 αδήλοις
1120 2399 1253 2456 ὥσπερ
1275 2397 1484 2455 πελαγεσι]
1517 2401 1683 2453 Sumpta
1704 2397 1794 2438 hae(

282 2471 333 2497 ex
362 2458 540 2510 dialogo,
587 2459 652 2498 cui
683 2459 824 2499 titulus
856 2460 1123 2514 Φλωρέντιος,
1152 2473 1223 2499 seu
1239 2458 1331 2514 περὶ
1353 2459 1515 2510 σοφίας.
1574 2457 1675 2496 Vide
1705 2456 1787 2494 Cod

280 2515 376 2567 Reg.
395 2518 520 2559 3284.
539 2515 608 2556 fol.
626 2518 725 2560 257.
747 2517 796 2557 V.
824 2531 974 2558 nowm.

394 2571 493 2625 Pag·
524 2575 592 2622 91,
623 2578 691 2617 20.
749 2569 816 2614 ’Ev
848 2579 934 2622 ταῖς
962 2576 1046 2614 τοῖν
1073 2570 1329 2626 φαυλοτέρων
1353 2568 1518 2624 ἥτταις]
1555 2569 1715 2610 Phrasis
1744 2569 1794 2608 in·

284 2629 438 2680 solens,
468 2643 544 2682 pro
563 2630 606 2672 ἐν
624 2633 682 2688 τῷ
701 2629 901 2685 ’ἡττᾶσθαι
918 2635 998 2673 τῶν
1021 2629 1288 2686 φαυλοτέρων.
1346 2642 1503 2670 Bulvm.

376 2763 415 2809 ²⁶¹)
441 2764 520 2808 Quo
543 2765 735 2804 continetur
752 2763 861 2810 prima
877 2777 958 2811 pars
977 2764 1256 2805 Lexicissufflm.
1305 2773 1442 2802 imvm.

371 2812 431 2856 **)
455 2814 525 2848 Pto
543 2812 779 2860 εἰσήχθημεν.
827 2823 962 2850 nolvm.
