1794 3172
239 139 341 189 604
653 142 970 189 NICEPHORI
997 139 1322 187 GREGORAE

21 272 320 309 A.M;685oo·ac
339 251 586 312 ἁπλότητα,
639 255 710 297 καὶ
742 252 846 311 πρὸς
884 252 962 308 τὴν
997 249 1150 294 ἑαυτοῦ
1188 245 1465 307 μεθαρμόσας
1501 245 1716 304 βούλησιν,

63 322 133 355 ¹¹¹⁶·
150 323 197 357 ²⁰
243 326 369 371 πάντ’
393 326 492 383 ἕδρα
520 324 573 367 τὰ
593 321 863 379 μελετώμενα.
902 323 968 364 καὶ
991 320 1078 375 ἅμα
1106 320 1268 373 τὸνμὲν
1289 318 1630 374 Καντακουζηνὸν
1654 318 1720 360 ἔν-

203 367 372 452 0’τιζιιως
395 394 633 452 προπέμπει
664 397 738 435 τοῦ
772 391 1029 443 Βυζαντίου,
1078 385 1424 446 φρικωδεστάτοις
1461 394 1548 437 τοῖς
1585 386 1722 444 ὅρκοις

241 463 481 522 ἔμπεδώσας
509 462 585 512 τὰς
617 461 720 518 πρὸς
752 460 880 503 αὐτὸν
910 461 1090 511 πίστεις,
1142 458 1209 500 καὶ
1237 455 1547 515 ἐπαρασάμενος
1586 454 1719 514 ἑαυτῷ

240 536 318 585 τὰς
350 528 718 587 παλαμναιοτάτας
751 528 881 586 ἀρὰς,
932 531 967 571 εἴ
997 527 1054 582 μὴ
1087 527 1246 584 στέργοι
1276 524 1553 584 διαφερόντως
1585 523 1750 568 ὃπόσαό

243 604 357 662 αὐτῷ
391 601 494 658 πρὸς
520 597 758 655 βουλήσεως
789 598 849 654 εἴη
889 598 1082 653 λέγεσθαι
1110 598 1177 639 καὶ
1203 593 1463 653 πράττεσθαι
1493 599 1577 638 τῶν
1598 599 1723 649 βασι-

245 674 362 716 λείων
394 672 524 714 εἵνεκα
559 666 812 725 πραγμάτων
823 700 837 721 ,
885 668 951 709 καὶ
979 668 1013 709 εἴ
1029 666 1086 722 μὴ
1108 664 1281 721 μάχοιτο
1300 672 1387 715 τοῖς
1407 665 1519 723 αὐτῷ
1539 663 1724 719 μαχομέ-

206 754 357 792 Βνοις·
394 740 467 783 τὸν
489 738 535 782 δ’
560 735 816 789 Ἀπόκαυκον
847 737 1088 778 εῗσκαλεΐται
1115 738 1339 790 βασιλικῶς
1355 734 1727 790 ἔνσεσημασμέναις

245 813 506 861 ἐπιστολαῖς,
544 805 659 862 μάλα
686 805 841 861 πολλὴν
868 803 1208 860 ὗπισχνουμέναις
1248 803 1361 862 αὐτῷ
1393 804 1469 860 τὴν
1499 803 1622 859 τιμὴν
1657 804 1726 845 καὶ

247 879 402 929 παντὸς
441 877 671 933 ἀμνηστίαν
710 873 978 932 ἐγκλήματος.
1053 873 1148 933 (Δ.)
1187 874 1458 931 Ἀπαίροντος
1501 874 1638 916 τοίνυν
1682 873 1724 914 ἐκ
1738 878 1783 912 10

249 948 481 1002 Βυζαντίου
515 948 569 996 εἷς
595 945 671 995 τὰς
705 942 910 1003 Θρᾳκώας
942 942 1077 994 πόλεις
1101 948 1161 1002 τῷ
1189 944 1520 1002 Καντακουζηνῷ
1534 976 1548 995 ,
1595 939 1727 997 ὖπήν-

246 1035 371 1075 τησεν
390 1015 505 1068 ἐξιὼν
538 1013 558 1058 ὃ
582 1012 834 1063 Ἀπόκαυκος
868 1017 943 1056 τοῦ
967 1014 1195 1071 φρουρίου,
1234 1014 1300 1055 καὶ
1330 1012 1491 1067 ἀποβὰς
1508 1015 1582 1055 τοῦ
1600 1013 1730 1054 ἵππου

211 1084 551 1146 Επροσεκῦνησε,
589 1083 807 1139 βασιλικὴν
838 1082 1061 1139 ἀπονείμας
1083 1083 1196 1141 αὐτῷ
1224 1082 1300 1138 τὴν
1332 1080 1467 1138 τιμήν.
1505 1086 1628 1124 τοῦτο
1649 1081 1727 1139 γὰρ

248 1160 316 1201 καὶ
336 1154 416 1213 πρό
437 1172 479 1212 γε
507 1154 636 1196 αὐτοῦ
658 1150 926 1208 πεποιήκασιν
950 1152 1088 1195 ἄκοντι
1105 1150 1240 1210 τούτῳ
1264 1149 1436 1204 πάντες,
1478 1149 1566 1194 ὅσοι
1590 1151 1729 1207 γε’νους

252 1228 380 1270 εἵνεκα
399 1228 607 1282 προσῆκον
628 1222 742 1281 αὐτῷ
755 1255 767 1274 ,
808 1220 897 1265 ὅσοι
916 1239 958 1265 τε
981 1227 1056 1278 τῆς
1081 1219 1308 1278 συγκλήτου
1333 1219 1504 1278 λογάδες
1539 1222 1607 1264 καὶ
1640 1218 1728 1262 ὅσοι
1741 1226 1785 1261 15

252 1300 336 1340 τῶν
354 1294 450 1350 μετ’
473 1294 667 1344 ἐκείνους,
709 1291 785 1334 εἴτε
810 1289 866 1340 ὥς
887 1290 1093 1350 ἐπιτρόπῳ
1112 1296 1188 1347 τῆς
1206 1292 1442 1346 βασιλείας,
1482 1291 1559 1333 εἴτε
1593 1288 1646 1340 ὥς
1667 1291 1730 1331 ἐπὶ

251 1369 328 1421 τῆς
359 1364 487 1407 αὐτοῦ
521 1359 757 1416 βουλήσεως
787 1358 959 1418 ὁρῶντες
993 1361 1265 1418 ἐξηρτημένον
1299 1360 1346 1403 τὸ
1377 1362 1587 1415 βασίλειον
1629 1363 1730 1414 σκῆ-

253 1451 409 1492 πτρον,
447 1434 516 1475 καὶ
543 1428 841 1480 ὑποπτεύοντες
872 1431 913 1481 ἐς
946 1431 1022 1487 τὴν
1044 1429 1265 1487 ’ὑστεραίαν
1282 1434 1511 1485 βασιλικοῖς
1531 1428 1732 1483 ἐσταλμέ-

252 1521 324 1547 νον
345 1500 616 1560 ὀφθήσεσθαι
637 1497 912 1557 παρασήμοις,
950 1503 984 1543 εἷ
998 1500 1243 1559 ’βουλομένῳ
1265 1516 1307 1556 γε
1327 1500 1386 1555 εἴη
1401 1499 1513 1558 αὐτῷ
1528 1513 1537 1521 ·
1575 1497 1733 1547 πάντας

220 1572 334 1630 Εγὰρ
365 1570 635 1626 ὖπεπτηχέναι
667 1573 725 1628 τῷ
762 1569 866 1623 δέει,
915 1571 982 1612 καὶ
1011 1568 1186 1613 ὖπείκειν
1208 1569 1278 1612 ἴσα
1310 1566 1444 1627 τούτῳ
1469 1570 1537 1611 καὶ
1555 1572 1791 1620 βασιλεΐ.20

256 1641 346 1702 (E.)
382 1637 728 1696 Συνηκολούθησε
763 1638 902 1693 μέντοι
934 1637 955 1682 ὃ
984 1638 1238 1689 Ἀπόκαυκος
1267 1638 1361 1695 ἄχρι
1392 1639 1461 1681 καὶ
1494 1638 1734 1694 Σηλυβρίας

260 1712 397 1770 αὐτῷ,
446 1708 561 1766 μάλα
591 1706 778 1765 περιδεής
809 1725 854 1750 τε
899 1710 966 1751 καὶ
1000 1708 1179 1763 μονονοὺ
1216 1708 1296 1766 πρὸ
1330 1710 1470 1751 ποδῶν
1518 1705 1735 1762 ἱστάμενον

259 1781 423 1837 βλέπων
453 1779 525 1822 τὸν
560 1780 746 1821 κίνδυνον
778 1775 940 1821 ἑαυτοῦ.
971 1780 1111 1833 συχνοὶ
1134 1777 1212 1835 γὰρ
1238 1778 1277 1821 οἱ
1299 1777 1370 1821 τὸν
1388 1776 1736 1832 Καντακουζηνὸν

260 1847 551 1908 ἐποτρύνοντες
576 1842 709 1903 ἦσαν,
748 1847 1030 1904 συνειληφέναι
1060 1851 1229 1901 τοῦτον,
1269 1848 1336 1889 καὶ
1365 1847 1530 1902 δέσμιον
1549 1846 1736 1904 προπέμ-

262 1958 484 2006 simplicitate
498 1957 659 1992 facillime
676 1956 832 2002 decepta,
850 1961 886 1992 et
899 1956 936 1993 in
951 1958 1152 1994 sententiam
1167 1969 1261 1993 snam
1279 1958 1439 1998 adducta,
1457 1958 1610 2004 cogitata
1625 1957 1738 1992 omnia

262 2006 526 2051 exsequebatur.
560 2007 685 2050 *Atque
710 2003 769 2038 ille
796 2004 914 2039 eodem
943 2010 1097 2050 tempore
1116 2006 1392 2040 Cantacuzenum
1423 2005 1611 2039 honorifice
1640 2011 1738 2040 extra

261 2052 467 2098 Byzantium
491 2051 732 2097 prosequitur,
765 2056 944 2096 postquam
959 2052 1144 2087 tremendis
1168 2052 1367 2086 iuramentis
1392 2052 1577 2097 praestitas
1598 2052 1631 2086 ei
1653 2063 1738 2085 cau—

261 2100 374 2134 tiones
391 2098 561 2141 firmavit,
593 2096 822 2132 funestissima
846 2097 912 2131 sibi
932 2098 1160 2144 imprecatus,
1185 2098 1214 2132 si
1236 2097 1413 2144 potissima
1437 2098 1504 2132 sibi
1527 2111 1591 2132 non
1617 2098 1739 2132 futura

264 2149 400 2187 essent,
431 2156 654 2190 quaecunque
684 2143 742 2178 ille
769 2143 814 2177 ad
841 2143 977 2190 imperii
1002 2145 1552 2190 administrationem‚spectantia
1579 2145 1649 2178 dici
1677 2147 1739 2178 aut

263 2192 341 2228 fieri
360 2190 484 2234 vellet,
507 2203 570 2226 nec
585 2191 628 2224 iis
647 2194 740 2225 esset
754 2196 1022 2235 repugnaturus,
1049 2192 1108 2238 qui
1126 2192 1216 2226 illum
1237 2191 1471 2237 oppugnaturi
1489 2192 1620 2226 forent:
1644 2192 1739 2236 Apo-

264 2249 406 2274 caucum
430 2249 512 2273 vero
541 2236 684 2271 arcessit
710 2237 846 2270 munitis
867 2237 980 2282 sigillo
998 2238 1219 2284 imperatorio
1240 2239 1388 2280 litteris,
1419 2250 1508 2284 quae
1534 2239 1680 2273 honores
1705 2237 1740 2272 ei

263 2285 428 2320 maximos
452 2290 488 2320 et
509 2284 615 2319 omnis
639 2282 762 2328 culpae
790 2283 1024 2338 impunitatem
1054 2286 1312 2332 pollicebantur.
1361 2285 1461 2330 (lv.)
1496 2285 1740 2319 Cantacuzeno

263 2332 396 2378 itaque,
422 2343 498 2366 cum
518 2330 688 2365 excedens
706 2329 875 2375 Byzantio
897 2330 940 2364 ad
960 2332 1063 2366 urbes
1089 2332 1265 2367 Thraciae
1290 2331 1585 2378 proficisceretur,
1620 2342 1741 2376 egres-

266 2389 325 2413 sus
343 2377 483 2413 castello
501 2378 706 2423 Apocaucus
726 2376 889 2419 occurrit,
907 2377 1137 2424 desiliensque
1157 2391 1200 2413 ex
1221 2391 1308 2425 equo
1327 2379 1461 2420 adorat,
1483 2382 1588 2423 atque
1607 2377 1658 2412 ita
1677 2378 1741 2411 ho-

264 2436 368 2460 nores
389 2424 421 2460 ei
445 2423 685 2471 imperatorios
711 2422 835 2458 defert.
884 2423 981 2464 Quos
1009 2429 1044 2460 et
1071 2432 1152 2460 ante
1176 2426 1264 2460 hunc
1287 2426 1319 2459 ei
1335 2425 1445 2459 invito
1462 2425 1662 2458 tribuebant
1681 2423 1741 2458 alii

265 2482 394 2515 omna,
421 2472 479 2517 qui
499 2469 703 2515 cognatione
722 2480 797 2503 eum
819 2471 1081 2516 contingebant,
1106 2472 1235 2516 quique
1250 2472 1340 2506 inter
1365 2475 1541 2506 senatores
1561 2470 1742 2505 lectissimi

265 2522 384 2560 erant,
419 2523 459 2552 ut
483 2521 519 2552 et
541 2517 568 2551 ii
590 2516 649 2562 qui
670 2515 868 2551 inferiorem
892 2517 1034 2562 gradum
1060 2519 1278 2553 obtinebant:
1307 2527 1371 2552 *seu
1400 2519 1490 2564 quod
1518 2517 1575 2551 ille
1603 2516 1742 2562 imperii

264 2568 469 2610 procurator
489 2564 600 2606 foret,
625 2574 685 2597 seu
701 2561 791 2608 quod
810 2562 852 2596 ab
877 2563 950 2598 eius
969 2565 1112 2599 arbitrio
1129 2570 1301 2611 sceptrum
1319 2564 1469 2610 pendere
1488 2563 1742 2609 imperatorium

265 2610 437 2653 viderent,
455 2622 496 2645 ac
511 2609 780 2656 suspicarentur,
801 2620 876 2644 eum
895 2610 1123 2656 imperatoriis
1143 2613 1295 2646 indutum
1314 2611 1507 2656 insignibus
1523 2615 1742 2655 conspectum

265 2656 311 2692 iri
329 2657 518 2713 postridie,
541 2657 571 2691 si
589 2656 773 2691 collibitum
797 2659 909 2699 esset3
941 2669 1054 2693 omnes
1080 2658 1168 2693 enim
1191 2662 1284 2693 metu
1310 2662 1501 2704 prostratos
1520 2669 1615 2698 esse,
1640 2656 1742 2700 eique

267 2704 410 2750 perinde
437 2707 543 2751 atque
567 2701 771 2750 imperatori,
791 2713 924 2748 parere.
985 2705 1068 2750 (V.)
1099 2706 1282 2740 Caeterum
1311 2706 1516 2751 Apocaucus
1546 2703 1742 2749 Selybriam

249 2761 379 2796 »usque
397 2763 472 2786 eum
492 2754 724 2797 prosequutus
741 2752 815 2791 est,
840 2754 930 2784 metu
948 2752 1132 2794 exanimis,
1157 2757 1193 2786 et
1214 2751 1397 2797 periculum
1417 2754 1497 2786 ante
1518 2751 1624 2796 pedes
1642 2749 1743 2795 quasi

267 2797 415 2843 positum
438 2798 583 2832 intuens.
636 2797 751 2831 Erant
775 2795 864 2831 enim
887 2797 1022 2842 plurimi
1046 2799 1104 2845 qui
1128 2798 1404 2834 Cantacuzenum
1430 2799 1671 2839 hortarentur,
1704 2800 1742 2829 ut

265 2844 570 2891 comprehenderet
590 2843 756 2879 hominem
768 2867 781 2888 ‚
806 2846 842 2878 et
859 2844 1012 2882 vinctum
1029 2846 1215 2882 deduceret
1230 2845 1520 2893 Didymotichum.
1556 2845 1636 2880 Non
1654 2842 1742 2878 enim
