1794 3172
343 136 661 183 HISTORIAE
686 134 1069 183 BYZANTINAE
1096 133 1215 181 XVI.
1233 137 1275 183 5.
1450 130 1550 179 831

64 247 212 305 μάτων
225 245 373 302 εἷναι,”
395 249 522 306 φησὶν
542 245 564 292 ὅ
583 246 793 303 βασιλεῦς,
819 246 893 291 τὸν
907 244 1029 305 λόγον
1040 242 1331 302 διαδεξάμενος
1354 246 1424 290 καὶ
1444 242 1553 302 σῦμ-
1577 258 1613 291 A.
1627 257 1665 291 C.
1683 252 1774 292 1348

64 335 201 374 μαχος
217 322 276 378 τῷ
295 321 487 378 Παλαμᾷ
505 317 666 375 θερμὸς
685 317 912 374 ἀποροῦντι
924 314 1144 374 γινόμενος.
1181 318 1259 371 ,,ει’
1276 317 1356 375 γὰρ
1379 315 1406 361 ἃ
1430 304 1772 385 κατὲ-Ῑωὲὶῐὲξω

68 393 174 432 λυσα
184 421 199 442 ,
240 389 368 445 φησὶν
390 386 412 431 ὃ
434 385 688 441 ἀπόστολος,
730 384 855 430 πάλιν
879 388 1085 442 οἴκοδομῶ
1096 419 1111 441 ,
1142 385 1396 443 παραβάτην
1416 387 1588 441 ἓμαυ-Ῑ)
1685 373 1693 383 ’

66 458 140 502 τὸν
163 457 427 514 συνίστημι.”
461 457 567 515 πρὸς
590 455 638 501 ὃν
659 457 750 511 ἐμοὶ
768 453 935 511 τοιάδε,
976 457 1072 514 πρὶν
1092 457 1150 507 εἷς
1176 454 1320 514 ἑτέρας
1345 457 1554 513 ἐμβεβλη-

37 527 180 575 5κέναι
213 531 298 571 τῶν
332 524 637 585 ἀντιρῤήσεων,
671 525 878 587 ἀνθιστᾷν
900 522 1093 582 τετύχηκε
1124 532 1213 577 τοῖς
1234 529 1441 582 λεχθεῖσιν
1462 527 1554 571 ἔπι-

61 595 295 654 χειρήματα
309 611 319 620 ·
344 598 418 650 „ei
437 594 689 653 παραβάτην
712 593 839 639 αὑτὸν
865 595 1001 639 ε’θίλοι
1018 612 1081 646 τις
1099 595 1270 653 κρίνειν,
1306 591 1340 640 ὦ
1359 599 1549 652 βασιλεῦ,
1572 607 1577 609 “

65 665 139 710 ἅτε.
166 663 432 723 θραυόμενον
460 665 589 709 αὐτὸν
618 663 698 723 ὑφ’
726 662 882 719 αὖτοῢ,
915 665 1072 721 πολλὴν
1103 665 1194 720 ἐμοὶ
1215 666 1283 720 καὶ
1313 664 1425 710 οὕτω
1443 667 1553 724 φημὶ

64 735 113 780 τὸ
139 736 246 786 εἰκὸς
268 735 432 793 παρέχει
450 735 525 792 τὴν
545 736 797 791 συμμαχίαν.
836 732 1190 792 συγκαταλύονται
1210 735 1289 794 γὰρ
1310 735 1425 796 αὐτῷ
1443 735 1552 791 μετὰ

64 809 150 849 τῶν
171 803 345 862 ὕστερον
368 803 432 848 ἑνί
447 805 494 861 γέ
509 822 570 864 τῳ
598 803 740 865 τρόπῳ
760 806 828 848 καὶ
850 804 904 848 τὰ
924 805 1020 862 πρὶν
1046 805 1178 848 ἐκεῖνα
1199 798 1481 863 ψηφίσματα,
1515 807 1592 851 εῗΕ

10 886 57 923 10
68 875 128 931 μὴ
148 875 370 934 τυραννοιή
394 874 471 931 τὴν
492 872 697 930 ἀλήθειαν
717 873 930 918 ἀντιπνέον
952 872 1141 932 ἀμηγέπη
1159 873 1209 918 τὸ
1229 876 1408 930 ψεῦδος,
1442 874 1550 919 ἀλλὰ

65 944 176 1001 πηγὴ
230 942 495 1000 δικαιοσύνης
534 940 861 1002 ἐπιχωριάζουσα
899 947 1104 1001 λαμπρῶς
1132 942 1181 987 τὸ
1221 943 1315 988 δέον
1348 945 1549 1002 χορηγοίη

63 1021 157 1065 ταῖς
179 1013 232 1058 τὰ
251 1019 426 1057 τοιαῦτα
447 1014 595 1072 κρίνειν
615 1015 683 1058 καὶ
703 1012 917 1072 ῥυθμίζειν
934 1012 1306 1071 προθυμουμὲναις
1322 1003 1548 1071 γλώτταις·

64 1085 133 1126 καὶ
149 1087 322 1142 μακρῶν
342 1083 412 1127 διιὶ
433 1082 561 1127 ταῦτ’
585 1083 629 1127 ἓν
656 1088 809 1140 βραχεῖ
829 1080 1085 1141 πραγμάτων
1113 1082 1443 1140 ἀπηλλαγμένοις
1475 1083 1549 1127 νέα

64 1151 242 1211 τήμερον
269 1154 578 1212 συγκροτείσθω
608 1150 855 1211 δικαστήρια
885 1154 978 1210 περὶ
1004 1156 1090 1197 τῶν
1119 1156 1196 1196 τοῦ
1222 1155 1414 1209 Παλαμᾶ
1432 1170 1549 1208 παμ-

11 1233 54 1269 15
64 1221 229 1267 πόλλων
247 1241 291 1267 τε
312 1225 380 1266 καὶ
399 1225 594 1267 ποικίλων
611 1224 655 1275 ἐξ
673 1221 866 1281 ὑπαρχῆς
887 1226 1184 1281 καινοφωνιῶν.
1222 1223 1258 1266 εἶ
1279 1223 1326 1267 δὲ
1340 1220 1548 1280 πολύτρο-

64 1310 145 1336 πον
166 1292 215 1336 τὸ
236 1297 310 1349 τῆς
329 1290 468 1350 λήθης
487 1294 555 1337 καὶ
574 1297 651 1350 τῆς
679 1292 848 1351 ἀγνοίας
866 1289 1055 1349 νόσημα,
1094 1298 1189 1344 ταῖς
1206 1296 1292 1336 τῶν
1309 1290 1588 1350 ἀνθρώπωνῑ*Ἱ

65 1363 362 1406 ἐνδυναστεῢον
396 1364 620 1418 διανοίαις,
666 1362 863 1421 παρέλκοι
891 1361 965 1407 τὸν
995 1359 1178 1420 ἡγεμόνα
1199 1361 1397 1421 λογισμὸν
1417 1359 1474 1413 ὥς
1493 1361 1548 1404 τὰ

64 1432 199 1475 πολλὰ
219 1432 324 1490 πρὸς
340 1430 503 1489 ἀπάτης
522 1432 730 1491 κρημνοὺς
747 1433 792 1476 ἐκ
811 1431 1039 1491 προοιμίων
1051 1445 1061 1458 ·
1097 1435 1175 1476 τοῦ
1200 1432 1247 1476 δὲ
1268 1429 1422 1490 χρόνον
1441 1429 1549 1487 μετὰ

64 1505 140 1558 τῆς
180 1503 324 1560 πείρας
353 1501 406 1545 τὰ
446 1502 708 1560 πεπραγμένα
735 1501 1037 1560 γυμνάζοντος,
1076 1500 1126 1546 τὸ
1158 1501 1362 1558 ἀληθείας
1388 1499 1547 1545 ἀνακα-

8 1572 259 1628 2οθαίρεται
289 1569 440 1628 κράτος
471 1573 539 1614 καὶ
578 1571 633 1614 τὰ
660 1572 764 1629 νέφη
796 1575 873 1615 τοῦ
902 1569 1087 1626 ’ψεύδους
1114 1572 1183 1614 καὶ
1215 1574 1292 1626 τῆς
1317 1567 1481 1626 ἀπάτης
1501 1569 1546 1612 ἐκ

64 1640 194 1696 με’σου
217 1644 419 1697 λαμπρῶς
438 1637 673 1694 ἐλαύνεται,
704 1639 780 1683 οὐκ
805 1638 858 1682 ἂν
878 1638 938 1695 εἴη
967 1643 1051 1683 τῶν
1076 1637 1302 1683 ἂπεικότων
1328 1640 1446 1684 τουτὶ
1475 1638 1546 1682 καὶ

67 1708 156 1764 ἅμα
177 1714 262 1753 τῶν
289 1708 533 1764 εἰθισμένων
552 1706 608 1759 ὥς
627 1705 885 1766 πορρωτάτω
902 1708 1074 1762 βαδίζον
1095 1706 1285 1766 τρόπων,
1316 1709 1351 1754 εἲ
1372 1709 1442 1752 καὶ
1460 1724 1546 1750 πα-

65 1777 267 1836 τριάρχην
299 1778 484 1834 τάληθὲς
516 1776 748 1835 ἠγνοηκότα
778 1773 1006 1836 πρότερον,
1039 1776 1108 1821 διὰ
1126 1776 1202 1834 τὴν
1220 1780 1297 1834 τῆς
1315 1776 1676 1835 σαφηνείαςΡ.524

65 1852 149 1892 τῶν
168 1848 455 1905 γεγραμμένων
472 1848 707 1905 ἐπίκρυψιν,
739 1847 912 1890 ἐπιοῦσα
930 1844 1036 1902 μετὰ
1054 1849 1130 1902 τῆς
1148 1843 1438 1904 ἁρμοττούσης
1457 1846 1546 1889 πεί-

10 1925 152 1976 25ραςι
171 1915 198 1973 ἦ
216 1917 270 1960 τὰ
289 1915 479 1975 δρώμενα
500 1916 571 1968 ξῦν
586 1914 726 1976 χρόνῳ
754 1913 1020 1973 γυμνάζουσα
1046 1918 1197 1973 γνῶσις
1221 1913 1472 1973 ε’πηνώρθου
1498 1932 1544 1959 τε

65 2004 164 2040 ribus
180 2003 368 2046 firmiora,”
393 2003 523 2050 excipit
538 2004 739 2050 imperator,
755 2003 918 2038 Palamae
932 2001 1140 2038 haesitantis
1149 2001 1311 2038 defensor
1326 2014 1409 2038 acer
1419 2005 1456 2038 et
1467 2002 1542 2038 fer-

66 2051 195 2096 vidus&
211 2050 280 2093 „Si
290 2051 380 2086 enim
393 2063 484 2096 quae
493 2050 649 2086 destruxi
664 2050 796 2096 (inquit
805 2049 1011 2097 Apostolus)
1021 2049 1144 2084 iterum
1163 2049 1249 2084 haec
1265 2049 1425 2092 aedifico,
1437 2061 1542 2096 prae-

65 2097 296 2132 varicatorem
312 2109 367 2132 me
382 2097 589 2132 constituo.''
614 2098 725 2139 Quem
737 2108 816 2144 ego,
824 2101 1006 2143 antequam
1019 2096 1064 2131 ad
1075 2096 1161 2131 alias
1172 2096 1414 2143 responsiones
1423 2101 1542 2131 tram-

66 2143 148 2186 iret,
172 2144 225 2178 sic
243 2147 364 2178 contra
381 2146 638 2190 argumentatus
654 2155 737 2179 sum.
761 2143 836 2187 „Si
848 2143 929 2190 quis
944 2154 985 2179 eo
1001 2154 1040 2178 se
1056 2142 1369 2190 praevaricatorem
1383 2142 1472 2179 velit
1486 2141 1541 2176 iu-

68 2190 199 2233 dicare,
222 2202 243 2225 o
261 2190 458 2235 imperator,
476 2190 569 2236 qnod
586 2190 664 2236 ipse
675 2201 696 2224 a
713 2191 907 2236 semetipso
919 2189 1070 2225 violatus
1085 2189 1204 2232 fuerit,
1228 2190 1366 2225 multum
1383 2189 1468 2225 mihi
1483 2188 1540 2223 vel

68 2237 120 2271 sie
134 2248 273 2284 quoqne
295 2236 422 2281 (ausim
439 2236 576 2283 dicere)
600 2237 788 2283 probabilis
806 2237 895 2272 ratio
916 2235 1166 2284 patrocinatur,
1200 2236 1391 2272 Solvuntur
1432 2234 1541 2281 uippe

67 2284 112 2319 ab
132 2295 172 2318 eo
193 2294 263 2318 una
283 2283 406 2329 ntique
430 2283 584 2326 ratione,
609 2283 707 2318 simul
735 2294 809 2319 cum
832 2283 1103 2330 posterioribu8‚
1133 2283 1236 2319 etiam
1257 2284 1376 2331 priora
1398 2283 1407 2291 ”
1437 2293 1460 2316 a
1476 2282 1540 2316 de-

67 2334 178 2373 creta,
201 2330 232 2364 si
246 2330 428 2365 veritatem
443 2329 617 2365 contrario
637 2330 723 2365 flatu
739 2329 833 2365 haud
849 2330 1022 2377 opprimat
1034 2328 1268 2366 mendacium:
1289 2330 1322 2365 si
1339 2330 1418 2365 fons
1437 2327 1540 2363 iusti-

66 2375 139 2410 tiae
165 2376 279 2419 adsit,
302 2377 394 2411 unde
410 2376 459 2419 ii,
483 2376 543 2422 qui
569 2377 655 2412 haec
681 2377 863 2412 aestimare
886 2381 923 2412 et
940 2381 1024 2423 apte
1043 2377 1190 2412 definire
1207 2377 1375 2423 cupiunt,
1398 2384 1542 2419 aequam

69 2423 272 2458 sententiam
301 2422 406 2458 facile
433 2423 605 2458 hauriant.
651 2423 727 2468 Ita,
753 2423 852 2458 brevi
876 2427 1031 2469 tempore
1053 2423 1185 2469 magnis
1210 2423 1362 2469 negotiis
1390 2419 1544 2462 liberati,

69 2480 159 2503 nova
178 2470 282 2505 hodie
299 2468 427 2504 iudicia
445 2469 491 2505 de
512 2469 627 2505 multis
652 2475 689 2504 et
702 2469 809 2504 variis
825 2469 988 2506 Palmae
1013 2470 1212 2506 commentis
1233 2470 1279 2504 de
1297 2469 1436 2513 integro
1456 2477 1543 2502 con-

68 2515 262 2552 stituamus.
311 2515 373 2550 Sin
395 2515 526 2551 oblivio
546 2520 583 2550 et
597 2515 808 2562 ignorantia,
830 2517 922 2563 quod
938 2517 1048 2552 morbi
1066 2528 1176 2563 genus
1195 2516 1371 2562 multiplex
1389 2516 1456 2555 est,
1477 2512 1542 2547 ho·-

68 2561 195 2596 minum
212 2561 333 2596 animis
357 2562 494 2608 penitus
514 2562 719 2605 insidentes,
745 2562 1005 2599 moderatricem
1024 2564 1193 2598 rationem
1212 2563 1312 2597 initio
1338 2560 1541 2607 pierumque

67 2607 105 2642 in
120 2608 249 2643 erroris
267 2609 476 2655 praecipitia
494 2610 655 2652 trahunt,
678 2614 834 2655 tempore
849 2615 962 2646 autem
981 2615 1018 2645 et
1034 2609 1247 2656 experientia
1263 2608 1300 2643 id
1317 2605 1542 2654 quodmmm

68 2654 117 2688 sit
137 2653 410 2700 corrigentibus,
433 2655 595 2691 veritatis
614 2657 669 2691 vis
695 2655 910 2701 illustratur,
941 2655 1111 2692 mendacii
1136 2668 1180 2691 ue
1208 2660 1245 2691 et
1269 2653 1398 2690 erroris
1423 2651 1543 2687 nubila

69 2700 173 2747 plane
190 2713 211 2735 e
230 2700 340 2736 medio
363 2701 558 2748 pelluntur,
582 2703 701 2738 mirum
722 2703 813 2737 haud
829 2703 957 2745 fuerit,
980 2714 1044 2738 nec
1067 2704 1111 2738 ab
1130 2702 1258 2737 usitato
1284 2711 1379 2736 more
1405 2698 1538 2744 longis-

69 2747 154 2782 sime
170 2748 293 2790 abeat,
316 2747 346 2782 si
364 2747 617 2794 patriarcham,
642 2748 701 2795 qui
718 2749 838 2793 initio,
861 2749 955 2796 quod
976 2761 1019 2785 eu
1040 2761 1129 2796 quae
1146 2749 1278 2794 scripta
1298 2749 1398 2782 erant
1411 2746 1539 2780 obscu-

68 2794 160 2828 riora
183 2796 318 2837 essent,
337 2794 519 2830 veritatem
545 2807 613 2830 non
633 2796 789 2838 viderat,
812 2797 1028 2842 subsequens
1051 2795 1270 2842 experientia
1290 2799 1327 2828 et
1346 2803 1460 2828 rerum
1478 2802 1537 2826 co-

69 2840 178 2885 gnitio
203 2841 314 2888 (quae
330 2852 398 2889 ope
413 2842 580 2890 temporis
595 2842 814 2889 corrigiteu,
832 2854 921 2890 quae
936 2846 1018 2882 acta
1033 2842 1135 2888 sunt)
1158 2842 1291 2889 lapsum
1309 2838 1480 2882 erexerit,
1503 2840 1540 2872 et
