1754 3164
175 133 307 181 1316
739 138 1223 184 ANNO'I'ATIONES.

171 246 458 300 Empusarum,
490 258 588 296 quas
610 244 764 285 Lamias
786 253 823 286 et
846 247 1021 294 Lar-vas,
1053 260 1125 285 seu
1143 247 1333 286 Lemures
1363 246 1509 299 vulgus
1532 261 1614 291 esse
1636 247 1714 288 du-

172 305 248 344 cit:
279 318 345 344 eas
370 304 420 343 ad
442 317 616 342 amorem
642 318 792 358 pronas
814 318 910 355 esse,
942 311 980 344 et
1003 303 1198 344 humanas
1220 306 1453 358 praesertim
1479 318 1618 344 carnes
1640 319 1714 345 ex-

170 368 318 415 petere.
378 363 503 400 Porro
535 375 626 400 cum
656 362 896 415 Apollonius
922 364 1133 415 Tyanaeus
1170 363 1286 402 istam
1318 363 1493 416 Menippi
1524 356 1713 415 sponsam

170 421 474 470 interrogasset,
506 425 545 457 et
569 420 701 458 acrius
731 420 919 459 instando
950 421 1154 470 torsisset,
1193 421 1337 459 fassam
1372 434 1455 459 esse
1487 434 1640 460 merum
1671 435 1713 460 se

170 484 374 530 spectrum
405 490 512 526 esse,
545 483 584 515 et
604 478 842 530 Empusam,
875 485 914 517 et
941 477 1123 530 Menippi
1151 492 1324 531 corpore
1355 478 1529 518 voluisse
1560 479 1709 520 satiari.

169 534 292 573 Duris
324 534 480 574 Samius
510 534 751 587 Libycorum
782 536 852 575 lib.
896 536 948 575 Il.
974 541 1110 575 narrat
1146 535 1321 575 Lamiam
1350 535 1474 576 fuisse
1502 536 1712 575 mulierem

170 591 406 646 pulchram:
439 606 563 645 quum
584 593 739 646 Iupiter
755 607 839 632 rem
861 607 953 632 cum
975 608 1019 633 ea
1041 593 1268 644 habuisset,
1300 609 1322 633 a
1344 593 1497 633 Iunone
1523 594 1712 647 zelotypa

170 650 354 690 adactam
383 650 432 689 ad
457 650 612 703 prolem
641 651 885 691 necandam:
918 666 968 690 ex
994 650 1074 691 hoc
1104 665 1286 691 moerore
1311 652 1456 691 saetam
1479 651 1711 702 deformem,

168 708 338 747 aliarum
364 722 511 761 pueros
539 710 722 762 rapuisse
745 716 785 749 et
807 710 1078 749 interfecisse:
1111 724 1197 748 eam
1226 709 1389 749 Iunonis
1419 710 1470 749 ob
1500 709 1598 748 iram
1631 723 1711 747 no..

167 772 253 805 ctes
279 766 444 819 diesque
471 766 672 806 insomnes
703 767 893 818 duxisse,
925 774 970 806 ut
1001 783 1048 807 eo
1076 767 1228 806 maiore
1249 774 1352 807 esset
1371 766 1414 806 in
1431 768 1569 818 luctu;
1601 767 1711 807 Iovis

167 837 266 863 vero
291 823 548 863 miseratione
571 825 810 878 exemptiles
842 825 1001 866 tandem
1032 832 1188 864 nactam
1220 827 1383 875 oculos,
1415 839 1516 878 quos
1550 839 1623 878 pro
1654 825 1712 864 li-

165 881 251 921 bito
277 882 400 921 modo
434 882 616 934 tolleret,
656 883 776 922 modo
806 897 1011 936 apponere
1040 889 1198 937 posset,
1238 884 1287 922 ab
1317 882 1456 922 eodem
1488 882 1711 922 obtinuisse

166 946 212 978 ut
233 939 274 978 in
295 954 413 993 quam
431 940 565 990 vellet,
593 955 635 980 se
653 948 828 981 mutaret
847 943 1033 982 sormam.
1064 943 1192 980 Testis
1214 941 1449 980 scholiastes
1469 940 1710 994 Aristopha—

166 997 241 1047 nis,
272 998 344 1051 qui
361 998 445 1036 Beli
468 1004 508 1037 et
532 998 679 1050 Libyae
712 1000 834 1038 fuisse
862 1000 985 1038 filiam
1009 1000 1075 1040 ait.
1130 999 1209 1038 Alii
1237 999 1314 1038 alia
1334 999 1501 1052 insuper
1530 1004 1708 1038 narrant.

167 1055 268 1095 Vide
294 1057 328 1095 si
357 1055 471 1095 lubet
497 1056 717 1096 Diodorum
747 1057 928 1097 Siculum
963 1057 1036 1099 lib.
1059 1058 1150 1099 XX.
1190 1056 1428 1096 Pausaniam
1450 1056 1491 1095 in
1520 1056 1709 1096 Phocicis

166 1119 245 1154 etc.
305 1127 549 1156 carranonu.

282 1174 375 1225 Pag.
410 1175 541 1222 1109,
573 1175 639 1214 22.
701 1174 818 1220 Θεῖος
843 1169 1090 1227 Γρηγόριος]
1122 1173 1289 1225 Gregor.
1311 1173 1431 1226 Nyss.
1449 1171 1521 1213 lib.
1540 1171 1590 1211 11.
1612 1186 1709 1210 con..

165 1234 230 1268 tra
250 1229 418 1268 Eunom.
444 1235 544 1270 tom.
566 1229 618 1268 ΙΙ.
644 1243 736 1282 pag.
757 1233 853 1273 473.
914 1244 1159 1270 carpenouu.

279 1290 378 1340 Pag.
410 1290 541 1336 1110,
573 1292 611 1330 2.
675 1283 840 1328 Ου’κοῦν
860 1290 932 1328 τοῦ
962 1284 1221 1339 ἀνυπάρκτου
1243 1284 1354 1328 εἶπεν
1383 1285 1593 1340 ὁμοίωμα]
1625 1284 1709 1325 Ita-

165 1359 241 1398 que
267 1345 323 1383 rei
354 1359 431 1383 non
460 1345 668 1384 existentis
696 1345 904 1399 imaginem
929 1355 965 1383 et
991 1343 1289 1384 similitudinem
1315 1346 1442 1398 ipsum
1468 1342 1705 1398 [Christum]

164 1417 245 1440 esse
265 1399 388 1441 dimit.
448 1401 611 1441 Scilicet
642 1403 763 1454 paulo
785 1416 906 1455 supra
933 1402 1087 1442 dixerat
1106 1402 1327 1441 Eunomius
1352 1402 1463 1455 apud
1487 1404 1526 1442 S.
1551 1403 1708 1453 Grego-

162 1459 268 1498 rium
290 1460 382 1498 loco
402 1458 538 1509 citato,
567 1456 660 1508 υἱός
678 1461 785 1501 ἐστιν
808 1458 929 1501 εἰκών
950 1460 1019 1501 καὶ
1044 1459 1217 1514 σφραγὶς
1238 1463 1312 1513 τῆς
1333 1462 1410 1501 τοῦ
1429 1455 1706 1514 παντοκράτο-

165 1533 236 1570 ρος
257 1516 467 1571 ἐνεργείας.
525 1515 655 1556 Filius
674 1527 729 1557 est
751 1519 883 1573 imago
909 1528 946 1558 et
967 1516 1142 1572 sigillum
1166 1518 1407 1573 operationis
1426 1516 1536 1570 [Dei]
1562 1517 1632 1572 qui
1651 1526 1707 1556 est

163 1575 419 1629 omnipotens.
461 1589 702 1616 cAm‘EnoNN.

280 1636 378 1687 Pag.
416 1636 546 1683 1111,
579 1637 615 1676 1.
675 1633 884 1690 Γρηγορίῳ
923 1635 981 1689 τῷ
1012 1629 1220 1690 θεολόγῳ]
1265 1633 1434 1685 Gregor.
1465 1631 1705 1672 Nazianzen-

163 1697 264 1730 orat.
287 1689 356 1733 42.
378 1691 419 1729 in
443 1690 598 1730 Pascha
616 1705 704 1744 pag.
731 1694 826 1735 692.
870 1704 1118 1730 CAPPERONN.

278 1751 371 1802 Pag.
405 1752 536 1799 1111,
566 1750 607 1792 4.
666 1749 750 1791 Καὶ
771 1744 920 1803 πάλιν]
951 1748 1060 1789 Idem
1079 1754 1178 1791 orat.
1199 1750 1268 1793 42.
1290 1748 1333 1787 in
1355 1761 1501 1787 novam
1524 1745 1703 1786 Domini-

161 1819 263 1846 cam.
305 1820 551 1846 cussanus.

279 1867 374 1918 Pag.
406 1867 540 1914 1112,
571 1867 611 1907 9.
656 1860 770 1906 ‘'0⁶oe
790 1861 835 1906 τὰ
855 1859 1050 1919 πρότερον
1069 1863 1182 1917 ἔτος]
1213 1861 1340 1903 Anno
1355 1863 1543 1917 proxime
1556 1859 1703 1915 elapso.

163 1922 364 1973 Gregoras
392 1921 493 1961 Acta
521 1922 674 1976 Synodi
702 1922 957 1962 Palamiticae
978 1928 1017 1961 et
1038 1936 1150 1961 suam
1175 1921 1281 1960 hanc
1305 1934 1395 1959 cum
1416 1920 1595 1958 Cabasila
1623 1919 1703 1958 dis-

162 1981 410 2033 putationem
457 1981 676 2034 descripsit
711 1994 815 2019 anno
856 1979 1007 2020 Christi
1042 1979 1266 2019 MCCCLII.
1298 1977 1501 2018 mensibus
1526 1977 1630 2016 Iulio
1664 1983 1704 2016 et

161 2038 356 2088 Augusto.
416 2038 558 2077 Libros
593 2037 901 2087 Antirrheticos‚
932 2038 1089 2091 priores
1118 2037 1292 2090 quidem,
1324 2035 1561 2076 condiderat
1589 2041 1703 2074 ante-

163 2108 286 2148 quam
319 2096 620 2135 Cantacuzenus
649 2103 850 2148 occupato
876 2096 1072 2150 Byzantio
1097 2109 1234 2135 rerum
1269 2094 1488 2147 potiretur,
1518 2091 1597 2131 hoc
1629 2098 1701 2144 est,

163 2159 254 2191 ante
278 2166 368 2191 ann.
389 2154 685 2192 MCCCXLVII.
707 2154 952 2206 posteriores
972 2168 1070 2193 vero
1092 2167 1174 2192 non
1200 2152 1351 2202 edidit,
1389 2151 1464 2190 nisi
1491 2165 1595 2189 anno
1629 2149 1702 2189 de-

162 2223 271 2249 mum
290 2211 532 2254 MCCCLlIl.
551 2218 597 2251 ut
615 2212 656 2249 in
677 2211 759 2249 eius
779 2212 867 2251 Vita
888 2212 1042 2251 dictum
1066 2217 1138 2250 est.
1170 2211 1308 2263 ltaque
1327 2208 1407 2248 hoc
1425 2209 1516 2247 loco
1535 2206 1581 2250 τό
1600 2203 1702 2262 πρό-

162 2283 279 2321 τερον
321 2267 427 2319 ἔτος,
466 2283 547 2322 quo
579 2268 776 2321 significat
817 2269 946 2309 editos
978 2285 1001 2308 a
1034 2283 1077 2309 se
1105 2268 1233 2308 libros
1261 2265 1579 2316 Antirrheticos‚
1618 2280 1701 2304 non

161 2332 298 2379 potest
319 2339 404 2366 esse
425 2341 553 2366 armus
567 2328 754 2381 proxime
773 2325 954 2380 elapsus:
985 2327 1062 2366 nisi
1087 2324 1380 2365 Antirrheticos
1399 2324 1557 2376 priores
1578 2324 1700 2362 semel

163 2383 326 2435 quidem
352 2390 443 2423 ante
474 2398 566 2423 ann.
593 2385 891 2426 MCCCXLVlI.
915 2386 1061 2424 iterum
1081 2391 1212 2424 autem
1235 2397 1325 2423 ann.
1346 2381 1547 2420 MCCCLI.
1571 2381 1699 2420 editos

162 2455 377 2494 ponamus:
413 2441 458 2480 id
491 2455 572 2494 quo
604 2443 734 2481 minus
764 2456 905 2482 verum
936 2449 1054 2496 puto.
1111 2441 1247 2480 Malim
1279 2440 1402 2492 igitur
1427 2436 1471 2480 τὸ
1505 2435 1700 2493 πρότερον

164 2498 250 2548 ἔτος
277 2499 530 2553 interpretari
549 2500 679 2552 primo
707 2500 771 2540 vel
793 2501 926 2553 priore
946 2516 1070 2546 anno,
1108 2505 1155 2537 ut
1180 2498 1430 2550 intelligatur
1459 2511 1585 2536 annus
1615 2496 1698 2549 pri-

161 2569 252 2596 mus
273 2564 484 2611 susceptae
505 2557 698 2596 adversus
724 2558 923 2597 Palamam
947 2556 1250 2609 disputationis,
1280 2569 1362 2594 non
1394 2561 1527 2594 autem
1554 2553 1698 2593 novis-

161 2614 307 2665 simus,
338 2629 411 2655 seu
438 2616 623 2670 proxime
651 2615 821 2668 elapsus.
879 2615 946 2654 Sic
973 2615 1080 2654 idem
1114 2615 1314 2665 Gregoras
1345 2613 1449 2652 Hist.
1482 2611 1554 2652 lib.
1585 2611 1697 2650 XXI.

160 2686 253 2725 pag.
279 2674 375 2717 625.
407 2674 451 2713 Ε.
467 2672 710 2728 προτεραίαν
726 2680 847 2712 vocat
865 2687 956 2712 eum
975 2673 1101 2722 diem,
1130 2672 1199 2724 qui
1227 2671 1382 2724 primus
1401 2669 1497 2720 fuit,
1526 2683 1608 2708 non
1627 2668 1698 2720 qui
1735 2722 1739 2725 Δ

161 2730 347 2782 proxime
373 2731 604 2784 praecessit.
662 2730 766 2770 Vide
792 2737 910 2770 notas
941 2731 992 2770 ad
1023 2744 1110 2771 eam
1147 2731 1357 2783 paginam,
1398 2726 1469 2768 ubi
1501 2733 1540 2767 et
1566 2726 1697 2766 simile

162 2787 270 2828 aliud
294 2789 520 2842 exemplum
545 2788 722 2829 affertur.
781 2802 939 2827 soxvm.

273 2844 374 2900 Pag.
408 2850 537 2898 1112,
569 2850 636 2890 17.
693 2844 738 2888 Ὁ
760 2842 1000 2902 προφήτης]
1031 2843 1123 2886 Isai.
1149 2844 1218 2886 XI.
1278 2855 1522 2884 CAPPERONN.
