1754 3164
451 184 699 227 NOMINUM
731 188 799 229 ET
829 187 1127 229 VERBORUM.

56 285 252 323 foedissimo
276 287 372 324 vitae
395 286 493 323 exitu
515 299 645 334 poenas
668 287 767 325 dedit

57 334 139 376 886,
163 337 218 370 12.
242 336 333 370 fame
358 340 395 370 et
418 335 551 380 frigore
575 337 740 371 absumta.

10 379 276 416 Cantacuzenus
300 382 483 426 (Ioannes)
513 382 601 417 solus
626 384 765 418 fortuna

8 437 12 441 ’
55 427 232 462 moderate
242 427 372 463 utitur:
397 429 471 463 eius
486 428 654 472 elogium:
679 441 767 475 apo-

54 474 243 519 phthegma
274 473 365 516 422,
403 477 459 512 19.
493 475 629 510 Turcos
662 488 765 522 prae-

53 520 193 554 datores
217 520 382 566 profligat
401 523 482 564 539,
505 522 562 558 20.
587 524 766 567 egregiam

53 567 254 602 Andronico
277 567 404 602 iuniori
427 579 567 614 operam
600 573 706 603 navat
729 570 764 603 in

54 613 275 648 Acarnania=
328 614 385 649 vir
430 626 576 660 magnae
615 615 763 650 indolis:

54 659 150 704 apud
201 659 327 695 milites
373 661 635 706 gratiosissimus
681 663 763 705 551,

54 707 112 741 21.
137 705 308 741 coniurati
332 719 376 753 op
403 708 506 742 ressi=
550 708 764 754 deprehensa

53 753 277 797 Sphrantzae
331 754 382 788 Pa
397 754 534 798 aeologi
586 755 762 800 perfidia;

54 799 147 834 aliae
185 811 241 834 res
275 799 420 835 diversis
453 801 537 836 locis
574 801 763 847 prudenter

52 845 313 882 administratae
335 848 417 889 552,
441 845 498 883 24.
523 847 598 893 ipso
624 847 760 883 silentio

50 903 193 938 magnas
215 904 270 928 res
292 893 387 939 gerit
415 894 496 935 554,
521 896 554 929 2.
587 894 698 929 avium
725 899 761 930 et

52 950 176 974 canum
209 951 326 975 curam
350 940 496 986 negligit
518 942 600 984 565,
625 943 682 976 20.
706 941 761 976 iu-

50 984 184 1020 niorum
223 986 417 1033 principum
459 987 562 1022 saluti
613 988 760 1023 consulit

50 1032 141 1074 576,
182 1034 241 1069 20.
286 1034 439 1079 postulat
470 1039 511 1068 ut
546 1034 641 1068 filiae
675 1047 759 1069 suae

51 1084 88 1113 et
120 1079 264 1114 iunioris
296 1081 377 1126 imp.
404 1081 548 1125 nuptiae
572 1081 759 1126 perfician-

49 1130 108 1160 tur
137 1127 220 1169 513,
259 1128 313 1162 19.
346 1132 468 1173 potens
501 1126 590 1161 idem
620 1132 657 1162 et
686 1139 761 1162 mo·

0 1197 2 1200 ψ
50 1172 191 1207 deratus
224 1172 307 1215 584,
334 1175 389 1209 15.
422 1172 546 1208 milites
580 1173 693 1219 palam
726 1174 761 1208 ei

50 1220 192 1253 favent=
225 1220 387 1255 tumultus
411 1232 452 1255 eo
478 1225 663 1266 conspecto
686 1224 760 1255 sta-

47 1265 110 1300 tim
143 1265 283 1300 sedatus
313 1268 396 1309 586,
429 1269 462 1303 8.
495 1266 759 1302 Cantacuzenus

48 1323 116 1346 una
138 1323 178 1347 re
202 1313 413 1348 damnandus
447 1315 528 1355 590,
562 1311 617 1348 14.
652 1314 758 1348 multa

47 1364 84 1393 et
108 1359 289 1404 praeclara
311 1360 499 1395 meditatur
518 1361 669 1401 595,16.
693 1372 758 1405 po-

47 1405 137 1454 pulis
161 1405 313 1441 finitimis
337 1411 457 1452 gratus
475 1408 557 1448 596,
575 1408 607 1442 3.
629 1407 665 1441 in
676 1406 758 1451 My-

46 1461 102 1487 s'os
150 1452 338 1488 exercitum
381 1452 520 1488 educit:
568 1453 756 1488 Thraciam

46 1498 172 1533 lustrat
196 1501 277 1542 596,
316 1501 371 1535 18.
406 1499 606 1544 Byzantium
640 1499 753 1534 redit=

46 1545 266 1591 patriarchae
299 1545 564 1581 inconstantiam
596 1546 753 1581 mollibus

46 1591 161 1626 verbis
194 1591 343 1637 castigat
371 1594 452 1634 599,
488 1590 542 1629 14.
586 1592 755 1626 iusiuran-

45 1638 127 1673 dum
158 1637 286 1684 duplex
321 1639 364 1673 ab
396 1651 437 1673 eo
462 1638 592 1684 accipit
615 1641 695 1680 600,
719 1640 753 1675 3.

45 1696 178 1720 rursum
192 1686 277 1720 urbe
293 1686 489 1730 egreditur:
512 1696 670 1730 magnam
691 1697 754 1731 pe-

44 1732 166 1767 cuniae
203 1732 270 1766 vim
303 1738 340 1766 et
371 1731 478 1768 omnis
510 1732 647 1777 generis
669 1743 753 1766 vasa

44 1782 210 1824 exportat
233 1780 315 1820 600,
341 1781 400 1814 10.
441 1778 657 1824 imperatorii
690 1778 754 1812 ho-

42 1837 147 1860 nores
161 1825 194 1859 ei
211 1824 319 1860 delati
339 1824 374 1859 in
390 1825 657 1860 salutationibus
670 1823 753 1868 604,

45 1874 103 1908 11.
127 1872 227 1906 multi
253 1876 292 1906 ut
315 1872 533 1918 Apocaucum
556 1871 591 1905 in
615 1871 753 1906 vincula

43 1918 209 1953 coniiciat
228 1919 423 1961 hortantur,
448 1919 508 1953 sed
528 1919 658 1952 frustra
669 1918 750 1960 604,

42 1966 100 2002 23.
124 1977 280 2008 moeror,
314 1965 472 2000 anxietas
498 1967 587 2007 609,
609 1967 644 2002 5.
674 1976 751 2000 ma-

43 2016 100 2046 ter
122 2011 157 2046 in
182 2023 357 2047 carcerem
375 2012 553 2047 coniecta:
590 2016 752 2046 constan-

42 2058 94 2092 tia
116 2057 152 2092 in
185 2058 342 2094 adversis
373 2061 454 2100 609,
491 2060 543 2094 13.
574 2069 664 2092 mors
696 2058 752 2092 in-

42 2109 178 2140 tentata
201 2117 222 2139 a
246 2105 428 2147 nobilibus,
453 2105 519 2139 nisi
539 2117 577 2139 se
600 2104 751 2150 impera—

42 2155 153 2186 torem
172 2151 317 2187 salutari
334 2151 488 2198 patiatur
507 2153 587 2192 610,
608 2150 661 2189 14.
686 2151 751 2186 im-

42 2197 306 2244 periiinsignia
330 2202 470 2234 coactus
500 2197 637 2239 induit,
681 2198 750 2232 iam

40 2244 172 2291 pridem
195 2246 229 2280 ei
265 2245 370 2280 variis
395 2245 549 2290 auguriis
581 2243 751 2290 promissa

40 2294 130 2334 611,
167 2293 200 2328 7.
233 2292 300 2326 sibi
333 2296 369 2327 et
395 2291 533 2338 coniugi
566 2291 750 2325 acclamari

40 2350 112 2373 non
135 2337 229 2380 sinit,
265 2338 334 2374 nisi
359 2343 544 2384 postquam
571 2340 687 2372 Annae
713 2340 750 2372 et

43 2384 165 2419 Ioanni
188 2385 268 2430 imp.
294 2385 517 2420 acclamatum
530 2383 596 2419 sit:
621 2384 749 2418 defun-

44 2430 93 2465 cti
114 2431 195 2477 imp.
218 2432 381 2466 mandata
405 2432 570 2466 observat
588 2432 669 2472 611,
688 2432 747 2466 20.

40 2489 105 2512 cur
127 2477 216 2513 albis
239 2478 397 2514 vestibus
421 2483 496 2513 toto
534 2476 629 2512 exilii
660 2481 747 2511 tem-

39 2534 128 2570 pore
161 2536 244 2559 usus
277 2524 324 2560 sit
353 2526 443 2567 612,
475 2525 510 2561 5.
544 2523 744 2559 cunctatio:

41 2570 164 2616 copiae
187 2570 353 2607 militares
384 2569 474 2614 614,
509 2571 564 2607 15.
595 2569 746 2616 legatio-

38 2628 101 2652 nes
125 2616 270 2652 subinde
279 2617 485 2664 Byzantium
508 2618 655 2652 missae:
679 2628 745 2662 po-

38 2663 168 2699 stulata
207 2664 394 2709 aequitatis
426 2664 528 2710 plena
558 2665 648 2706 614,
685 2664 743 2698 21.

36 2709 135 2744 multi
166 2712 206 2744 ut
236 2710 389 2746 desidem
423 2714 460 2745 et
487 2710 648 2756 ignavum
681 2709 743 2744 de-

37 2760 175 2790 serunt=
200 2767 258 2791 res
282 2757 384 2792 valde
406 2757 579 2792 afflictae:
604 2755 744 2790 litterae

36 2802 250 2848 interceptae
273 2802 354 2846 615,
387 2804 442 2840 17.
476 2803 570 2838 iacta
600 2801 646 2838 inv
668 2814 743 2837 611111

37 2850 168 2894 probra
190 2849 270 2891 617,
288 2852 320 2886 1.
344 2861 413 2886 non
436 2849 612 2895 frangitur
635 2849 742 2884 rebus

83 2905 298 2952 Nicephorus
317 2908 467 2956 Gregor.
499 2907 575 2943 Vol.
594 2906 640 2943 II.

1436 159 1596 230 1337*

859 289 1015 325 adversis
1028 303 1037 325 :
1062 290 1139 325 eius
1150 290 1294 327 ⁴nuntiis
1318 293 1567 328 contumeliose

857 337 1016 372 illuditur
1039 349 1060 372 a
1082 337 1281 383 Byzantiis:
1305 350 1371 384 per
1385 340 1566 375 monachos

857 384 982 419 montis
1006 383 1095 419 Atho
1119 383 1164 419 de
1186 395 1276 430 pace
1308 386 1383 431 agit
1406 387 1499 429 620,
1530 388 1562 422 5-

859 431 903 465 ab
932 429 1131 465 Orestiadis
1161 430 1370 476 primoribus
1401 438 1565 469 evocatus

857 479 938 519 620,
960 479 1017 512 21.
1048 475 1144 512 fluvii
1179 477 1355 512 interiecti
1385 479 1565 524 repentino

858 529 960 558 auctu
985 523 1039 557 bis
1062 523 1240 568 repulsus,
1274 536 1314 558 re
1336 523 1468 561 infecta
1493 527 1564 561 dis-

857 570 953 605 cedit
975 570 1056 612 621,
1067 570 1102 605 5.
1126 570 1383 615 apophthegma
1406 572 1450 607 de
1475 573 1564 608 bello

858 616 950 651 civili
973 617 1053 658 622,
1082 618 1136 651 10.
1161 616 1442 662 Didymotichum
1465 619 1564 654 uxori

857 669 893 698 et
929 662 1081 697 Manueli
1112 663 1221 698 Asani
1251 663 1451 699 committit:
1492 665 1563 706 Po-

855 709 1021 755 lystylum
1044 709 1218 744 instaurat
1242 713 1279 744 et
1300 710 1407 745 munit
1431 711 1510 750 626,
1527 714 1560 748 8.

855 755 1173 802 Christopolitanas
1206 756 1384 801 angustias
1408 761 1446 791 ut
1478 770 1563 793 eva-

854 802 960 837 serit:
1004 801 1099 836 circa
1122 802 1303 848 Philippos
1334 807 1561 839 castrameta-

854 852 912 883 tur
924 850 1004 890 631,
1015 850 1046 884 7.
1074 849 1231 884 Chrelem
1245 855 1443 895 suspectum
1453 850 1560 885 amice

854 895 1007 941 excipit3
1050 895 1193 930 dimittit
1219 897 1306 938 632,
1344 897 1379 932 3.
1411 896 1559 931 Rhenti-

853 953 931 977 nam
954 942 990 976 in
1014 941 1220 977 deditionem
1255 942 1399 988 accipit:
1443 943 1559 978 Thes-

854 988 1037 1023 salonicam
1069 989 1120 1023 ire
1153 992 1352 1024 cunctatur:
1370 999 1374 1003 ’
1395 989 1559 1024 Melenici

851 1035 1028 1070 castellum
1051 1034 1085 1069 in
1109 1034 1318 1070 deditionem
1335 1035 1463 1082 accipit
1477 1038 1558 1078 632,

855 1082 911 1117 14.
956 1082 1274 1126 Gynaecocastrum
1318 1086 1429 1128 usque
1474 1094 1559 1128 pro-

854 1140 1018 1173 gressus,
1058 1139 1134 1162 cum
1170 1128 1355 1173 Synadeno
1389 1128 1559 1174 colloqui-

851 1180 911 1209 tur
934 1173 1016 1216 634,
1043 1176 1098 1211 16.
1130 1178 1282 1209 structas
1305 1174 1374 1209 sibi
1397 1186 1419 1209 a
1440 1175 1556 1220 Syna-

853 1221 941 1256 deno
972 1220 1116 1255 insidias
1140 1220 1391 1267 deprehendit:
1422 1220 1558 1268 disper-

853 1279 911 1302 sos
942 1267 1066 1302 milites
1091 1267 1186 1312 cogit
1209 1269 1296 1310 635,
1331 1268 1364 1303 8.
1397 1267 1472 1302 acie
1502 1269 1557 1302 in-

851 1318 989 1349 structa
1011 1315 1230 1359 Apocaucum
1254 1316 1435 1360 expectat,
1477 1326 1556 1349 suos

849 1361 1307 1443 gquxsdesssszfflgssffmeo
1323 1361 1558 1452 asseisslffiffi

1227 1432 1237 1449 2
1308 1433 1317 1443 0

850 1458 887 1488 et
910 1453 1102 1499 composite
1124 1453 1259 1488 recedit
1288 1453 1332 1487 ad
1356 1452 1554 1496 Triballos3

849 1499 978 1535 exteris
993 1499 1103 1544 magis
1121 1511 1221 1544 quam
1240 1498 1461 1544 popularibus
1482 1499 1553 1534 suis

849 1547 999 1581 confisus
1023 1547 1092 1582 636
1101 1571 1111 1588 ,
1137 1547 1169 1581 8.
1197 1545 1333 1580 ubinam
1367 1550 1553 1591 pernocta-

847 1593 914 1628 rit:
947 1593 1083 1638 legatos
1116 1592 1160 1626 ad
1184 1591 1320 1627 Cralem
1346 1591 1552 1638 praemittit,

849 1639 909 1684 qui
940 1640 984 1673 ab
1023 1638 1159 1674 homine
1194 1638 1350 1672 Triballo
1396 1649 1552 1683 compre-

847 1685 947 1721 hensi
988 1685 1032 1719 ad
1074 1687 1292 1730 Apocaucum
1333 1683 1552 1719 deducuntur

846 1734 927 1774 636,
950 1733 1006 1768 19.
1031 1743 1053 1767 a
1068 1731 1208 1766 Liberio
1226 1730 1384 1766 Triballo
1402 1730 1551 1776 benigne

844 1777 1248 1870 ΞζῖῐΡίἑὲξὲωέῗῗωὲἷ..
1268 1776 1450 1870 ξὲῧέἱέἳῖ.
1459 1777 1549 1858 ’1123

844 1872 978 1907 nuelem
1000 1871 1107 1906 filium
1131 1872 1212 1912 638,
1225 1872 1256 1906 8.
1284 1869 1380 1903 Crali
1403 1880 1465 1914 per
1489 1869 1548 1903 lit-

843 1924 940 1953 teras
966 1917 1227 1956 commendatus,
1253 1915 1415 1962 Scopiam
1437 1915 1547 1956 venit,

844 1965 890 2000 ad
913 1964 1034 1999 Axium
1056 1965 1182 1999 flumen
1203 1964 1284 2004 639,
1308 1965 1341 1998 2.
1358 1961 1549 1996 vtolerabili

843 2011 996 2058 hospitio
1021 2015 1224 2052 contentus,
1256 2009 1326 2043 illic
1347 2020 1420 2043 cum
1445 2019 1548 2043 exer-

843 2059 915 2093 citu
942 2057 1099 2093 subsistit
1122 2059 1208 2099 639,
1235 2057 1299 2091 11..
1323 2054 1461 2094 Cralem
1484 2066 1548 2100 po-

844 2104 967 2140 stridie
1002 2104 1184 2139 convenit:
1233 2101 1469 2136 Cantacuzeni
1510 2103 1547 2134 et

844 2151 959 2187 Cralis
981 2151 1100 2196 dispar
1122 2148 1377 2195 magnificentia
1398 2147 1486 2188 640,
1510 2147 1545 2183 5.

842 2197 952 2233 altera
976 2198 1021 2232 ad
1044 2198 1193 2232 Serrhas
1217 2194 1393 2241 expeditio
1426 2193 1543 2228 irrita:

843 2244 889 2279 ad
923 2244 1058 2279 Cralem
1090 2243 1219 2278 invitus
1250 2241 1344 2276 redit
1375 2242 1454 2282 653,
1488 2240 1544 2275 11.

841 2290 1050 2326 Berrhoeam
1067 2303 1111 2325 ex
1129 2293 1232 2336 pacto
1252 2287 1444 2333 ingreditur
1462 2284 1543 2326 655,

841 2339 876 2373 7.
913 2337 1034 2372 melior
1068 2348 1111 2372 ex
1144 2349 1186 2371 eo
1219 2335 1358 2370 fortuna
1381 2332 1459 2374 655,
1482 2332 1542 2385 23.

841 2383 1125 2420 Thessalonicam
1147 2381 1227 2417 dolo
1252 2390 1435 2425 aggressus
1450 2402 1461 2418 ,
1491 2387 1543 2430 11·-

841 2430 909 2465 rito
941 2435 1067 2465 conatu
1101 2427 1249 2464 discedit
1281 2427 1370 2466 658,
1409 2425 1462 2459 16.
1482 2434 1541 2456 ,111

838 2488 993 2558 1ᾟῖῗέἕο
1004 2481 1132 2558 ’ἓέιέῗῖ
1133 2467 1540 2556 ‘5522‘33302333292332

800 2580 803 2581 ⁷
838 2569 892 2604 dit
915 2569 1004 2612 660,
1036 2571 1090 2606 15.
1116 2569 1159 2603 ab
1183 2568 1366 2610 Apocauco
1389 2561 1539 2595 interro-—

837 2620 940 2661 gatus
963 2615 1150 2662 respondet
1173 2614 1253 2653 661,
1267 2612 1320 2645 11.
1345 2608 1479 2661 legatos
1493 2606 1539 2660 ad

836 2661 1011 2697 Amurium
1033 2661 1138 2697 mittit
1160 2660 1250 2698 666,
1271 2657 1325 2692 17.
1355 2657 1539 2707 sagittario

835 2708 1005 2754 ignoscit,
1046 2707 1179 2742 confert
1210 2714 1248 2738 se
1278 2702 1322 2736 ad
1366 2700 1538 2734 Amanum

835 2757 927 2798 670,
954 2757 1007 2790 12,
1040 2750 1250 2787 Demetrium
1273 2749 1457 2791 martyrem
1480 2756 1538 2779 re-

835 2801 990 2843 veritus,
1036 2793 1394 2833 Tbessalonicensium
1410 2790 1538 2847 *volun-

835 2848 959 2885 tariam
982 2845 1188 2882 deditionem
1209 2844 1372 2886 expectat
1385 2840 1465 2879 616,
1481 2837 1536 2873 14.

1206 2891 1260 2933 85
