1794 3172
229 121 334 170 930
396 144 400 147 ‘
643 125 962 173 NICEPHORI
990 126 1316 173 GREGORAE

10 249 48 283 A.
67 248 111 282 Μ.
130 246 222 283 6859
233 236 419 297 πάροδον
443 236 544 294 εἶχεν
569 239 626 288 εἷς
649 236 726 287 τὰς
746 236 867 287 θείας
887 233 1043 288 αὐλάς·
1081 236 1187 280 ἀλλὰ
1217 237 1372 282 ταύτὸν
1405 234 1456 295 ἦν
1482 237 1645 297 ψήφοις
1670 258 1715 284 τε

67 293 175 330 Ind·4
232 310 407 362 παίζειν,
456 308 532 364 τὴν
559 306 658 362 ὄψιν
696 304 967 357 κλεπτούσαις
1007 311 1066 365 τῷ
1097 305 1210 362 τάχει
1246 312 1322 363 τῆς
1355 309 1642 363 μεταθέσεως,
1686 309 1714 365 ἢ

233 382 529 435 κατορχεΐσθαι
549 380 633 420 τῶν
655 380 822 420 θεατῶν
850 376 1062 427 παντοίοις
1088 378 1156 419 καὶ
1188 375 1453 435 ἀνδρογύνοις
1478 379 1712 435 λογίσμασι,

233 450 302 491 καὶ
322 449 413 505 περὶ
435 449 540 490 θεοῦ
566 446 692 502 λέγειν
712 463 751 489 τι
776 447 842 489 καὶ
872 443 1033 489 ἀκούειν
1055 447 1286 504 περίεργον·
1324 447 1370 490 τὸ
1405 447 1447 490 δ’
1483 445 1643 490 ἁπλοῦν
1671 465 1716 491 τε

233 519 301 561 καὶ
329 517 482 574 εὐγενὲς
518 515 702 568 εὐσέβεια
739 516 956 570 ἐνομίζετο.
1013 515 1093 574 ἀφ’
1133 509 1182 559 οὗ
1207 517 1251 559 δὲ
1274 516 1418 567 Σέξτοι
1441 519 1508 559 καὶ
1532 515 1745 576 Πύῤῥω-5

80 599 121 634 Ρ.
140 598 211 635 585
233 604 299 637 νες
325 588 394 629 καὶ
419 583 446 641 ἡ
479 584 696 635 ἀντίθετος
730 590 922 642 γλῶσσα,
962 583 1100 644 ὥσπερ
1128 603 1166 628 τι
1195 583 1360 642 νόσημα
1387 586 1518 629 δεινὸν
1548 590 1614 630 καὶ
1640 605 1718 630 κα-

233 654 412 712 κόηθες,
449 662 541 705 ταῖς
563 655 793 710 ἐκκλησίαις
811 652 930 711 ἡμῶν
965 653 1218 712 εἰσεφθάρη,
1257 657 1326 698 καὶ
1353 653 1378 712 ἦ
1409 658 1593 714 φλυαρία
1620 657 1718 699 παί-

234 728 373 775 δευσις
394 725 506 776 ἔδοξε
517 757 531 778 ,
570 725 638 768 καὶ
659 723 681 767 ὅ
705 742 807 782 φησι
826 725 916 782 περὶ
933 723 1167 780 Ἀθηναίων
1186 723 1211 781 ἦ
1235 727 1382 781 βίβλος
1407 729 1491 769 τῶν
1512 724 1715 783 πράξεων,

233 797 290 846 εἷς
310 795 430 839 οὐδὲν
452 793 552 837 ἄλλο
575 794 864 852 εὖκαιροῧμεν,
901 792 928 850 ’ἢ
961 794 1085 851 λέγειν
1116 811 1155 838 τι
1187 796 1256 837 καὶ
1279 793 1439 838 ἀκούειν
1464 793 1715 852 καινότερον,

234 864 268 910 ὦ
290 866 352 915 τίς
367 863 563 920 Ἱερεμίας
587 862 777 920 ὀδύρεται
795 863 870 920 τὴν
895 860 1097 922 ἡμετέραν
1117 862 1311 921 σύγχυσιν
1330 866 1398 907 καὶ
1421 863 1714 920 σκοτόμαιναν,
1732 872 1777 908 10

192 955 194 957 >
235 933 256 979 ὃ
280 933 407 989 μόνος
427 933 546 984 εἰδὼς
570 935 729 984 ἐξισοῦν
757 931 945 991 θρήνους
971 932 1214 990 πάθεσιν,·”
1251 933 1330 992 ὅρα
1352 933 1463 985 ὅπως
1485 935 1559 990 τὴν
1581 935 1676 990 πρὶν
1696 931 1719 977 ὅ

197 1005 362 1062 Βμέγας
382 1007 466 1047 τῶν
487 1003 614 1046 θείων
634 1005 872 1061 μακαρίζων
906 1002 1124 1060 δογμάτων
1153 1002 1368 1060 ἁπλότητα
1402 1001 1575 1062 θρήνων
1607 1003 1721 1054 ἄξιον

235 1078 409 1132 μακρῶν
429 1073 477 1116 τὸ
499 1073 688 1130 περιττὸν
708 1076 775 1116 καὶ
801 1074 984 1117 ποικίλον
1003 1072 1149 1130 ἥγηται
1168 1078 1244 1129 τῆς
1265 1075 1506 1130 θεολογίας,
1546 1072 1616 1116 ἅτε
1633 1090 1721 1128 χει-

236 1142 385 1200 μώνων
408 1143 477 1186 καὶ
494 1143 700 1199 ναυαγίων
723 1142 854 1186 αἴτιον
877 1146 929 1200 τῇ
948 1147 1022 1186 τοῦ
1040 1147 1143 1186 θεοῦ
1163 1141 1373 1200 γινόμενον
1396 1144 1601 1203 ἐκκλησία.
1645 1139 1721 1192 Οἷς

237 1214 316 1271 γὰρ
345 1213 581 1269 ἀναγκαίοις
615 1210 716 1256 εἶναι
747 1212 906 1270 γέγονε,
944 1213 1048 1270 πρὸς
1075 1217 1150 1255 τοῦ
1173 1215 1426 1270 δημιουργοῦ
1454 1217 1529 1268 τῆς
1558 1210 1721 1270 φύσεως
1734 1220 1778 1256 15

238 1281 352 1327 ἁπλᾶ
379 1284 447 1326 καὶ
479 1289 567 1333 τοῖς
598 1286 722 1325 πᾶσιν
751 1280 974 1339 εὐπόριστα
1009 1280 1210 1325 δεδόσθαι
1240 1287 1372 1325 ταῦτα
1400 1282 1720 1336 συμπέπτωκεν·

234 1354 306 1395 ἵνα
323 1353 382 1408 μὴ
404 1353 630 1409 δυσχεροῦς
652 1356 726 1406 τῆς
750 1352 975 1409 ἀναγκαίας
996 1355 1048 1409 τῇ
1080 1349 1201 1410 φύσει
1226 1353 1369 1409 χρείας
1397 1352 1722 1406 καθισταμένης,

242 1421 418 1479 ὄλεθρος
437 1427 524 1471 τοῖς
553 1417 644 1465 οὖσι
665 1420 837 1464 κατόπιν
869 1421 1097 1479 ἀκολουθῇ.
1135 1423 1203 1465 καὶ
1234 1425 1398 1479 πρῶτον
1432 1422 1496 1463 ἐπὶ
1521 1425 1605 1463 τῶν
1637 1437 1723 1463 σω-

240 1490 532 1548 ματικωτέρων
551 1490 622 1533 τὸν
653 1489 775 1547 λόγον
803 1489 1083 1547 γυμνάσαντες
1117 1492 1162 1534 ἐκ
1194 1495 1278 1534 τῶν
1311 1494 1362 1548 τῇ
1392 1487 1586 1545 αἰσθήσει
1618 1506 1725 1545 γνω-

203 1561 482 1619 Οριμωτέρων
491 1593 505 1614 ,
543 1558 600 1611 ὥς
621 1560 691 1603 διὰ
709 1562 926 1615 βαθμίδος
945 1560 1081 1614 τινὸς,
1119 1558 1384 1617 ἀναγάγωμεν
1410 1559 1722 1616 εὖπαρακολου-
1733 1566 1781 1603 20

213 1624 216 1633 ¹
240 1628 473 1688 θητότερόν
494 1646 583 1673 τινα
606 1628 760 1688 τρόπον
790 1630 855 1672 ἐπὶ
875 1629 930 1672 τὰ
949 1634 1049 1673 θεΐα
1068 1634 1144 1686 τῆς
1173 1630 1387 1694 ἐκκλησίας
1410 1627 1610 1685 δόγματα.
1659 1625 1722 1671 οἶ-

240 1719 317 1757 μαι
334 1699 438 1761 γὰρ,
479 1697 536 1750 ὥς
563 1699 611 1743 τὸ
635 1699 740 1757 μέγα
758 1703 882 1743 τοῦτο
906 1706 1131 1755 στοιχεῖον,
1168 1699 1241 1742 τὸν
1265 1699 1391 1756 ἀέρα,
1427 1698 1499 1742 τὸν
1528 1696 1722 1756 ἄφθονον

333 1786 367 1824 4.
390 1783 608 1832 καινότερον
628 1786 693 1824 καὶ
709 1788 901 1834 περίεργον
924 1786 1097 1823 Anastasii
1113 1787 1170 1823 ed.
1187 1786 1348 1821 Billiana.
1464 1786 1499 1821 5.
1523 1786 1593 1821 τοῦ
1609 1780 1722 1831 λόγου

336 1839 415 1879 post
441 1832 583 1880 εὐγενὲς
608 1835 689 1869 add.
713 1835 793 1869 Bill.
922 1835 958 1872 8.
987 1833 1177 1881 πράξεων,
1200 1837 1238 1868 ut
1263 1834 1391 1868 habent
1416 1832 1497 1867 libri
1525 1832 1633 1875 editi,
1658 1842 1721 1878 pro

334 1880 504 1926 πατέρων
520 1894 584 1917 em.
604 1881 706 1917 Boiv.
996 1895 998 1897 ·

244 1948 359 1994 logiae
377 1950 467 1984 ratio
487 1950 531 1985 ad
551 1950 686 1985 divinas
705 1949 822 1985 caulas
839 1961 884 1984 ne
902 1949 1031 1984 aditum
1054 1948 1190 1994 quidem
1208 1949 1378 1983 habebat:
1403 1958 1522 1982 verum
1539 1947 1629 1982 idem
1649 1950 1726 1982 erat

245 1996 386 2030 calculis
411 1996 553 2040 ludere,
585 1997 792 2031 inversionis
825 1996 1005 2030 celeritate
1030 1996 1184 2030 obtutum
1211 1995 1385 2029 oculorum
1410 1994 1630 2036 fallentibus,
1663 1997 1726 2028 aut

245 2042 434 2087 omnigenis
462 2048 499 2077 et
529 2044 667 2078 lascivis
691 2055 871 2088 corporum
892 2042 1042 2077 flexibus
1068 2047 1284 2088 spectatores
1313 2041 1505 2082 ludificari,
1531 2040 1623 2086 quod
1643 2040 1726 2075 novi

245 2089 421 2134 quidpiam
437 2100 478 2123 ac
496 2091 625 2124 curiosi
644 2090 687 2123 de
707 2090 783 2124 Deo
801 2089 858 2124 vel
877 2089 995 2123 dicere
1015 2089 1070 2123 vel
1088 2088 1228 2123 audire=
1253 2088 1398 2134 simplex
1419 2092 1539 2122 contra
1555 2087 1726 2132 ingenua-

248 2147 316 2180 que
336 2136 448 2169 oratio
471 2139 575 2181 atque
599 2136 779 2177 doctrina,
802 2135 914 2180 pietas
943 2135 1218 2170 existimabatur.
1265 2137 1310 2170 At
1331 2137 1556 2180 posteaquam
1573 2133 1673 2167 Sexti
1689 2137 1726 2168 et

249 2181 473 2226 Pyrrhones,
499 2188 534 2216 et
554 2182 812 2217 contradicendi
834 2181 978 2216 libidine
991 2182 1142 2215 incitata
1167 2181 1305 2225 lingua,
1328 2181 1424 2215 velut
1444 2180 1562 2225 gravis
1585 2180 1726 2225 quidam

252 2238 295 2263 ac
320 2228 491 2273 malignus
519 2231 675 2271 morbus,
707 2229 744 2263 in
770 2228 935 2262 ecclesias
958 2234 1095 2262 nostras
1117 2238 1239 2272 magno
1265 2231 1382 2262 nostro
1402 2226 1489 2261 malo
1511 2226 1727 2271 irrepserunt

251 2285 294 2309 ac
309 2275 490 2319 nugacitas
505 2274 683 2310 doctrinae
698 2279 803 2320 atque
823 2274 1027 2309 eruditionis
1047 2273 1240 2319 opinionem
1264 2274 1360 2314 tulit,
1386 2273 1545 2318 quodque
1563 2274 1727 2307 Actorum

251 2321 339 2355 liber
358 2321 403 2355 de
421 2321 687 2356 Atheniensibus
705 2326 842 2363 narrat,
867 2321 910 2355 ad
931 2321 1016 2355 nihil
1044 2320 1138 2354 aliud
1154 2331 1314 2354 vacamus
1327 2345 1338 2362 ,
1362 2331 1463 2365 quam
1489 2323 1529 2353 ut
1554 2318 1634 2352 novi
1663 2318 1728 2352 ali-

252 2367 338 2413 quid
356 2366 507 2402 dicamus
528 2368 584 2402 vel
602 2368 795 2409 audiamus,
821 2380 841 2401 o
863 2367 938 2412 quis
954 2366 1147 2402 Hieremias
1167 2367 1396 2400 confusionem
1421 2369 1572 2399 nostram
1600 2365 1729 2410 caligi-

252 2425 398 2459 nemque
418 2413 622 2460 deplorabit,
633 2414 693 2459 qui
711 2414 803 2448 solus
822 2413 1082 2448 lamentationes
1104 2412 1353 2447 calamitatibus
1369 2423 1563 2457 exaequare
1583 2409 1728 2445 novit!''

250 2460 366 2495 Viden
383 2463 422 2494 ut
438 2472 580 2506 maguus
599 2461 655 2495 vir
675 2466 823 2495 veterem
841 2461 1036 2504 dogmatum
1055 2459 1305 2504 simplicitatem
1327 2460 1460 2492 beatam
1479 2458 1596 2500 ducat,
1620 2458 1729 2492 idem-

251 2518 322 2552 que
333 2506 527 2552 theologiae
545 2507 735 2554 superfluas
753 2511 789 2540 et
805 2506 1008 2552 multiplices
1025 2505 1244 2552 quaestiones
1262 2505 1416 2539 maximis
1433 2505 1589 2539 lamentis
1605 2503 1728 2548 dignas

252 2553 402 2595 iudicet,
426 2554 519 2599 quod
540 2553 576 2588 in
593 2553 659 2588 Dei
676 2553 854 2588 ecclesiam
876 2553 1048 2598 procellae
1069 2557 1104 2587 et
1126 2552 1308 2598 naufragia
1334 2563 1396 2597 per
1416 2563 1475 2585 eas
1498 2550 1730 2585 invehantur?

255 2600 358 2640 Quae
376 2599 509 2635 scilicet
525 2600 722 2635 necessaria
740 2605 840 2633 erant
852 2624 863 2641 ,
887 2611 930 2633 ea
950 2604 1096 2634 naturae
1116 2602 1235 2632 auctor
1255 2597 1422 2643 simplicia
1438 2602 1478 2632 et
1497 2597 1650 2631 omnibus
1666 2607 1730 2640 pa-

254 2646 380 2680 rabilia
397 2646 599 2692 proposuit3
623 2658 667 2681 ne
692 2646 722 2680 si
746 2657 808 2687 ea,
831 2646 953 2690 quibus
981 2651 1107 2680 natura
1127 2645 1321 2680 necessario
1335 2644 1493 2689 indiget,
1517 2647 1640 2689 paratu
1660 2642 1730 2676 dif-

255 2692 362 2726 ficilia
379 2698 514 2735 essent,
539 2698 809 2738 consequeretur
829 2692 909 2726 inde
933 2703 1046 2726 rerum
1064 2690 1234 2726 interitus.
1281 2693 1331 2726 Ac
1360 2690 1501 2735 primum
1525 2689 1662 2735 quidem
1692 2687 1729 2721 iu

256 2739 361 2773 rebus
379 2739 555 2785 corporeis
577 2740 816 2785 proludentes),
842 2750 884 2772 ex
905 2738 947 2772 iis
967 2750 1056 2784 quae
1078 2737 1192 2771 sensui
1211 2738 1346 2772 notiora
1364 2741 1464 2778 suut,
1491 2736 1587 2770 velut
1604 2734 1731 2779 grada-

256 2783 338 2825 tim,
361 2786 407 2820 ad
424 2797 522 2821 sacra
542 2786 709 2821 ecclesiae
734 2786 895 2829 dogmata
916 2785 965 2819 sic
990 2783 1256 2827 adscendamus,
1281 2789 1320 2818 ut
1340 2783 1455 2829 quivis
1472 2782 1575 2816 facile
1591 2779 1731 2826 assequi

255 2830 382 2878 possit.
428 2832 597 2879 Equidem
619 2837 754 2868 vastum
773 2831 837 2866 hoc
865 2832 1090 2873 elementum,
1113 2832 1226 2867 aerem
1254 2830 1332 2866 dico
1345 2854 1356 2876 ‚
1378 2834 1524 2865 naturae
1547 2828 1730 2863 universae
