1794 3172
262 127 579 174 HISTORIAE
604 127 978 174 BYZANTINAE
1006 127 1172 172 XXIV.
1192 133 1231 175 1.
1349 121 1478 170 1141

9 241 247 297 ἔκκλησίας,
282 239 343 296 μὴ
373 237 475 283 εἶναι
506 239 714 298 διαφορὰν
742 237 888 290 οὖσίας
915 239 983 282 καὶ
1013 235 1214 295 ἐνεργείας
1248 234 1317 295 ἐφ’
1349 234 1484 294 ἁπλῆς
1504 247 1595 281 A.c.
1612 247 1698 283 1351

8 312 77 354 καὶ
101 307 325 366 ἀσωμάτου
358 307 545 367 φύσεως,
589 311 658 352 καὶ
686 307 868 364 μάλιστα
894 305 1060 351 πάντων
1086 308 1162 362 τῆς
1182 307 1304 357 θείας
1331 295 1702 376 ἓκείνηςῐωῐῐζοῐὲἑοέψ

9 382 78 433 arai
101 378 203 437 ὑπὲρ
233 383 361 432 νοῦν,
391 380 478 434 μηδ
486 378 499 395 '
527 379 569 428 ἒς
591 376 799 434 τοσαύτην
822 377 931 433 ἥκειν
959 379 1178 434 διαίρεσιν,
1218 373 1274 426 ὥς
1301 375 1375 432 τὴν
1406 377 1482 431 μὲν
1616 365 1625 375 ’

10 449 241 504 ιἰμὲθεκτον
261 447 362 492 εἶναι
379 445 615 491 παντάπασι
634 450 851 503 κτίσμασιν
871 446 998 490 ἅπασι
1021 448 1090 489 καὶ
1110 444 1197 489 ἄνω
1215 462 1296 489 που
1324 462 1482 504 περιγε-

7 518 242 576 γραμμένην
254 551 268 571 ,
306 517 383 573 τὴν
405 517 448 560 δ’
476 518 674 574 ἐνέργειαν
696 518 737 568 ἒς
756 517 810 561 τὰ
830 519 1007 574 περίγεια
1034 520 1258 559 κατιοῦσαν
1287 515 1478 560 ἇνοῦσιον
1500 525 1543 562 Ρ.
1562 524 1632 563 714

6 586 144 645 σάρκα
169 605 212 632 τε
242 584 452 631 δι’·νασθαι
475 588 648 645 φορέσαι
669 587 774 642 μεθ’
811 586 1056 645 ἱλαρότητος
1085 586 1153 628 καὶ
1180 582 1310 641 αὐτήν
1337 603 1382 629 τε
1404 586 1482 642 με’-

5 673 163 702 νουσαν
193 656 386 700 ὂίκτιστον
411 655 613 714 ἔφλεκτόν
644 674 686 700 τε
715 659 923 713 διατηρεῖν
943 656 1018 712 τὴν
1045 653 1376 712 ἀνθρωπότητα,
1412 657 1482 698 καὶ

6 725 111 782 πρός
137 744 181 784 γε
206 724 472 782 μεταδιδόναι
501 728 569 769 καὶ
595 731 670 782 τῆς
699 728 848 777 οῗκείας
875 723 1167 780 ἀκτιστότητος
1197 724 1328 782 αὐτῇ·
1375 723 1398 768 ὃ
1428 728 1480 783 τῇ

6 798 104 856 θείᾳ
124 796 245 857 οὐσίᾳ
264 797 408 839 ἐνεῖναι
429 795 478 839 οὗ
498 794 806 854 συγκεχώρηταί
823 796 873 840 οἳ.
910 797 1163 853 φθείρεσθαι
1184 792 1262 851 γάρ
1284 811 1386 851 φησι
1403 794 1480 850 τὴν

7 864 167 923 σάρκα,
210 867 306 918 πρὶν
327 865 455 921 αὐτῆς
471 873 700 921 μετασχεῖν.
744 870 820 922 τῆς
844 870 941 922 γοῦν
965 863 1082 922 ἁγίας
1101 863 1314 921 παρθένου
1338 866 1479 920 μηδα-

3 939 63 991 μῆ
96 937 344 993 φλεχθείσης
369 935 475 991 μηδ’
511 935 798 991 ἃναλωθείσης
827 939 886 995 τῷ
922 936 1020 992 πυρὶ
1050 937 1126 990 τῆς
1161 935 1283 983 θείας
1319 933 1517 987 οὐσίας-,Β

5 1003 223 1062 συνάγεται
242 1004 337 1047 κατ’
361 1003 487 1047 αὐτὸν
498 1038 512 1058 ,
546 1005 606 1061 μὴ
626 1005 701 1061 τὴν
721 1006 841 1048 θείαν
863 1004 1007 1048 οὐσίαν
1034 1003 1077 1054 ἐξ
1107 1002 1238 1059 αὐτῆς
1265 1008 1478 1061 σεσαρκῶ-

4 1079 109 1118 σθαι
129 1079 204 1118 τοῦ
228 1072 373 1131 λόγου,
412 1074 611 1132 ἐνέργειαν
639 1076 665 1117 δ
671 1074 683 1090 '
715 1069 787 1118 οὖν
800 1107 815 1129 ,
853 1074 1046 1118 ἅκτιστον
1065 1067 1193 1116 οὖσαν
1212 1073 1288 1128 μὲν
1309 1075 1378 1115 καὶ
1398 1072 1478 1115 αὖ-

3 1144 100 1199 τὴν,
138 1142 330 1187 ἄνοι’·σιον
352 1143 397 1187 δὲ
415 1146 483 1186 καὶ
500 1142 718 1201 ὑφειμένον
745 1161 835 1194 πως
853 1146 920 1187 καὶ
947 1143 1008 1199 μὴ
1039 1140 1149 1199 πάνυ
1170 1159 1234 1185 τοι
1254 1143 1401 1200 φλέγον
1425 1141 1474 1185 τὸ

5 1219 87 1271 πῦρ
115 1213 374 1270 κεκτημένην.
412 1213 461 1256 οὗ
487 1211 565 1271 γάρ
589 1213 690 1257 ποτ’
716 1212 810 1257 οὕτε
829 1231 902 1257 του
927 1217 1012 1256 τῶν
1038 1212 1175 1255 ἄλλων
1193 1210 1342 1269 ἁγίων,
1381 1211 1476 1255 οὔτ’

4 1279 78 1326 οὖν
94 1283 348 1327 Ἀθανασίου
369 1287 444 1326 τοῦ
465 1284 584 1326 θείου
602 1281 750 1339 ἀκήκοε
767 1287 954 1339 βοῶντος
967 1289 1055 1332 τοῖς
1071 1283 1325 1336 ΖΙΙανιχαιόις
1339 1295 1349 1305 ·
1381 1281 1478 1334 „ei”-

1 1370 132 1406 πατε,
170 1353 209 1396 οἱ
237 1353 450 1410 ἔφευρεταὶ
478 1356 555 1395 τοῦ
586 1357 729 1395 καινοῢ
760 1352 867 1396 καθ’
900 1350 1011 1407 ὑμᾶς
1037 1350 1296 1408 εὐαγγελίου,
1342 1350 1477 1394 πόθεν

0 1420 98 1476 ὑμῖν
132 1422 380 1479 κατηγγέλη,
417 1419 553 1479 σάρκα
586 1421 779 1465 ἅκτιστον
809 1422 955 1479 λέγειν,
995 1419 1099 1464 ὥστε
1127 1420 1155 1478 ἢ
1187 1421 1264 1476 τὴν
1292 1418 1518 1475 θεότηταῦ

0 1496 77 1534 τοῦ
101 1489 223 1548 λόγου
255 1493 312 1541 εἷς
336 1489 598 1546 μετάπτωσιν
626 1491 780 1547 σαρκὸς
811 1489 1119 1550 φαντάζεσθαι,
1157 1488 1185 1546 ἢ
1211 1490 1287 1546 τὴν
1316 1491 1478 1533 οἷκονο-

1 1561 102 1618 μίαν
127 1564 203 1604 τοῦ
229 1558 397 1611 πάθους
415 1561 483 1603 καὶ
501 1564 576 1603 τοῦ
598 1558 789 1603 θανάτου
811 1562 879 1604 καὶ
899 1564 974 1616 τῆς
992 1557 1271 1612 ἀναστάσεως,
1307 1557 1476 1615 δόκησιν

1 1631 176 1686 νομίζειν
206 1631 274 1673 καὶ
302 1630 551 1688 φαντασίαν.
596 1628 788 1680 ι’ίκτιστος
811 1630 887 1686 μὲν
916 1628 994 1687 γὰρ
1024 1629 1177 1687 πέφηνε
1204 1626 1311 1685 μόνη
1333 1626 1360 1684 ἦ
1381 1626 1476 1685 ἁγία

96 1730 152 1765 11.
180 1728 402 1774 φλεχθείσης
418 1728 532 1775 Capp.
559 1726 594 1762 in
619 1730 716 1763 textu
729 1753 740 1770 ,
765 1727 801 1762 in
819 1738 887 1773 mg.
907 1726 993 1764 coni.
1013 1726 1272 1773 φθαρθείσης,
1296 1726 1333 1761 iu
1353 1737 1474 1773 apogr.

98 1778 176 1809 erat
198 1777 440 1821 φθεχθείσης.
515 1776 571 1810 18.
595 1773 813 1821 καταγγέλλῃ
836 1775 893 1809 vel
916 1775 1145 1822 κατηγγέλθη
1168 1774 1248 1810 edd.
1318 1775 1397 1809 ·20.
1422 1770 1475 1817 ὥς

98 1820 252 1868 δόκησιν
268 1822 324 1857 ed.
392 1824 452 1859 21.
475 1821 537 1857 καὶ
557 1823 767 1868 φαντασίαν
791 1822 892 1856 deest
910 1821 946 1856 iu
967 1822 1022 1857 ed.

4 1901 40 1936 in
61 1901 206 1948 simplici
230 1906 334 1949 atque
350 1901 556 1949 incorporea
574 1906 611 1937 et
626 1902 772 1937 omnium
788 1902 933 1937 maxime
950 1901 986 1936 in
1002 1902 1116 1937 divina
1133 1901 1214 1944 illa,
1236 1913 1326 1948 quae
1340 1912 1473 1937 omnem

2 1948 214 1984 intellectum
236 1954 398 1994 superat,
420 1955 564 1991 natura,
589 1949 714 1983 nullum
743 1949 913 1984 essentiae
939 1955 975 1984 et
1005 1948 1216 1995 operationis
1242 1960 1320 1984 esse
1347 1948 1474 1983 discri-

1 2005 101 2037 men3
123 2007 188 2030 nec
205 2007 265 2030 eas
283 1996 376 2030 inter
391 2008 431 2030 se
448 2000 630 2041 tantopere
643 1995 786 2031 differre
797 2021 808 2037 ,
829 2000 867 2030 ut
882 1996 1032 2030 essentia
1051 1996 1184 2042 quidem
1202 1996 1246 2030 ab
1262 1995 1356 2030 nulla
1370 2006 1472 2031 crea-

1 2044 82 2076 tura
98 2043 209 2087 possit
227 2042 295 2076 ullo
310 2042 409 2076 modo
429 2042 655 2088 participari,
679 2047 716 2077 et
732 2041 940 2077 caelestibus
958 2042 1044 2077 locis
1059 2042 1305 2088 quodammodo
1321 2042 1471 2076 circum-

1 2088 136 2134 scripta
151 2089 208 2123 sit.
264 2088 434 2134 Operatio
457 2094 589 2131 autem,
620 2101 682 2124 seu
707 2088 864 2124 efficacia
884 2101 947 2135 per
974 2101 1011 2124 se
1029 2089 1165 2124 minime
1190 2089 1401 2130 subsistens,
1423 2087 1469 2123 ad

0 2145 57 2169 res
77 2139 234 2169 terrenas
259 2135 468 2178 descendat,
490 2135 638 2170 libenter
659 2140 695 2170 et
719 2135 828 2170 hilare
845 2147 980 2171 carnem
997 2141 1130 2182 gestet,
1152 2136 1232 2181 ipsa
1251 2136 1410 2170 increata
1430 2136 1469 2168 et

0 2179 236 2227 inconsumpta
264 2193 404 2216 manens
432 2185 615 2217 conservet
642 2181 907 2225 humanitatem,
935 2195 1011 2218 cum
1036 2194 1104 2229 qua
1125 2182 1267 2228 insuper
1294 2181 1364 2216 sibi
1384 2192 1468 2226 pro-

0 2227 111 2273 priam
133 2227 278 2263 increati
297 2227 522 2264 conditionem
542 2228 788 2270 communicet3
810 2230 901 2275 quod
921 2229 956 2264 in
970 2230 1119 2265 divinam
1139 2228 1364 2264 substantiam
1382 2238 1467 2262 con-

0 2274 121 2309 venire
138 2274 308 2310 Palamas
342 2275 525 2310 inficiatur.
593 2275 712 2317 „Caro
737 2275 823 2310 enim
834 2275 870 2317 ,’'
898 2276 1031 2322 inquit,
1065 2275 1186 2322 „prius
1217 2276 1465 2314 absumeretur,

0 2331 102 2365 quam
115 2319 255 2356 divinae
272 2322 375 2357 fieret
392 2321 606 2357 substantiae
622 2321 831 2367 particeps.”
854 2322 939 2358 Cum
955 2323 1074 2369 itaque
1093 2326 1213 2357 sancta
1233 2321 1352 2366 Virgo,
1375 2318 1467 2353 divi-

0 2377 67 2400 nae
90 2367 304 2403 substantiae
321 2368 402 2413 igne
419 2369 594 2404 combusta
614 2373 675 2402 aut
697 2373 896 2415 consumpta
915 2381 983 2404 non
1002 2371 1122 2410 fuerit,
1146 2367 1320 2412 colligitur
1342 2376 1465 2400 secun·-

0 2411 79 2447 dum
97 2413 171 2447 eius
189 2414 394 2459 opinionem,
419 2415 570 2450 divinam
590 2414 696 2461 Verbi
716 2416 939 2452 substantiam
956 2428 999 2451 ex
1018 2416 1095 2462 ipsa
1112 2416 1213 2450 beata
1232 2413 1376 2458 Virgine
1395 2421 1465 2445 non

0 2457 107 2494 tuisse
123 2459 355 2504 incarnatam,
377 2461 438 2496 sed
466 2461 696 2508 operationem
714 2474 773 2497 seu
799 2462 985 2497 efficaciam
1006 2462 1176 2509 quandam
1198 2461 1385 2499 duntaxat,
1409 2457 1465 2490 in·-

0 2511 148 2540 creatam
164 2507 324 2551 quidem,
346 2508 408 2543 sed
428 2520 491 2555 per
510 2521 550 2543 se
567 2508 701 2543 minime
718 2508 979 2551 subsistentem,
1001 2521 1092 2556 quae
1111 2506 1305 2542 inferiorem
1323 2514 1384 2557 seu
1404 2513 1464 2537 re-

0 2550 132 2586 missum
157 2552 271 2597 ignem
294 2565 358 2589 nec
379 2555 512 2590 omnino
535 2555 782 2590 combustivum
809 2555 1021 2601 possidebat.
1075 2556 1269 2598 Numquam
1297 2560 1382 2584 enim
1409 2548 1463 2602 ul-

0 2595 64 2631 {um
82 2610 102 2632 e
120 2600 248 2634 sanctis
266 2600 448 2645 Patribus,
471 2607 626 2636 sanctum
642 2601 844 2648 praesertim
860 2602 1096 2643 Athanasium,
1119 2599 1232 2635 audiit
1249 2594 1463 2631 Manichaeis

0 2642 215 2698 clamantem:
257 2671 282 2688 ,‚
291 2646 432 2691 Dicite,
462 2653 623 2683 auctores
652 2647 734 2682 novi
759 2648 944 2684 secundum
969 2659 1031 2683 vos
1063 2643 1270 2689 Evangelii,
1293 2640 1462 2694 und-enam

0 2690 95 2724 vobis
112 2691 344 2736 praedicatum
364 2699 439 2736 est,
464 2706 598 2729 carnem
615 2693 802 2729 increatam
826 2707 904 2731 esse
920 2694 1118 2734 dicendam,
1142 2691 1191 2724 ita
1209 2693 1247 2723 ut
1267 2691 1327 2722 aut
1348 2690 1463 2722 deita-

0 2738 63 2770 bem
81 2736 180 2771 verbi
196 2737 232 2772 in
253 2750 390 2774 carnem
415 2741 581 2787 dilapsam
605 2746 642 2775 et
663 2744 827 2776 mutatam
845 2741 952 2776 fuisse
972 2734 1288 2776 comminiscamini,
1311 2736 1374 2767 aut
1400 2743 1461 2767 oe-

0 2783 181 2836 conomiam
198 2785 380 2830 passionis,
402 2788 535 2830 mortis,
559 2787 882 2830 etresurrectionis,
903 2799 1029 2822 meram
1049 2781 1279 2836 apparqsstiflm
1296 2782 1333 2814 et
1348 2779 1460 2824 Phan-

0 2830 116 2865 tunm
137 2830 370 2869 existimetis?
399 2833 483 2871 Sola
499 2834 591 2870 enim
606 2837 728 2870 sancta
755 2833 896 2871 deitatis
920 2833 1077 2870 Trinitas
1094 2834 1149 2867 est
1168 2830 1324 2863 increata
1343 2830 1381 2860 et
1397 2836 1460 2860 ao-
