1794 3172
266 124 290 172 1
302 119 398 171 158
778 130 1259 181 ANNOTATIONES.

263 236 381 276 eriam
404 236 474 290 qui
495 250 560 276 eos
586 234 760 290 Scythas
782 238 1043 283 nominarent.
1102 241 1162 280 Ita
1189 242 1449 285 vertendum:
1479 258 1584 295 non,
1614 251 1662 285 ut
1684 244 1794 284 Wol-

263 293 341 333 ssus
353 322 368 342 ,
396 292 525 332 Erant
541 295 660 333 etiam
690 297 760 350 qui
777 311 818 334 se
835 295 1007 349 Scythas
1027 301 1291 351 nominarent,
1322 301 1403 340 alio
1428 314 1562 342 sensu.
1593 316 1749 342 nonrm-

380 354 478 404 Pag.
508 355 584 402 36,
616 355 685 395 23.
743 353 998 409 Διφθέραις]
1029 355 1266 410 Acropolita
1290 371 1377 411 cap.
1393 359 1562 402 XXXV.
1585 360 1634 399 de
1646 361 1788 399 iisdem

265 404 404 457 ἆσκοῖς
426 405 498 449 τόν
520 406 677 463 Ἴστρον
697 407 1026 464 διαπεράσαντες.
1086 415 1175 465 Egit
1194 414 1244 454 de
1265 415 1462 455 eiusmodi
1486 418 1677 456 coriaceis
1696 417 1794 456 navi·

267 466 370 504 culis
399 479 498 518 prae
523 468 669 507 ceteris
693 467 807 511 Ioan.
830 468 1060 510 Schefferus
1086 472 1156 511 lib.
1176 472 1207 515 Ι.
1227 473 1279 512 de
1300 472 1445 512 Militia
1461 475 1596 514 navali
1629 488 1718 530 cap.
1741 475 1794 514 ΠΙ

265 536 444 564 nocane.

384 584 482 636 Pag.
514 585 594 633 37,
625 586 666 627 6.
724 582 810 626 Καὶ
830 587 917 633 τοῖς
938 583 1193 640 Ῥωμαϊκοῖς]
1235 587 1530 638 comanorum,
1573 591 1643 641 qui
1672 589 1794 628 Ioann

267 637 459 736 Vatatfiae
488 639 705 694 imperanti
743 655 787 682 se
817 642 1085 697 dediderunt,
1129 646 1313 686 meminit
1345 646 1648 686 Cantacuzenus
1682 646 1794 686 lib.l

270 710 360 750 cap.
429 727 438 738 .
496 712 676 739 DUGANG.

383 757 484 809 Pag.
517 760 594 806 37,
629 759 693 800 11.
750 755 994 812 ὑπερορίους
1024 757 1204 809 ἐκείνους
1236 757 1434 813 Σκύθας]
1486 762 1576 811 Quo
1610 760 1794 800 vocabul«

269 813 464 853 Tartaros
486 814 686 854 Asiaticos
705 816 856 868 pariter
873 815 1075 868 intelligit,
1107 818 1177 869 qui
1200 817 1373 858 ducibus
1398 818 1695 871 Chingischami
1721 819 1792 857 filii

269 871 402 910 Asiam
426 871 510 912 fere
530 873 759 912 universam
782 881 1068 927 pervaserant,
1101 889 1192 914 cum
1221 876 1291 929 qui
1313 890 1453 916 versus
1481 878 1711 917 Danubium
1732 875 1794 915 ha-

271 929 456 969 bitabant
477 931 714 984 Europaeos
732 938 852 972 vocat
873 932 945 972 lib.
967 932 1034 972 IV.
1063 947 1150 986 cap.
1172 937 1213 976 7.
1272 948 1452 979 DncANG.

392 990 489 1041 Pag.
520 992 598 1038 37,
635 989 701 1032 15.
760 989 843 1030 Καὶ
858 984 983 1040 Ὦξον
1002 987 1074 1032 τὸν
1093 988 1276 1047 Σόγδον]
1308 993 1367 1032 De
1394 993 1483 1032 Oxo
1511 992 1638 1033 fluvio
1665 992 1794 1046 egimu

275 1044 327 1085 ad
349 1045 422 1085 lib.
443 1047 473 1085 Ι.
492 1047 684 1098 Bryennii
704 1061 746 1086 n.
768 1047 855 1088 VII.
876 1062 918 1101 p.
943 1051 1040 1092 201.
1099 1063 1272 1089 Decime.

394 1105 491 1157 Pag.
524 1109 600 1153 41,
635 1108 672 1147 1.
728 1100 869 1146 Ἀσίαν
901 1105 1057 1158 ἔχοντες
1087 1105 1286 1161 Τοῦρκοι]
1326 1107 1385 1146 De
1417 1107 1644 1148 Turcorum
1673 1107 1792 1160 primi

276 1160 441 1201 sedibus
462 1175 603 1200 versus
622 1163 810 1211 Tanaim,
843 1170 882 1202 et
903 1170 949 1202 ut
968 1165 1011 1202 in
1032 1164 1227 1204 Asiaticas
1248 1165 1433 1216 regiones
1454 1167 1717 1218 penetrarint,
1737 1166 1793 1204 Ba

277 1218 358 1257 sitii
387 1220 673 1270 Bulgaroctoui
705 1221 977 1273 temporibus,
1017 1222 1078 1260 uti
1106 1223 1245 1261 scribit
1273 1223 1501 1275 Bryennius
1537 1224 1574 1264 d.
1607 1238 1695 1276 cap.
1733 1223 1794 1261 VI]

278 1290 351 1316 seu
372 1283 421 1316 ut
441 1278 667 1316 Willelmus
690 1279 837 1330 Tyrius
866 1279 933 1317 lib.
961 1279 995 1319 Ι.
1025 1293 1113 1332 cap.
1148 1280 1228 1322 Vll.
1253 1281 1419 1332 triginta
1453 1286 1524 1320 aut
1555 1281 1794 1333 quadragint

280 1334 393 1374 annis
411 1341 625 1388 antequam
644 1336 773 1375 nostri
792 1336 1196 1388 Hierosolymitanam
1218 1338 1519 1390 expeditionem
1554 1342 1794 1391 susciperem*

281 1393 406 1431 multa
430 1394 700 1445 congessimus
719 1394 769 1433 ad
789 1391 1228 1448 eundemBryennium.
1258 1396 1363 1436 Vide
1382 1396 1488 1435 infra
1505 1396 1574 1435 lib.
1587 1396 1656 1436 IV.
1679 1400 1794 1450 cap.7

281 1464 461 1492 noeane.

402 1512 499 1562 Pag.
527 1511 607 1560 41,
636 1511 676 1553 3.
736 1507 931 1563 Πονηρόν
959 1507 1054 1558 τούς
1091 1505 1267 1559 Σκύθας
1298 1508 1470 1565 ὁρῶντες
1503 1507 1745 1565 γειτόνημα]
1787 1539 1794 1550 .

284 1566 431 1619 quibus
454 1566 616 1618 quidem
640 1567 820 1606 Tartaris
841 1568 1203 1621 impugnabantur,
1234 1569 1295 1607 uti
1322 1575 1459 1608 narrat
1476 1569 1733 1608 Beluacensis
1755 1569 1794 1608 lil

284 1624 437 1664 XXXI.
454 1638 545 1678 cap.
567 1625 701 1664 CXLI.
762 1625 923 1674 Quanta
943 1632 1073 1665 autem
1099 1626 1224 1666 fuerit
1242 1626 1320 1665 hac
1347 1632 1476 1667 aetate
1496 1627 1705 1677 nobilitas,
1736 1641 1794 1665 ma

287 1682 454 1735 gnitudo
479 1690 518 1722 et
540 1682 746 1734 opulentia
769 1683 885 1734 regni
902 1683 1152 1737 Turcorum,
1185 1686 1336 1738 quique
1359 1690 1564 1738 magnates
1592 1685 1794 1724 eorumden

288 1740 468 1781 dominio
491 1740 662 1780 subiecti
691 1741 866 1792 suerint,
897 1743 1066 1793 exponit
1091 1743 1292 1795 capitibus
1311 1756 1423 1795 seqq.
1480 1756 1653 1782 DUCANG.

408 1801 505 1851 Pag.
534 1802 611 1847 41,
636 1802 676 1842 4.
734 1798 778 1840 Ὁ
795 1802 879 1840 τῶν
902 1796 1095 1852 Τούρκων
1114 1798 1299 1854 ἡγεμών]
1330 1799 1550 1839 Iathatines
1564 1799 1794 1839 AzatiniSuT

287 1857 374 1896 tani
403 1856 523 1896 filius.
565 1855 758 1911 Acropol.
793 1871 882 1911 cap.
913 1857 1016 1896 XLI.
1069 1858 1172 1898 Vide
1205 1857 1391 1898 Familias
1425 1864 1584 1897 nostras
1621 1859 1791 1897 Tureica

289 1929 465 1957 DUCANG.

410 1975 506 2027 Peg.
536 1975 612 2023 41,
643 1977 711 2017 22.
769 1968 889 2012 Μετοὲ
917 1973 1001 2012 τῶν
1039 1969 1231 2026 Τούρκων
1263 1971 1384 2015 ἐτέλει
1419 1969 1625 2026 σπονδάς]
1670 1972 1794 2021 Quibt

295 2030 458 2083 quidem
486 2029 707 2070 Vaiaclzius
726 2031 767 2070 in
791 2027 937 2070 CCCC
951 2027 1100 2070 lanceis
1119 2029 1332 2082 serviebat,
1362 2032 1541 2086 quotiens
1557 2029 1621 2070 vel
1639 2040 1794 2085 quantu]

293 2086 470 2136 volebat,
499 2089 559 2127 uti
590 2088 729 2127 scribit
755 2087 1011 2126 Beluacensis
1041 2088 1113 2126 lib.
1137 2089 1288 2131 XXXI.
1319 2103 1407 2141 cap.
1439 2089 1609 2130 CXLIV.
1633 2089 1794 2127 incertm

297 2159 348 2183 an
365 2159 416 2184 ex
439 2145 519 2184 hoc
538 2146 710 2195 foedere,
740 2159 842 2184 auno
871 2144 964 2184 Chr.
986 2145 1280 2188 MCCXXXIV.
1300 2159 1515 2200 percusso,
1545 2147 1612 2187 vel
1635 2150 1794 2199 sequent

296 2202 411 2242 iuxta
437 2204 716 2256 Acropolitam
743 2217 833 2255 cap.
850 2203 955 2242 XLI.
1012 2218 1187 2243 DUCANG.

410 2259 509 2314 Pag-
538 2264 618 2308 43,
653 2263 718 2303 18.
772 2256 836 2310 'Eg
865 2256 1106 2302 ἀλλοδαπῶν
1137 2261 1276 2316 ἐθνῶν
1303 2257 1532 2315 ἐνδύματα]
1585 2259 1687 2300 Vide
1718 2264 1794 2298 not-¹

300 2317 355 2358 ad
375 2319 554 2358 Zonarae
577 2318 648 2359 lib.
670 2319 724 2358 X.
745 2317 888 2358 Annal.
910 2333 950 2357 n.
970 2319 1155 2361 XXVIII.
1213 2314 1390 2358 nucAfiG.

415 2374 517 2430 Pag.
547 2378 627 2425 43,
657 2379 726 2418 24.
793 2380 828 2416 T
825 2379 883 2417 ὦν
901 2374 978 2431 γοῖρ
1000 2372 1258 2429 α’ναγκαίων]
1287 2376 1486 2415 Videntur
1507 2375 1549 2414 in
1569 2381 1745 2427 utroque
1765 2387 1794 2413 c<

301 2433 392 2473 dice
411 2446 552 2474 versus
570 2433 724 2486 aliquot
743 2433 902 2485 deesse,
933 2441 1054 2488 atque
1077 2433 1179 2475 haec
1206 2448 1259 2474 ex
1281 2434 1453 2488 abrupto
1480 2433 1756 2487 superioribus
1773 2445 1794 2470 a

303 2492 399 2532 texi.
454 2505 651 2533 WOLFIUS.

417 2548 517 2604 Pag.
547 2552 623 2595 4‘4,
657 2552 693 2591 1.
756 2546 813 2590 To?
835 2547 878 2590 δὲ
900 2544 1135 2602 ἐνδεχόμενα
1154 2551 1243 2599 ταῖς
1261 2551 1344 2591 τῶν
1361 2545 1564 2603 ἆρχόντων
1580 2544 1794 2589 ἀκολουθω

241 2642 243 2645 .
286 2620 371 2656 ,σιν
396 2603 594 2661 ὀρέξεσιν]
625 2605 720 2646 Νοη
747 2608 988 2646 necessariae
1006 2607 1232 2659 principum
1254 2606 1539 2660 cupiditatibus
1564 2614 1719 2658 parcnt.
1775 2603 1794 2643 I

308 2679 470 2718 quoque
491 2664 744 2714 vertendum,
775 2678 868 2715 non,
899 2675 935 2703 et
951 2662 1102 2704 subdiu·
1119 2674 1308 2718 quantum
1331 2663 1423 2705 licet
1434 2664 1658 2719 principum
1674 2676 1790 2717 sequa

307 2733 373 2761 tur
396 2721 642 2776 cupiditates.
679 2718 728 2761 τοὶ
756 2717 997 2775 ἐνδεχόμενα
1021 2735 1065 2760 ea
1094 2727 1198 2772 sunt,
1220 2736 1392 2774 quorum
1418 2735 1516 2761 usus
1548 2726 1609 2760 est
1634 2720 1770 2758 varius

308 2780 528 2821 mutabilis.
558 2779 659 2821 Vide
680 2779 751 2819 lib.
769 2778 856 2820 Vll.
884 2793 978 2833 pag·
1007 2782 1100 2825 160.
1128 2779 1171 2821 C.
1199 2779 1294 2820 item
1317 2779 1389 2820 lib.
1413 2779 1527 2820 XIX.
1559 2790 1649 2831 pag.
1676 2779 1771 2821 586.

309 2851 463 2879 amvm.
1331 2861 1333 2864 -
