1794 3172
245 128 349 178 706
666 130 983 177 NICEPHOBJ
1012 128 1338 174 GREGORAE

27 256 66 288 A.
86 255 133 287 Μ.
153 241 454 308 6852ᾀσμάτων
482 241 733 299 δημιουργὸς
765 238 899 298 λύραν
928 257 974 283 τε
1004 236 1221 296 ἡρμόσατο
1259 239 1488 297 ἐξεπίτηδες
1518 241 1614 294 καὶ,
1653 238 1741 284 οἷον

72 302 142 335 ¹⁰¹¹·
161 300 207 335 ¹2
251 317 410 365 πείθειν
433 311 619 362 ἅπαντας
647 311 800 366 ἀνέχειν
828 309 900 352 ἐπ’
927 309 1082 361 αὗτοῢ,
1122 303 1238 369 ᾆσμα
1263 308 1557 367 ἀνεκρούσατο.
1602 311 1670 352 καὶ
1689 306 1741 366 ἦν

249 385 300 430 τὸ
318 388 393 428 τοῦ
406 382 608 444 ᾄσματος·
645 379 830 437 ,,ἆ’νδρες
849 377 1012 438 (φησὶν)
1034 378 1073 421 οἳ
1094 380 1200 438 τῷδε
1222 382 1282 438 τῷ
1304 378 1462 439 δένδρῳ
1485 380 1552 422 καὶ
1571 382 1669 437 τῇδε
1688 384 1741 438 τῇ

251 458 349 514 σκιᾷ
373 448 657 510 προσεοικότες
687 449 885 505 ἀτεχνῶς,
932 445 1120 505 παρόσον
1150 452 1224 491 νῦν
1252 449 1328 503 μὲν
1361 447 1473 506 ὥρας
1503 449 1741 504 μετέχοντες

254 525 478 582 φαίνεσθε,
517 518 614 564 ὅσον
641 519 684 562 δ’
718 518 834 562 οὔπω
869 517 1026 574 ἇωριάς
1055 515 1363 575 ἕπιδραμούσης
1395 515 1616 574 οἷχήσεσθε
1636 518 1770 576 πρὸς-5

214 596 245 631 Β
252 589 478 649 μαρασμόν
501 607 545 633 τε
570 590 638 632 καὶ
662 588 857 646 φθορὰν,
897 589 1018 645 δεῦρο
1043 586 1095 642 δὴ
1114 588 1350 645 χαίρωμεν,
1388 589 1455 631 καὶ
1478 588 1743 645 ἔντρυφῶμεν

253 666 307 720 τῇ
328 659 500 716 νεότητι,
529 661 625 716 πρὶν
647 658 720 702 τὸν
742 656 934 701 θάνατον
953 657 1084 712 αὐτῆς
1104 655 1496 715 κατορχ>ήσασθαι.”
1533 655 1627 715 (Z.)
1653 657 1743 713 Τὴν

252 731 307 788 δὴ
328 727 524 785 τοιαύτην
543 727 699 783 μαθὼν
720 725 743 770 ὅ
766 728 1010 783 Μομιτίλας
1029 728 1074 770 ἐκ
1092 730 1176 770 τῶν
1194 724 1492 784 ἦμεροσκόπων
1512 726 1743 785 διατριβὴν,

253 797 420 858 ἔγγιστά
456 816 536 842 που
574 795 818 852 ποιούμενος
848 797 1078 853 ἐξεπίτηδες
1115 796 1193 847 τὰς
1233 796 1451 854 διατριβὰς
1486 798 1556 840 καὶ
1605 798 1757 854 φιλίαν-

253 867 598 928 ύποκρινῦμενος,
632 867 734 924 ἐξγνω
754 868 850 925 πρὶν
866 866 1153 923 ἀθροισθῆναι
1175 866 1224 910 τὸ
1253 865 1518 926 στράτευμα,
1558 868 1626 909 καὶ
1648 867 1744 924 πρὶν
1759 869 1794 906 1(

255 941 306 984 τό
339 942 482 998 δρᾶμα
510 938 582 982 τὸν
612 936 791 992 βασιλέα
820 931 1001 991 μαθεῖν,
1048 936 1275 988 ἐπιθέσθαι
1303 937 1342 981 οἳ
1371 936 1519 986 τελέως
1545 934 1746 994 ἀφροντι-

257 1014 438 1059 στοῦντι.
474 1009 518 1052 ἐν
548 1005 710 1057 τούτοις
738 1005 868 1050 ὄντων
905 1010 1127 1063 τοιγαροῦν
1163 1011 1248 1050 τῶν
1276 1004 1533 1065 πραγμάτων
1566 1006 1744 1059 ἐκείνοις,

219 1081 329 1127 enai
351 1083 425 1122 τοῦ
448 1075 565 1133 ἡλίου
581 1081 656 1133 τῆς
675 1074 832 1134 ἡμέρας
850 1075 930 1132 ἤδη
955 1076 1054 1127 τοὺς
1081 1076 1235 1131 μεταξὺ
1259 1074 1625 1134 παραλλάττοντος
1647 1073 1749 1132 δρό-

257 1166 367 1206 μους
374 1181 388 1202 ,
427 1147 660 1206 ᾇγγέλλεται
689 1147 932 1202 ΠΙομιτίλας
969 1144 1139 1202 ὁπλίτην
1178 1146 1358 1205 στρατὸν
1397 1143 1646 1204 ἐπαγόμενος
1680 1145 1748 1187 καὶ

260 1218 377 1269 ὅλαις
417 1215 551 1274 ἡνίαις
580 1214 762 1259 ἐλαύνων
789 1216 830 1266 ἐς
856 1215 904 1259 τὸ
936 1220 1011 1259 τοῦ
1042 1215 1246 1272 βασιλέως
1279 1213 1574 1275 στρατόπεδον.
1619 1218 1744 1258 τοῦτο
1761 1218 1794 1254 1Ξ

263 1287 423 1338 πάντας
441 1289 486 1331 ἐκ
509 1290 584 1330 τοῦ
607 1289 863 1344 παραχρῆμα
888 1285 1110 1343 λογισμοὺς
1136 1285 1324 1344 ἕθραυσέ
1347 1303 1392 1330 τε
1414 1286 1483 1329 καὶ
1505 1282 1751 1340 συνεκύκησε

260 1363 337 1403 τοῦ
370 1374 413 1401 τε
449 1356 653 1414 βασιλέως
696 1357 764 1399 καὶ
804 1353 918 1406 ὅσοις
956 1354 1029 1407 ’ξύν
1067 1373 1110 1414 γε
1141 1356 1255 1416 αὐτῷ
1292 1362 1482 1414 παρεῖναι
1518 1352 1748 1410 τετύχηκεν,

262 1425 567 1486 ἀπαρασκεύοις
597 1427 664 1469 καὶ
691 1423 880 1480 τούτοις,
919 1428 986 1469 καὶ
1015 1423 1123 1470 πάνυ
1156 1426 1381 1483 βραχέσιν,
1419 1426 1487 1469 καὶ
1515 1429 1590 1481 τῆς
1623 1422 1754 1480 τύχης

223 1496 376 1544 ῡοῧτω
402 1500 605 1553 λαμπρῶς
625 1493 877 1552 ἐλαυνούσης
907 1497 976 1540 καὶ
1003 1494 1280 1553 συνωθούσης
1299 1497 1342 1539 ἐν
1361 1498 1491 1554 στενῷ
1509 1495 1659 1551 κομιδῇ
1676 1497 1755 1549 τῆς

264 1566 378 1625 ὥρας
400 1567 447 1610 τὸ
471 1571 663 1624 πρᾶγμα,
700 1567 767 1608 καὶ
794 1567 1000 1621 μηδεμίαν
1025 1565 1120 1609 οὔδ’
1155 1563 1331 1610 ὁθενοῦν
1350 1563 1524 1621 ἐχούσης
1546 1563 1794 1622 διαφυγὴνΞ(

262 1639 332 1682 καὶ
353 1634 596 1695 ἀπόδρασιν.
636 1642 723 1686 τοΐς
750 1653 794 1678 τε
824 1636 904 1693 γὰρ
920 1637 1063 1686 ἵπποις
1082 1634 1163 1680 ἀνὰ
1181 1635 1256 1692 τὴν
1274 1633 1382 1679 πόαν
1402 1633 1755 1688 διεσκεδασμένοις

264 1707 464 1762 νέμεσθαι
492 1706 594 1762 τέως
620 1705 832 1760 συνέβαινε
847 1720 858 1730 ·
894 1707 963 1749 καὶ
989 1704 1078 1762 ἅμα
1100 1710 1176 1762 τῆς
1198 1709 1396 1764 στρατιᾶς
1417 1703 1466 1748 τὸ
1491 1704 1567 1759 μὲν
1586 1703 1644 1746 ἔτι
1663 1703 1756 1759 περὶ

266 1776 343 1833 τὴν
377 1779 636 1832 Κομοτηνῶν
669 1773 789 1819 πόλιν
819 1775 1146 1834 ἀπεριμερίμνως
1185 1775 1262 1827 τὰς
1292 1773 1447 1833 ἀγορὰς
1477 1770 1655 1831 περιῄει,
1701 1771 1757 1814 τὰ

269 1846 374 1905 πρὸς
397 1847 542 1904 χρείαν
573 1842 820 1901 ὠνούμενοι·
856 1845 906 1890 τὸ
937 1845 980 1889 δ’
1014 1845 1120 1898 ἐξιὸν
1150 1845 1224 1890 οὐκ
1256 1846 1299 1888 ἒν
1319 1846 1482 1903 σπουδῇ
1509 1842 1615 1901 πρὸς
1631 1846 1757 1897 βασι-

270 1969 339 2002 que
361 1956 411 1990 ibi
433 1967 598 2002 praesens
624 1956 763 2002 quidam
790 1956 1012 1992 citharoedus
1036 1959 1073 1992 et
1092 1957 1201 2002 lyram
1229 1955 1367 2001 aptavit
1385 1956 1570 1996 accurate,
1594 1955 1630 1988 et
1648 1952 1758 1999 pulsis

271 2004 397 2039 fidibus
422 2004 474 2037 ita
496 2003 643 2045 cecinit,
668 2007 708 2037 ut
727 2007 880 2038 attentos
904 2016 1019 2039 omnes
1042 2003 1109 2038 sibi
1128 2004 1270 2038 faceret.
1317 2003 1431 2036 Erant
1452 2007 1564 2035 autem
1585 2012 1677 2046 quae
1697 2011 1758 2033 ca-

272 2050 378 2085 nebat
394 2049 638 2084 huiuscemodi.
683 2050 743 2093 „0
766 2050 864 2093 vos,’⁷
887 2050 1019 2097 inquit,
1044 2050 1249 2093 „mox-tales,
1273 2049 1354 2084 huic
1373 2048 1491 2083 arbori
1509 2054 1546 2082 et
1561 2047 1641 2081 huic
1657 2057 1757 2092 pror-—

270 2109 332 2131 sus
358 2097 500 2130 umbrae
523 2096 671 2138 similes3
704 2102 873 2141 quatenus
899 2109 1020 2144 nempe
1043 2097 1079 2132 in
1100 2096 1224 2132 aetatis
1248 2095 1336 2130 flore
1365 2107 1442 2130 esse
1467 2093 1630 2129 videmini
1654 2105 1758 2135 nunc,

275 2155 353 2178 mox
374 2147 499 2185 autem,
521 2143 580 2177 ubi
597 2143 827 2188 importunum
844 2148 982 2190 tempus
1003 2143 1188 2190 ingruerit,
1212 2141 1432 2178 marcescetis
1448 2146 1555 2187 atque
1572 2141 1617 2175 ad
1635 2139 1760 2174 interi-

274 2195 350 2224 tum
374 2189 595 2234 redigemini=
626 2191 695 2224 huc
719 2190 833 2235 agite,
855 2191 957 2236 genio
977 2191 1232 2236 indulgeamus,
1259 2201 1300 2223 ac
1318 2189 1549 2230 iuventutem,
1573 2191 1758 2233 antequam

276 2236 311 2271 ei
329 2247 418 2270 mors
438 2236 592 2277 insultet,
615 2235 650 2269 in
668 2236 802 2271 deliciis
820 2237 1075 2272 traducamus.''
1106 2237 1224 2283 (VII.)
1243 2236 1327 2270 Cum
1345 2236 1394 2272 ibi
1411 2236 1651 2281 imperatorem
1667 2245 1761 2267 corn-

277 2282 403 2317 morari
425 2294 444 2316 e
462 2282 734 2328 speculatoribus
761 2283 940 2318 didicisset
958 2284 1167 2327 Momitilas,
1192 2283 1252 2330 qui
1279 2283 1433 2328 proxime
1453 2285 1489 2316 et
1507 2281 1585 2326 ipse
1604 2280 1775 2315 consulto·

277 2330 483 2364 versabatur
513 2328 760 2374 amicitiamque
792 2330 993 2374 simulabatg
1035 2331 1211 2373 decrevit,
1249 2329 1445 2375 priusquam
1472 2327 1643 2362 exercitus
1668 2329 1762 2361 esset

277 2379 522 2421 congregatuS,
543 2375 782 2420 imperatorem
801 2379 949 2412 nondum
966 2390 1109 2423 gnarum
1131 2377 1205 2412 eius
1223 2376 1372 2417 fabulae,
1399 2387 1488 2421 quae
1507 2374 1694 2420 agebatur,
1719 2383 1762 2407 ac

277 2423 328 2457 nil
353 2422 425 2456 tale
451 2426 658 2457 metuentem
682 2422 823 2457 adoriri.
872 2424 958 2458 Cum
983 2425 1052 2459 illis
1075 2425 1197 2470 itaque
1218 2435 1259 2458 eo
1281 2423 1317 2457 in
1340 2426 1434 2456 statu
1455 2432 1538 2455 suae
1557 2431 1614 2454 res
1633 2423 1763 2460 essent,

276 2469 360 2505 solis
379 2480 482 2503 cursu
504 2468 570 2502 iam
589 2468 764 2503 meridiem
782 2474 1054 2515 praetergresso,
1078 2471 1271 2512 nunciatur,
1292 2468 1494 2505 Momitilam
1514 2478 1591 2501 cum
1607 2466 1762 2501 exercitu

276 2515 399 2551 venire
421 2515 524 2550 armis
543 2515 735 2557 instructo,
761 2520 796 2550 et
814 2516 901 2551 laxis
921 2517 966 2551 ad
987 2517 1207 2564 imperatoris
1231 2520 1348 2551 castra
1370 2514 1512 2550 habenis
1539 2512 1764 2548 contendere.

277 2563 320 2598 Id
341 2573 457 2598 omnes
475 2562 666 2607 derepente
684 2562 812 2596 animos
828 2563 975 2608 perculit
993 2568 1028 2598 et
1044 2563 1288 2605 conturbavit,
1311 2566 1384 2596 tum
1402 2561 1515 2606 ipsius
1532 2558 1764 2606 imperatorie,

278 2614 350 2644 tum
369 2609 515 2644 omnium
534 2608 682 2651 illorum,
701 2608 761 2654 qui
779 2620 853 2643 cum
875 2621 915 2643 eo
934 2610 1025 2645 forte
1042 2611 1197 2650 aderant,
1212 2608 1374 2655 imparati
1392 2611 1429 2642 et
1445 2607 1515 2653 ipsi
1533 2611 1569 2641 et
1577 2604 1766 2652 perpauci3

277 2657 419 2691 fortuna
440 2660 509 2690 tam
526 2659 649 2701 aperte
666 2667 723 2689 res
743 2655 907 2701 adigente
925 2661 961 2691 et
977 2657 1204 2702 compellente
1221 2656 1258 2691 in
1279 2666 1354 2690 eam
1373 2653 1540 2700 temporis
1557 2652 1764 2699 angustiam,

280 2714 393 2748 neque
416 2702 520 2736 ullum
545 2713 751 2747 quacunque
773 2713 815 2736 ex
833 2707 932 2748 parte
953 2703 1117 2749 effugium
1140 2707 1202 2738 aut
1223 2706 1399 2748 receptum
1424 2701 1627 2746 praebente.
1674 2699 1766 2733 Nam

279 2755 318 2785 et
337 2749 416 2795 equi
434 2761 498 2794 per
521 2749 660 2782 herbam
688 2747 838 2794 dispersi
862 2753 933 2783 tum
958 2750 1051 2785 forte
1074 2751 1284 2796 pascebant3
1307 2753 1344 2782 et
1363 2746 1462 2782 simul
1478 2758 1521 2781 ex
1538 2746 1683 2780 militum
1701 2756 1766 2780 nu-

282 2807 376 2831 mero
396 2796 456 2831 alii
477 2794 613 2841 quidem
641 2794 754 2829 adhuc
778 2794 815 2829 in
834 2796 922 2829 urbe
941 2795 1202 2831 Comotenorum
1225 2794 1336 2830 securi
1362 2795 1440 2829 fora
1456 2792 1700 2834 circumibant,
1716 2789 1767 2825 'ea

283 2854 374 2891 quae
398 2842 476 2879 usui
493 2845 610 2879 essent.
635 2841 875 2890 emptitantes:
899 2842 960 2890 qui
980 2846 1093 2881 autem
1113 2841 1247 2891 egressi
1263 2844 1384 2886 erant,
1409 2841 1452 2877 ab
1470 2839 1515 2876 iis
1531 2839 1669 2876 minime
1686 2849 1767 2886 pro-
