1794 3172
332 167 653 216 HISTORIAE
672 168 1048 216 BYZANTINAE
1078 167 1243 216 XVIII.
1261 177 1299 218 1.
1461 166 1562 218 875

76 276 278 335 ἶίρχοντος
298 276 525 336 βούλησιν,
560 277 655 324 τότε
681 278 972 337 συμφέρεσθαι
993 281 1062 324 καὶ
1089 278 1161 325 τὸν
1180 278 1360 339 ἄρχοντα
1372 283 1457 341 χρὴ
1475 291 1562 336 τοῖς
1583 295 1622 331 A.
1633 297 1671 329 c.
1689 295 1780 334 1350

75 345 230 391 οὑτωσὶ
250 350 492 406 φερομένοις
504 363 515 374 ·
551 347 652 392 ὅταν
675 350 701 391 δ
709 348 721 364 ²
746 350 884 406 ἕτερον
898 351 974 404 μὲν
991 349 1045 393 τὰ
1064 347 1287 407 πράγματα
1305 350 1463 409 δρόμον
1476 343 1775 424 βα-[Πὶξέυέῗῖω

77 418 193 474 δίζῃ,
229 418 368 476 ἕτερον
402 418 447 462 δ’
482 416 509 475 ἦ
539 423 616 462 τοῦ
642 415 842 474 ἡγεμόνος
866 417 1088 475 βούλησις,
1117 415 1211 463 τότε
1238 420 1321 479 χρὴ
1348 421 1427 465 τάν
1443 422 1596 483 μέσῳΒ
1691 413 1700 422 ’

75 485 260 530 κάκεῖνον
288 488 604 545 παρατρέχοντα
632 491 685 545 τῇ
711 491 788 543 τῆς
809 488 1055 545 αὖθεντικῆς
1068 487 1307 546 βουλήσεως
1319 493 1437 553 χρείᾳ
1447 496 1559 547 μᾶλ-

39 555 196 611 5λονῆ
219 561 278 614 τῷ
298 561 383 600 τῶν
409 558 601 612 κειμένων
628 555 813 600 κανόνων
844 556 932 600 ἔθει
962 558 1264 615 συμφέρεσθαι.
1303 562 1350 604 τὸ
1381 563 1457 615 μὲν
1477 562 1558 621 γὰρ

72 622 316 681 ἡγεμονίας,
347 626 395 669 τὸ
428 628 473 669 δὲ
495 627 681 677 δουλείας
712 625 813 669 εἶναι
841 634 1032 682 σημεῖον·
1070 626 1225 671 ι’ίτοπον
1251 624 1325 672 οὖν
1353 630 1558 675 δουλεύειν

74 691 239 747 ἑκόντα,
288 689 321 753 ᾧ
351 695 404 738 τὰ
427 700 506 749 τῆς
534 693 751 752 ἡγεμονίας
780 695 932 739 ἀνεῖται
964 700 1166 754 σκῆπτρα.
1218 697 1287 741 διὰ
1319 699 1370 755 δὴ
1405 705 1552 756 ταῦτα,

72 763 200 821 μικροὶ
220 768 302 807 τῶν
324 763 460 808 ἄλλων
490 767 738 823 φροντίσας,
778 766 960 823 ἕπε’ραινε
983 764 1062 823 ὅσα
1082 766 1195 825 αὐτῷ
1214 784 1258 810 τε
1276 770 1345 811 καὶ
1366 771 1558 831 Παλαμᾷ

72 833 178 888 πρὸς
196 831 435 889 βουλήσεως
463 830 528 891 ἦν.
564 836 640 890 μία
662 834 741 892 γὰρ
773 829 825 890 ἦν
847 835 961 894 αὐτῷ
981 837 1048 878 καὶ
1067 843 1154 886 τοῖς
1177 835 1286 894 ἀμφὶ
1306 837 1378 880 τὸν
1399 842 1594 884 Haza-c

16 907 157 957 Ιομᾶν
187 900 213 959 ἦ
237 901 449 959 βούλησις.
501 903 600 964 (Η.)
631 903 793 954 Δεδιιὺς
827 904 869 947 δ’
903 903 1015 958 ὅμως
1046 906 1115 948 καὶ
1141 905 1218 955 τὰς
1242 910 1326 950 τῶν
1355 909 1555 952 πλείστων

71 973 304 1028 λοιδορίας,
344 973 394 1015 αἳ
408 973 486 1016 κάν
511 980 604 1024 ταῖς
631 973 801 1032 ἀγοραῖς
820 973 968 1030 ἀνέδην
991 975 1277 1019 ἐκαλινδοῦντο
1288 1009 1302 1029 ,
1336 975 1386 1019 τὸ
1403 994 1557 1035 τυραν-

70 1041 183 1084 νικὸν
205 1044 272 1084 καὶ
299 1043 438 1097 βίαιον
457 1043 702 1100 ἒγκαλοῦσαι
730 1047 805 1099 τῆς
837 1045 1036 1097 πίστεως,
1068 1044 1231 1099 βέλτιον
1253 1042 1436 1100 ἐνόμισεν
1454 1046 1561 1091 εἶναί

73 1110 138 1164 οἳ,
182 1113 250 1154 καὶ
279 1109 455 1155 σύνοδον
493 1116 771 1170 συγκροτῆσαι
803 1112 872 1155 διὰ
907 1117 990 1156 τῶν
1022 1114 1086 1155 ἐπὶ
1122 1112 1293 1174 Θρᾴκης
1324 1114 1556 1161 ἐπισκόπων

71 1178 289 1237 προϊόντος
308 1185 382 1224 τοῦ
408 1180 586 1239 χρόνου,
622 1183 690 1224 καὶ
711 1184 838 1233 δεῖξαι
861 1182 903 1232 ἐς
925 1177 1136 1240 προῦπτον
1153 1184 1206 1227 τὰ
1230 1190 1462 1242 καινοφανῆ
1481 1191 1556 1230 τοῦ

14 1258 59 1295 15
70 1252 261 1305 Παλαμᾶ
280 1250 339 1307 μὴ
362 1253 544 1308 αἰσχρῶς
570 1251 671 1307 ἔχειν
691 1249 878 1308 δόγματα
892 1265 902 1276 ·
941 1249 997 1303 ὥς
1018 1250 1070 1295 ἂν
1090 1255 1147 1303 εἷς
1165 1254 1343 1304 πολλοὺς
1355 1255 1556 1313 χεομένης

71 1320 139 1362 καὶ
163 1321 504 1377 διασκιδναμένης
528 1325 605 1378 τῆς
633 1325 716 1364 τῶν
734 1319 933 1365 τοιούτων
960 1319 1226 1379 ἐγκλημάτων
1254 1325 1489 1380 λοιδορίας,
1523 1325 1595 1382 ἢΙ)

71 1388 295 1445 ἇπιστῆται
327 1389 565 1434 παντάπασι
589 1388 615 1447 ἦ
646 1392 888 1446 καινοτομία
916 1395 993 1447 τῆς
1011 1393 1207 1446 πίστεως,
1240 1391 1268 1448 ἢ
1288 1391 1337 1436 τό
1355 1410 1398 1450 γε
1417 1392 1556 1437 δεύτε-

72 1475 145 1514 ρον
171 1452 298 1514 ἧττον
330 1463 463 1517 λυπῇ,
495 1460 555 1517 μὴ
579 1459 685 1518 πρὸς
714 1460 782 1503 ἵνα
815 1459 942 1503 αὐτὸν
975 1460 1037 1503 ἀεὶ
1065 1461 1312 1516 κινουμένων
1334 1467 1418 1506 τῶν
1446 1462 1554 1507 ὅλων

69 1531 291 1584 γλωσσῶν,
331 1528 427 1571 ἀλλ’
462 1530 503 1580 ἐς
537 1531 752 1579 πλείστους
774 1528 856 1585 ἤδη
877 1529 1163 1586 μεριζομένων.
1215 1529 1321 1574 ἀλλὰ
1354 1529 1480 1576 τοῦτό
1509 1549 1554 1590 γε

12 1596 168 1652 Ξοῆνία
191 1597 264 1640 τὸν
283 1600 499 1653 Παλαμᾶν
511 1631 525 1652 ,
554 1598 702 1654 ἥκιστα
729 1597 1086 1656 παρρησιάζεσθαι
1108 1597 1207 1649 τοὺς
1229 1603 1303 1655 τῆς
1322 1599 1451 1643 αὐτοῦ
1472 1619 1550 1644 κα-

70 1667 162 1716 κίας
190 1666 375 1722 ἐλέγχους
411 1666 664 1723 βουλόμενον
672 1700 685 1720 ,
732 1666 832 1710 ἀλλ’
872 1669 1109 1720 ἐπιβουλαῖς
1138 1667 1200 1711 ἀεὶ
1229 1671 1299 1711 καὶ
1337 1671 1552 1723 διαβολαῖς

71 1733 302 1792 ἀφθόγγοις
323 1735 376 1778 τὰ
398 1741 482 1779 τῶν
509 1738 698 1794 διωγμῶν
718 1737 877 1779 ἐκείνων
895 1737 982 1793 εἷ’δη
1006 1736 1064 1779 δι’
1089 1736 1226 1780 ἄλλων
1235 1769 1250 1790 ,
1282 1738 1350 1780 καὶ
1369 1737 1552 1792 μάλιστα

70 1808 155 1848 τῶν
173 1806 215 1848 ἐν
235 1806 451 1860 ἐξουσίαις,
482 1804 622 1865 κρύφα
643 1806 847 1849 ἐπιτελεῖν.
886 1805 949 1850 διὸ
967 1807 1037 1866 καὶ
1059 1804 1423 1864 προφασισάμενος
1446 1807 1591 1852 ἅλλαΕ

71 1992 140 2027 que
157 1980 398 2028 opportunitas
415 1983 634 2019 accommoda
655 1982 823 2030 principis
847 1983 1038 2028 voluntati,
1067 1982 1174 2019 toties
1202 1982 1391 2030 principem
1419 1982 1550 2020 debere

69 2029 238 2063 eiusmodi
258 2040 369 2063 rerum
392 2041 528 2064 cursum
544 2042 711 2066 concursu
733 2043 793 2065 suo
820 2030 1008 2065 adiuvare:
1031 2042 1106 2066 cum
1125 2035 1238 2066 autem
1258 2030 1326 2066 alio
1346 2042 1402 2065 res
1422 2042 1550 2076 verge-

68 2080 160 2116 rent,
178 2075 245 2110 alio
257 2075 422 2121 principis
440 2077 615 2119 voluntas,
633 2082 717 2111 tunc
728 2083 890 2124 oportere
907 2077 1061 2119 eundem,
1084 2077 1228 2112 caeteris
1245 2077 1348 2112 rebus
1366 2077 1549 2123 neglectis,

69 2122 231 2167 propriae
250 2121 436 2156 voluntatis
451 2122 617 2158 rationem
638 2125 753 2168 potius
774 2135 874 2169 quam
891 2123 1152 2159 constitutarum
1171 2124 1364 2169 regularum
1382 2135 1476 2158 usum
1490 2135 1547 2158 se-

69 2167 142 2212 qui.
175 2168 316 2213 Quippe
334 2169 418 2202 illud
436 2169 572 2214 imperii
591 2181 680 2212 esse,
699 2171 764 2205 hoc
779 2182 864 2204 vero
894 2170 1082 2205 servitutis.
1115 2170 1309 2205 Absurdum
1330 2181 1435 2215 porro
1453 2181 1545 2212 esse,

70 2224 177 2259 penes
197 2225 298 2260 quem
317 2221 486 2259 sceptrum
507 2216 760 2261 imperatorium
786 2217 898 2258 foret,
923 2228 997 2251 eum
1017 2218 1108 2252 ultro
1127 2218 1270 2252 servire.
1318 2216 1384 2251 His
1401 2216 1445 2250 de
1462 2227 1547 2250 cau-

70 2259 132 2301 sis,
148 2271 266 2306 parurn
283 2261 327 2295 de
346 2261 424 2295 aliis
446 2261 623 2304 sollicitus,
651 2274 876 2308 quaecunque
894 2263 969 2308 ipse
985 2269 1022 2298 et
1038 2263 1196 2300 Palamas
1214 2263 1290 2299 fieri
1309 2265 1485 2308 cuperent,
1503 2273 1547 2296 ea

70 2307 336 2352 exsequebatur.
360 2307 440 2342 Una
455 2309 582 2354 quippe
603 2314 680 2343 erat
699 2308 771 2343 eius
793 2314 830 2344 et
845 2309 1005 2344 PaJamae
1017 2310 1188 2346 voluntas.
1233 2309 1368 2354 (vlu.)
1386 2309 1546 2342 Attamen

6 2366 10 2368 -
69 2351 202 2386 veritus
220 2353 313 2397 vulgi
330 2354 503 2396 convitia,
527 2366 616 2400 quae
635 2360 671 2389 et
695 2356 821 2390 circum
839 2356 914 2390 fora
932 2355 1105 2391 liberrime
1126 2356 1365 2397 iactabantur‚
1389 2359 1426 2389 et
1444 2353 1546 2387 Fidei

69 2398 283 2442 tyrannicam
300 2399 549 2446 violentamque
570 2401 826 2447 oppressionem
845 2402 1131 2445 criminabantur,
1156 2402 1265 2437 satius
1286 2400 1352 2435 sibi
1371 2401 1447 2434 fore
1466 2410 1545 2433 cre-

69 2444 177 2486 didit,
201 2446 411 2490 procedente
438 2451 591 2493 tempore
611 2447 788 2482 concilium
812 2448 910 2494 cogi,
935 2449 1108 2495 episcopis
1125 2449 1184 2495 qui
1200 2448 1237 2482 in
1257 2446 1412 2482 Thracia
1427 2448 1544 2479 essent

69 2493 290 2533 convocatis3
314 2496 418 2538 atque
434 2492 506 2528 illic
526 2494 636 2539 palam
658 2494 848 2536 declarari,
871 2506 992 2530 novam
1013 2495 1104 2530 illam
1122 2495 1334 2534 doctrinam,
1359 2502 1459 2546 quam
1477 2491 1543 2525 Pa-

67 2536 174 2571 lamas
190 2536 396 2580 invexisset,
421 2551 487 2574 non
507 2552 584 2574 esse
601 2551 741 2586 pravam
759 2552 800 2576 ac
818 2541 974 2584 foedam3
998 2546 1038 2576 ut
1057 2542 1269 2576 obiectorum
1289 2539 1460 2573 crimmum
1484 2548 1543 2571 ca-

67 2581 234 2617 lumniosa
249 2584 456 2620 refutatione
473 2586 578 2620 latius
603 2587 727 2621 diffusa
743 2598 785 2622 ac
802 2587 1000 2633 divulgata,
1022 2588 1079 2623 vel
1100 2599 1239 2633 prorsus
1266 2584 1358 2619 haud
1381 2584 1544 2618 credere-

68 2632 129 2662 tur
145 2629 337 2664 innovatam
355 2631 464 2666 fuisse
482 2633 584 2667 Fidei
602 2633 802 2675 doctrinam,
827 2633 883 2668 vel
900 2634 1021 2669 saltem
1037 2634 1145 2669 minus
1163 2633 1221 2668 isti
1238 2630 1540 2671 dolendumesset,

68 2685 143 2709 cum
165 2675 310 2710 omnium
339 2676 477 2722 linguae
503 2690 571 2713 non
597 2691 699 2714 unum
725 2691 799 2714 eum
825 2685 991 2726 perpetuo
1009 2680 1202 2726 petiturae,
1227 2677 1288 2713 sed
1317 2675 1480 2720 deinceps
1501 2686 1542 2709 se

68 2720 236 2755 adversus
257 2721 416 2776 plurimos
438 2731 638 2761 exserturae
656 2731 781 2760 essent.
814 2726 941 2761 Verum
962 2727 999 2761 id
1027 2726 1164 2773 quidem
1182 2726 1352 2760 Palamam
1378 2721 1543 2774 angebat,

68 2770 188 2811 utpote
213 2779 272 2812 qm
299 2769 462 2805 malitiam
488 2783 581 2806 suam
606 2773 716 2818 palam
746 2771 909 2818 redargui
936 2772 1073 2808 minime
1103 2772 1228 2814 vellet,
1257 2769 1319 2803 sed
1349 2767 1543 2820 insidiis-et

68 2812 183 2846 surdis
198 2814 506 2852 obtrectationibus
521 2829 597 2852 cum
616 2830 679 2864 per
694 2818 802 2861 alios,
824 2824 897 2854 tum
925 2831 989 2865 per
1013 2818 1207 2865 principes,
1231 2813 1329 2851 varia
1351 2812 1545 2868 899ρῦωο-

68 2868 144 2894 rum
157 2870 287 2906 genera
305 2860 492 2900 clanculum
508 2863 697 2902 decernere
715 2869 873 2913 cuperet.
920 2866 1150 2909 Quamobrem
1171 2863 1240 2900 alia
1266 2871 1310 2896 ex
1335 2859 1412 2896 aluo
1439 2869 1543 2906 prae-
