1754 3164
594 168 1074 215 ANNOTATIONES.
1460 166 1591 216 1225

171 275 264 327 Pag.
293 275 397 323 293,
430 276 468 317 1.
529 275 837 324 Κωνσταντῖνος
859 272 904 316 δὲ
925 273 948 317 ὅ
974 270 1192 328 δεσπότης]
1232 275 1443 319 Cantacuz.
1472 279 1542 322 lib.
1560 280 1590 319 Ι.

55 343 143 383 cap.
170 334 207 373 1.
250 331 350 370 Vide
374 338 539 371 stemma
564 333 790 384 Palaeolog.
816 346 904 385 pag.
927 334 1024 376 235.
1080 346 1257 372 numne.

171 390 267 441 Pag-
301 391 405 438 293,
438 393 478 432 1·
538 385 604 431 'Ex
628 392 701 444 τῆς
722 390 918 445 προτέρας
936 387 1151 444 γυναικὸς]
1182 389 1280 430 Vide
1302 391 1373 433 lib.
1393 391 1479 436 VII.
1498 407 1589 448 cap.

53 444 103 485 V.
124 450 221 483 sect.
247 449 283 488 1.
340 459 499 487 nomm.

170 503 266 553 Pag.
296 503 402 552 294,
433 508 501 547 20.
532 499 738 551 Εὕδοκίας
761 504 1109 557 Παλαιολογίνης]
1139 504 1445 546 Neocaesaritae
1466 507 1591 547 Primi

54 573 77 597 a
99 559 264 597 secretis
285 558 410 609 filiae,
442 560 691 599 Constantini
714 561 938 612 palaeologi
960 562 1158 614 Despotae
1179 562 1338 611 uxoris,
1369 577 1416 602 ae
1434 578 1484 603 ex
1510 565 1590 604 alio

55 615 318 654 Constantino
347 623 433 656 tum
454 618 620 665 viduae,
651 618 759 657 unde
781 616 1069 670 Palaeologina
1090 618 1157 657 hic
1183 620 1508 672 cognominatur,
1538 636 1591 662 ex

52 672 191 726 priore
217 673 416 723 coniugio.
448 675 548 713 Vide
570 675 678 713 idem
701 680 878 714 stemma.
939 689 1116 717 Ducam.

170 731 266 782 Pag.
298 730 402 780 294,
434 733 502 774 23.
532 730 811 784 ’Τπηρετικοῑς
835 733 1084 785 παιδαρίοις]
1115 733 1462 783 Adolescentibus,
1487 748 1589 787 quos
1643 769 1646 772 Δ

54 782 399 839 ἅρχοντοπούλους
438 789 659 838 vocabant,
708 788 825 837 νέους
857 792 940 829 τῶν
969 785 1244 844 εὐπατριδῶν,
1286 792 1590 832 Cantacuzenus

53 844 125 883 lib.
155 843 202 885 ΙΙ.
236 857 322 896 cap.
348 843 416 887 40.
446 845 565 894 νέους
599 849 682 885 τῶν
710 842 1017 900 εὐγενεστέρων,
1046 847 1116 889 lib.
1146 848 1214 888 111.
1249 861 1336 901 cap.
1363 848 1431 892 43.
1489 849 1591 891 Vide

57 901 189 940 Gloss.
213 901 317 940 med.
339 901 514 942 Graecit.
535 904 575 941 in
603 901 679 940 hac
705 916 820 943 voce.
878 917 1056 944 mmmm.

171 961 266 1012 Pag.
296 958 401 1008 295,
434 963 501 1003 10.
560 960 605 998 Id
626 959 735 1012 quod
755 959 890 998 deerat
911 960 953 998 in
976 961 1149 1000 editione
1176 960 1393 1012 Wolfiana,
1424 965 1590 1016 supple-

54 1015 188 1054 vimus
218 1029 268 1054 ex
295 1015 443 1055 Codice
473 1016 608 1068 Regio.
663 1016 743 1056 Sed
775 1023 815 1055 et
844 1017 1073 1056 Fridericus
1104 1018 1411 1070 Rostgaardius,
1444 1021 1590 1061 nobilis

55 1073 209 1122 Dauus,
240 1073 305 1111 cui
337 1079 376 1112 et
401 1088 462 1113 me
487 1081 526 1113 et
548 1075 765 1124 Gregoram
791 1075 916 1112 multa
948 1074 1093 1113 debere
1123 1075 1166 1113 in
1197 1076 1445 1127 praefatione
1468 1075 1590 1118 huius

57 1130 191 1182 operis
211 1130 418 1182 professus
438 1145 546 1181 sum,
575 1131 681 1170 idem
701 1130 782 1169 hoc
803 1132 1146 1184 supplementum,
1177 1146 1228 1171 ex
1251 1133 1399 1172 Codice
1424 1134 1591 1174 Vatica-

55 1201 107 1226 no
138 1187 406 1240 descriptum,
455 1190 579 1227 Roma
617 1187 668 1226 ad
699 1203 762 1227 me
796 1189 923 1227 misit:
966 1204 1012 1228 ac
1041 1189 1278 1241 iampridem
1317 1190 1421 1229 illud
1456 1192 1590 1243 ipsum

56 1243 193 1297 Steph.
217 1245 406 1284 Baluzius
429 1259 480 1285 ex
502 1246 642 1286 eodem
661 1246 761 1286 Cod.
785 1246 960 1285 describi
989 1253 1198 1286 curaverat
1218 1247 1259 1286 in
1286 1259 1405 1287 usum
1424 1249 1590 1289 Ducan-

57 1301 123 1353 gii.
180 1315 336 1342 Bolvm.

173 1361 268 1413 Pag.
300 1363 404 1409 296,
435 1363 504 1403 20.
542 1357 683 1413 Πατὴρ
709 1357 753 1401 δὲ
780 1363 860 1400 τῶν
883 1359 925 1401 ἔκ
945 1357 1152 1413 Κομᾶνων
1174 1359 1388 1413 ἐπίσημος,
1418 1364 1460 1403 οἳ
1479 1361 1590 1416 παραὶ

55 1418 138 1456 τῶν
159 1415 367 1471 ὕπερβορ.]
399 1417 585 1456 Petavius
608 1423 796 1466 verterat,
828 1417 950 1456 Pater
969 1432 1059 1456 vero
1083 1434 1104 1456 e
1122 1417 1308 1456 Comanis
1327 1418 1518 1459 oriundus
1540 1419 1590 1459 il-

57 1471 173 1511 lustri
194 1467 296 1514 loc'o.
334 1473 471 1513 Ambo
499 1472 634 1527 (pater
656 1475 820 1523 scilicet,
845 1484 880 1512 et
896 1471 1056 1528 marm)
1075 1489 1164 1513 vero
1182 1484 1273 1512 anie
1296 1473 1442 1515 multos
1464 1492 1590 1517 annos

57 1544 111 1568 ex
131 1528 397 1585 Hyperboreis
416 1529 583 1580 Scythis,
614 1533 674 1570 uti
693 1546 812 1584 supra
840 1532 1149 1580 memoravimus,
1180 1529 1235 1569 acl
1255 1529 1441 1570 Ioannem
1469 1535 1590 1587 impe-

57 1596 227 1624 rator-em
247 1603 326 1626 sese
347 1586 639 1630 transtulerant.
703 1588 965 1636 vertendum,
996 1588 1050 1626 ita
1073 1594 1118 1625 ut
1142 1587 1361 1637 edidimus,
1395 1592 1510 1628 Pater·
1540 1589 1588 1629 il-

57 1641 174 1682 lustri
202 1642 291 1683 loco
314 1642 502 1683 oriundus
519 1661 538 1683 e
567 1642 764 1693 Comanis,
794 1642 878 1683 illis
897 1642 1060 1691 scilicet,
1091 1645 1159 1698 qui
1185 1654 1275 1683 ante
1293 1643 1438 1684 multos
1463 1661 1589 1686 annos

57 1714 112 1739 ex·
134 1698 398 1754 Hyperboreis
416 1699 575 1752 Scythis
582 1731 594 1750 ,
618 1709 692 1741 etc,
754 1701 786 1739 N
791 1715 840 1739 on
860 1702 1009 1751 legerat
1029 1701 1217 1739 Petavius
1245 1715 1290 1740 ea
1315 1715 1415 1753 quae
1435 1702 1484 1742 de
1504 1703 1588 1742 Co·-

57 1757 185 1795 manis
209 1758 355 1811 scripta
378 1764 471 1796 sunt
492 1773 612 1810 supra
634 1758 702 1797 lib.
726 1758 776 1796 11.
797 1772 886 1810 cap.
912 1758 955 1799 V.
985 1764 1081 1799 sect.
1100 1763 1158 1801 2.,
1197 1772 1354 1799 Bo1vm.

175 1817 271 1869 Pag.
302 1818 407 1864 296,
440 1819 506 1858 22.
548 1810 714 1870 Ἰωάννῃ
732 1818 786 1871 τῷ
808 1816 966 1867 βασιλεῖ
983 1810 1320 1869 προσεῤῥύησαν]
1350 1815 1414 1854 Ad
1436 1817 1587 1856 Ducam

58 1871 224 1911 scilicet.
256 1872 355 1911 Vide
374 1886 497 1924 supra
516 1872 586 1912 lib.
609 1872 657 1910 ΙΙ.
681 1886 766 1924 cap.
791 1872 838 1911 V.
860 1878 953 1912 sect.
975 1877 1014 1915 2.
1074 1885 1224 1911 notvls.

170 1927 267 1983 Pag.
296 1931 399 1978 301,
432 1931 472 1971 8.
527 1927 572 1969 Ὁ
589 1927 662 1980 μὲν
679 1932 731 1984 τῇ
760 1931 834 1969 τοῦ
855 1925 1029 1982 μεγάλου
1059 1927 1241 1983 παπίου]
1272 1929 1329 1968 De
1348 1928 1426 1968 hac
1454 1930 1588 1982 Magni

57 1985 225 2037 Papiae,
262 1993 301 2024 et
321 1986 408 2024 aliis
430 1985 498 2024 hic
518 1986 745 2025 memoratis
760 1986 948 2039 palatinis
969 1986 1248 2038 dignitatibuS,
1278 1986 1430 2038 agimus
1443 1987 1486 2026 in
1499 1989 1587 2029 eod.

61 2043 189 2082 Gloss.
247 2057 423 2082 nocane.

176 2102 273 2152 Pag.
304 2102 412 2149 303,
445 2102 511 2142 11.
569 2097 614 2140 ‘O
646 2099 782 2152 μέντοι
812 2098 1031 2154 λογοθέτης
1056 2103 1130 2142 τοῦ
1161 2100 1350 2155 γενικοῦ]
1389 2101 1588 2141 Theodo-

58 2170 128 2196 rus
159 2156 397 2206 Metochita,
437 2171 459 2193 a
489 2169 569 2207 quo
604 2157 867 2196 instauratum
899 2157 1054 2198 Chorae
1088 2159 1394 2209 monasterium,
1425 2173 1587 2199 rursum

60 2227 146 2265 cap.
169 2227 253 2266 seq.
280 2220 326 2253 ut
355 2220 393 2252 et
416 2214 604 2252 docemus
630 2214 671 2252 in
697 2214 998 2268 constantinop.
1029 2215 1174 2257 Christ.
1198 2216 1269 2257 lib.
1289 2216 1358 2255 1V.
1381 2223 1476 2258 sect.
1497 2217 1585 2256 XV.

58 2285 99 2309 n.
122 2271 160 2313 5.
217 2285 388 2310 nocane.

177 2330 273 2380 Pag.
303 2331 409 2378 303,
442 2330 506 2371 18.
570 2325 653 2380 Τήν
672 2327 713 2376 ἐξ
745 2327 914 2382 ἑσπέρας
946 2329 1193 2384 παννυχίδα]
1223 2331 1444 2383 Interpres,
1473 2344 1499 2367 a
1523 2343 1586 2366 ve-

60 2398 172 2438 spera
192 2383 247 2422 ad
270 2396 464 2425 nocturna
484 2399 600 2425 sacra
620 2383 694 2423 illa
713 2383 761 2424 de
780 2401 887 2424 more
906 2388 1091 2426 accessit.-
1122 2389 1428 2435 emendavimus,
1457 2382 1512 2423 ad
1526 2398 1586 2422 ve-

60 2454 197 2494 sperae
213 2440 324 2480 illius
352 2440 523 2495 vigilias.
555 2455 729 2480 nocane.
789 2442 968 2493 Wolfius,
996 2442 1052 2482 acl
1072 2455 1265 2486 nocturna
1284 2459 1414 2484 sacra.
1443 2441 1585 2480 Melius

60 2498 240 2548 Ducang.
264 2497 320 2536 αᾶ
344 2497 455 2538 illius
478 2514 656 2554 vesperae
677 2497 847 2551 vigilias.
907 2513 1060 2540 nolle.

173 2557 276 2609 Pag·
303 2558 408 2605 303,
439 2561 506 2599 22.
566 2552 886 2609 Πελεκυφόρων]
933 2556 1232 2612 Vamngomm,
1282 2555 1331 2594 de
1370 2554 1513 2607 quibus
1543 2554 1584 2592 in

60 2617 234 2664 utroque
254 2612 457 2651 Glossario
478 2613 602 2652 multa
630 2613 912 2663 congessimus.
970 2628 1146 2654 nunno.

174 2671 278 2721 Pag.
308 2669 413 2719 304,
446 2673 510 2712 10.
570 2667 661 2722 Πρό
681 2673 755 2710 τοῦ
777 2667 986 2724 εὕκτηρίου
1011 2675 1083 2724 τῆς
1101 2670 1331 2712 Νικοποιοῦ
1353 2660 1580 2728 &soz-oxon]

64 2725 219 2774 Quibus
232 2726 398 2765 vocibus
412 2726 581 2778 intelligi
597 2727 733 2766 aedem
744 2726 1005 2779 Hodegetriae
1018 2729 1209 2781 Deiparae
1220 2759 1230 2776 ‚
1245 2723 1431 2773 colligere
1449 2734 1583 2772 quivis

61 2789 199 2835 potest
238 2795 289 2821 ex
318 2784 368 2822 iis
407 2797 510 2835 quae
542 2785 801 2823 observamus
836 2786 879 2824 in
910 2785 1208 2837 constantinop.
1239 2780 1384 2820 Christ.
1426 2778 1494 2817 lib.
1516 2777 1581 2817 IV.

63 2846 162 2879 sect.
183 2839 232 2879 11.
254 2853 293 2878 n.
312 2839 379 2884 24.
435 2854 608 2883 nocane,

154 2906 369 2952 Nicephorus
387 2906 537 2954 Gregor.
569 2907 645 2943 Vol.
665 2906 711 2943 ιι.
1252 2896 1307 2936 78
