1794 3172
272 145 404 194 1114
628 191 631 195 ,
658 147 978 197 NICEPHORI
1005 130 1336 192 GREGORAE

49 281 86 314 Α,
104 277 149 312 Μ.
167 275 259 313 6859
273 260 477 320 ἀνάρχους
507 261 552 304 δὲ
582 261 649 304 καὶ
685 255 979 315 ἀτελευτήτους
1015 257 1248 316 προσειπὼν
1282 256 1500 308 ἄκτίστους
1532 252 1742 313 ὗπαρχοῦ-

116 326 184 360 1¹¹⁶·
201 323 225 360 4
271 348 348 382 σας
369 330 531 382 ἒ’δειξε.”
555 332 623 373 καὶ
644 327 788 373 πάλιν·
812 362 825 383 ,
832 329 894 382 ,τί
909 323 1007 383 οὗνς
1031 327 1228 372 σύνθεσιν
1245 327 1431 377 δέδοικας
1452 328 1515 369 ἐπὶ
1536 330 1653 377 θεοῦ,
1675 327 1743 368 καὶ

230 406 358 452 Ετῶν
375 402 580 458 ἐνεργειῶν
602 399 804 443 ἀκτίστων
824 397 960 442 οὐσῶν
985 413 1029 440 τε
1051 399 1119 441 καὶ
1136 397 1387 454 λεγομένων;
1423 399 1563 454 πολλῷ
1583 399 1743 450 μᾶλλον

268 472 428 522 δέδιθι,
464 468 523 525 μὴ
545 470 696 524 κτίσμα
715 465 890 526 ποιήσῃς
910 466 983 510 τὸν
1003 467 1128 520 θεὸν,
1164 467 1240 517 τὰς
1270 466 1399 509 αὐτοῦ
1421 464 1598 523 φυσικὰς
1629 465 1741 521 ε’νερ-

265 541 376 599 γείας
397 535 621 596 ἡγούμενος
647 535 837 587 κτιστάς·
873 536 916 580 τί
936 532 1037 592 οὗνς
1072 536 1162 591 οὐχὶ
1186 536 1239 579 τὰ
1262 534 1518 579 ὖποστατικά
1538 538 1612 590 τῆς
1631 533 1770 576 ἀνω-5

265 607 379 653 τάτω
405 605 596 665 τριάδος,
633 607 768 651 πολλὰ
798 605 921 659 ὄντα,
960 603 1132 649 &unani
1161 606 1269 660 ἓστις
1316 609 1404 655 πῶς
1426 600 1499 648 οὖν
1523 603 1571 647 οὐ
1599 603 1743 647 πολλοὶ

263 680 382 732 θεοὶ,
417 676 445 734 ἢ
482 675 684 727 σύνθετος
723 676 790 720 διὰ
819 680 953 719 ταῦτα
980 672 1058 731 εἷςς
1095 674 1121 732 ἢ
1158 675 1209 719 σύ
1238 674 1401 718 κάκεῖνα
1427 671 1472 717 <ἐν
1501 675 1568 717 καὶ
1588 671 1742 715 ταύτὸν

264 749 367 805 ε’ρεΐς
398 751 450 805 τῇ
482 751 557 790 τοῦ
588 750 692 790 θεοῦ
734 745 855 805 οὐσίᾳ
889 746 957 787 καὶ
989 742 1219 802 ἀδιάφορον
1248 742 1510 797 παντάπασι,
1550 739 1742 799 καθάπερ

226 819 332 862 Fami
355 817 430 873 τὴν
451 817 650 875 ἐνέργειαν
662 815 705 871 ,·”
729 817 796 859 καὶ
814 812 960 857 πάλιν·
983 812 1118 870 ,ἡμῖν
1132 815 1175 857 δ’
1191 813 1361 868 οὐδεμία
1383 813 1480 856 ποτ’
1502 812 1615 855 ἔσται
1638 811 1743 862 λέξις

263 887 491 944 ἀποχρῶσα
530 887 713 939 πείθειν,
751 885 828 935 τὰς
864 885 1063 941 ἐνεργείας
1091 887 1166 927 τοῦ
1197 885 1316 927 θείου
1346 880 1603 938 πνεύματος,
1641 879 1691 931 ἃς
1718 879 1794 924 ὃ10

261 953 480 1014 προφήτης
500 956 794 1012 κεφαλαιωδῶς
814 952 917 996 ἔπτὰ
937 961 1143 1011 προσεῖπε,
1165 953 1268 1008 μετὰ
1285 957 1368 996 τῶν
1387 949 1620 1007 κτισμάτων
1641 948 1742 993 τάτ-

261 1017 358 1069 τειν.
401 1029 485 1068 τῶν
507 1026 552 1067 δὲ
574 1025 702 1067 θείων
723 1026 790 1066 καὶ
811 1027 997 1080 φυσικῶν
1029 1024 1235 1081 ἐνεργειῶν
1262 1026 1336 1065 τοῦ
1368 1026 1472 1065 θεοῦ
1507 1022 1584 1076 μία
1613 1022 1681 1063 καὶ
1715 1017 1741 1076 ἦ

262 1096 418 1152 κρίσις,
455 1093 571 1137 καθὰ
588 1093 780 1150 Ἀβραὰμ
802 1092 905 1150 ἔφη·
944 1090 964 1135 ὅ
994 1094 1142 1150 κρίνων
1162 1097 1301 1135 πᾶσαν
1329 1091 1405 1147 τὴν
1433 1095 1509 1147 γῆν
1546 1090 1593 1133 οὗ
1622 1087 1742 1145 ποιή-

263 1180 347 1214 σεις
368 1164 527 1220 κρίσινς
566 1157 639 1220 ἆρ’
674 1158 747 1205 οὖν
767 1164 835 1205 καὶ
859 1160 964 1217 αὕτη
987 1167 1070 1205 τῶν
1092 1159 1328 1217 κτισμάτων
1357 1161 1423 1216 3¹1,-
1461 1155 1543 1218 ἆρα
1574 1154 1646 1203 οὖν
1674 1160 1742 1201 καὶ

261 1233 338 1288 τὴν
359 1231 508 1275 ἑαυτοῦ
519 1232 659 1287 -κρίσιν
681 1231 765 1282 ἄξει
788 1229 926 1281 ὁθεὸς
948 1233 1005 1282 εἷς
1022 1233 1152 1288 κρίσιν
1165 1231 1218 1287 ‚-”
1250 1233 1318 1274 καὶ
1335 1229 1457 1273 πάλιν
1471 1243 1481 1253 ·
1518 1234 1642 1283 »πῶς
1664 1228 1739 1271 οὐκ
1755 1237 1794 1271 15

106 1313 149 1348 Ρ.
173 1315 243 1351 699
267 1301 457 1352 ἅκτιστος
475 1299 501 1357 ἦ
520 1299 664 1358 χάρις,
699 1300 758 1343 δι’
781 1299 833 1356 ἢν
856 1302 924 1343 καὶ
944 1300 984 1343 οἶ
1000 1291 1290 1356 μετεσχηκότες
1314 1299 1445 1356 αὐτῆς
1468 1297 1651 1342 ι’ίκτιστοι
1673 1299 1741 1341 καὶ

261 1371 433 1428 ἄναρχοι
456 1372 524 1413 καὶ
545 1368 803 1425 ἀτελεύτητοι
823 1371 891 1412 καὶ
911 1369 1034 1413 ἀΐδιοι
1058 1372 1125 1413 καὶ
1148 1367 1330 1426 οὐράνιοι
1353 1368 1450 1412 κατ’
1473 1368 1603 1424 αὐτὴν
1625 1366 1740 1425 παρὰ

260 1445 345 1485 τῶν
368 1440 557 1497 πατέρων
581 1437 981 1497 προσηγορεύθησαν
994 1438 1038 1494 ,·”
1066 1440 1133 1483 καὶ
1153 1437 1300 1482 πάλιν·
1321 1437 1456 1492 „aar
1481 1439 1563 1480 ἐπεὶ
1584 1437 1741 1487 πολλὰς

259 1512 328 1553 καὶ
350 1507 579 1566 διαφόρους
596 1506 846 1558 ὑποστάσεις
869 1510 936 1551 καὶ
958 1507 1150 1564 δυνάμεις
1173 1510 1240 1551 καὶ
1258 1509 1456 1566 ἐνεργείας
1476 1505 1497 1551 ὃ
1523 1507 1624 1557 θεὸς
1644 1506 1737 1562 ἔχει,

260 1581 295 1623 εἲ
323 1579 382 1635 μὴ
411 1579 453 1621 ἵν
485 1595 524 1621 τι
556 1578 604 1621 τὸ
639 1578 770 1621 αἴτιον
800 1579 842 1620 ἐν
871 1577 1042 1631 αὐταῖς,
1079 1580 1228 1621 πολλαὶ
1252 1579 1321 1621 καὶ
1352 1575 1545 1635 διάφοροι
1576 1577 1794 1619 ἔσονταιΞΟ

259 1649 384 1706 ἀρχαὶ
405 1652 480 1704 τῆς
497 1645 742 1704 θεότητος.”
769 1648 836 1690 καὶ
853 1647 948 1703 μετ’
967 1647 1123 1704 ὀλίγον·
1149 1645 1207 1701 ,,ὅ
1228 1648 1304 1703 μὲν
1323 1647 1413 1698 υἱὸς
1434 1648 1500 1690 καὶ
1514 1646 1562 1689 τὸ
1577 1650 1739 1700 πνεῦμα

221 1719 305 1764 Βέκ
325 1721 400 1762 τοῦ
422 1715 603 1775 πατρός·
646 1717 690 1761 αἱ
719 1717 764 1760 δὲ
789 1715 980 1774 δυνάμεις
1001 1718 1069 1761 καὶ
1097 1717 1286 1776 ἐνέργειαι
1305 1717 1349 1760 ἐκ
1368 1721 1444 1774 τῆς
1463 1720 1563 1772 μιᾶς
1594 1733 1738 1774 τρισυ-

348 1829 384 1865 2.
408 1828 446 1877 τί
463 1826 517 1865 ἔτι
532 1827 580 1864 al.

256 1933 427 1967 nunquam
447 1921 574 1967 plurali
590 1932 728 1957 numero
747 1920 904 1958 effertur.
950 1919 1023 1955 Sed
1041 1920 1124 1967 quia
1144 1920 1281 1956 eosdem
1300 1919 1435 1956 divinos
1453 1919 1609 1965 fulgores
1638 1918 1736 1966 prin-

255 1968 341 2014 cipii
361 1979 402 2002 ac
432 1969 512 2003 finis
544 1974 706 2014 expertes
733 1968 908 2014 appellat,
941 1966 1111 2002 increatus
1142 1980 1219 2003 esse
1247 1967 1532 2003 demonstravit.''
1589 1967 1638 2000 Et
1668 1966 1737 2000 ite-

255 2025 350 2049 rum:
377 2015 498 2057 „Quid
517 2014 653 2060 igitur?
676 2014 775 2049 times
793 2026 837 2049 ne
853 2014 1050 2059 compositio
1070 2014 1191 2049 inDeo
1212 2014 1424 2058 admittatur,
1450 2015 1480 2049 si
1496 2013 1633 2048 divinae
1651 2024 1736 2058 ope·-

254 2061 410 2095 rationes
436 2061 612 2096 increatae
631 2060 700 2096 sint
723 2065 758 2096 et
786 2060 977 2095 dicantur?
1010 2061 1115 2095 multo
1139 2061 1248 2106 magis
1266 2061 1369 2103 time,
1393 2073 1436 2096 ne
1451 2061 1560 2095 Deum
1581 2060 1616 2093 in
1636 2070 1736 2093 crea-

253 2110 409 2141 turarum
426 2118 564 2142 numero
583 2118 750 2153 reponas,
774 2107 853 2141 dum
869 2107 1042 2141 naturales
1072 2107 1147 2142 eius
1170 2107 1388 2153 operationes
1417 2112 1552 2142 creatas
1574 2117 1650 2140 esse
1676 2117 1735 2139 ar·-

253 2152 408 2188 bitraris.
457 2153 551 2194 Quid
571 2154 708 2199 igitur?
731 2165 842 2188 nonne
862 2165 1041 2198 supremae
1058 2154 1245 2189 Trinitatis
1264 2154 1447 2199 supposita
1465 2153 1570 2188 multa
1595 2156 1677 2186 sunt
1698 2155 1735 2185 et

252 2199 437 2240 increata?
462 2199 638 2241 Quomodo
657 2211 740 2246 ergo
761 2211 830 2235 non
846 2205 928 2235 sunt
950 2200 1045 2235 multi
1062 2200 1144 2243 Dii,
1166 2201 1225 2236 vel
1245 2200 1411 2246 quomodo
1427 2204 1613 2246 propterea
1636 2198 1732 2232 Deus

253 2257 342 2280 unus
360 2246 567 2291 compositus
584 2259 652 2281 non
670 2248 750 2281 est?
773 2246 949 2292 Numquid
966 2259 1008 2282 ea
1027 2247 1131 2282 etiam
1152 2247 1336 2294 supposita
1358 2258 1458 2281 unum
1488 2250 1525 2280 et
1548 2245 1637 2279 idem
1655 2255 1733 2278 esse

254 2303 330 2326 cum
348 2291 415 2326 Dei
444 2293 636 2328 substantia
660 2296 695 2328 et
721 2294 765 2328 ab
791 2306 833 2328 ea
861 2294 962 2339 plane
980 2293 1212 2328 indistinctum
1236 2293 1343 2340 quid,
1366 2297 1406 2327 ut
1433 2297 1470 2327 et
1486 2291 1732 2338 operationem,

250 2336 447 2374 asseres⁶3”
487 2338 536 2373 Et
554 2339 698 2374 iterum:
721 2339 853 2382 „Nulla
869 2351 1015 2386 unquam
1036 2341 1134 2375 nobis
1156 2339 1379 2387 persuadebit
1400 2339 1530 2382 oratio,
1558 2342 1599 2373 ut
1624 2337 1733 2372 divini

251 2385 399 2430 spiritus
425 2385 662 2430 operationes,
698 2397 782 2432 quas
810 2387 980 2433 propheta
1012 2392 1143 2433 septem
1179 2385 1368 2422 summatim
1396 2384 1607 2431 appellavit,
1640 2384 1732 2418 inter

251 2435 390 2466 creatas
413 2442 471 2466 res
499 2431 712 2467 collocemus.
767 2432 878 2468 Porro
901 2433 1091 2468 divinarum
1118 2437 1155 2468 et
1178 2432 1381 2468 naturalium
1400 2431 1468 2466 Dei
1496 2430 1732 2478 operationum

251 2488 322 2512 una
349 2481 403 2512 est
429 2477 539 2524 ipsum
566 2478 747 2520 iudicium,
772 2480 860 2515 sicut
887 2479 937 2514 ait
956 2481 1149 2515 Abraham:
1173 2479 1243 2522 Qui
1270 2478 1405 2513 iudicas
1432 2490 1562 2513 omnem
1587 2482 1728 2520 terram,

250 2535 319 2558 non
337 2523 444 2559 facies
465 2523 655 2559 iudicium?
686 2526 778 2560 Num
795 2526 901 2570 igitur
921 2526 988 2560 Dei
1007 2525 1171 2561 iudicium
1199 2538 1219 2561 e
1245 2536 1359 2560 rerum
1378 2529 1571 2560 creatarum
1588 2534 1730 2558 numero

251 2570 348 2605 erit?
379 2571 476 2616 Ergo
494 2575 530 2605 et
550 2581 644 2605 suum
661 2571 757 2606 Deus
775 2571 936 2607 iudicium
957 2572 1155 2608 iudicabit?
1167 2571 1187 2587 ’'
1217 2573 1268 2607 Et
1288 2584 1425 2606 rursus:
1449 2571 1656 2614 „Quomodo
1674 2569 1728 2603 in-

250 2621 369 2651 creata
396 2628 463 2652 non
490 2621 582 2652 esset
607 2616 665 2652 illa
690 2618 826 2662 gratia,
852 2631 914 2664 per
940 2631 1041 2665 quam
1061 2618 1120 2665 qui
1147 2619 1222 2654 eius
1243 2618 1434 2664 participes
1449 2618 1537 2652 facti
1553 2619 1652 2657 sunt,
1675 2615 1730 2648 in-

251 2663 382 2706 creati,
407 2663 568 2709 principii
587 2666 623 2698 et
643 2663 720 2698 finis
750 2669 937 2709 expertes,
970 2665 1103 2700 aeterni
1123 2669 1160 2700 et
1191 2665 1358 2700 caelestes
1383 2665 1428 2699 ob
1453 2675 1527 2699 eam
1552 2675 1574 2697 a
1599 2661 1729 2697 sanctis

249 2707 412 2744 Patribus
430 2710 569 2745 fuerunt
593 2709 818 2756 appellati?’'
844 2712 894 2746 Et
909 2723 1048 2746 rursus:
1071 2711 1169 2754 „Sed
1189 2711 1346 2757 quoniam
1365 2711 1489 2746 multas
1506 2709 1730 2753 diversasque

247 2754 455 2800 hypostases
486 2759 522 2791 et
553 2756 700 2791 virtutes
727 2760 763 2791 et
791 2757 1011 2802 operationes
1036 2758 1142 2792 habet
1169 2757 1285 2801 Deus,
1309 2757 1376 2792 nisi
1399 2757 1436 2792 in
1460 2756 1504 2791 iis
1529 2767 1597 2791 una
1620 2765 1730 2799 quae-

247 2802 340 2846 piam
359 2805 453 2836 esset
476 2813 601 2845 causa,
625 2802 731 2838 multa
750 2806 786 2838 et
802 2803 940 2839 diversa
957 2805 1073 2839 forent
1091 2804 1284 2839 divinitatis
1303 2802 1509 2850 principia.’'
1554 2802 1603 2836 Et
1622 2799 1727 2846 paulo
1780 2832 1789 2839 .,

246 2850 346 2893 post:
371 2847 508 2892 „Filius
527 2849 664 2898 quidem
693 2853 730 2886 et
756 2849 901 2897 spiritus
926 2854 1065 2887 sauctus
1087 2861 1132 2887 ex
1149 2850 1258 2887 Patre
1283 2850 1496 2897 proceduntz
1520 2851 1558 2885 at
1580 2847 1730 2884 virtutes
