1794 3172
263 111 366 160 712
676 116 716 161 N
720 113 994 160 ICEPHORI
1021 113 1347 162 GREGORAE

44 238 83 272 A.
97 238 142 270 M.
158 236 251 274 6852
266 229 334 272 καὶ
358 223 446 272 οἷόν
466 243 506 270 τι
529 229 611 283 πῦρ
635 225 699 268 ἐπὶ
726 224 824 282 πυρὶ
842 223 1279 281 προσεπενηνεγμένην.
1315 220 1524 282 πολύχουν
1543 223 1625 283 γὰρ
1643 221 1751 268 κατά

88 286 158 319 Iud.
176 286 220 324 12
264 315 310 342 τε
328 302 411 343 τῶν
429 294 649 353 ἀσταχύων
665 296 732 338 καὶ
753 298 835 338 τῶν
851 310 895 351 γε
913 292 1050 336 ἄλλων
1061 294 1295 350 ἐγγενέσθαι
1311 295 1361 338 τὸ
1382 293 1546 350 βλάβος
1564 299 1750 352 καρπῶν·

263 372 351 411 τῶν
373 384 415 424 γε
435 366 519 422 μὴν
541 364 732 421 ἀμπέλων
744 389 761 418 ,·
795 362 957 406 τούτων
977 364 1022 406 δὲ
1044 364 1114 405 καὶ
1133 362 1302 410 πάντων
1321 363 1504 421 μάλιστα
1518 397 1532 418 ,
1572 362 1627 414 ὥς
1645 365 1753 420 μηδὲ

228 437 365 487 Β.τοῦς
408 435 545 478 ἔπειτα
579 432 760 492 χρόνους
787 433 1014 487 ἀναβιῶναι
1042 431 1268 479 δύνασθαι.
1332 431 1428 493 (Β.)
1474 434 1640 476 Εῗδέναι
1672 433 1752 491 γὰρ

264 505 382 561 οἶμαι
399 503 581 557 πάντας,
621 501 677 553 ὥς
695 502 773 558 οὐχ,
792 502 858 546 ὅτε
879 503 946 545 καὶ
974 501 1080 545 καθ’
1105 496 1160 545 ὧν
1183 501 1395 559 ἐνσκήπτει
1415 502 1462 546 τὸ
1483 506 1559 559 τῆς
1568 501 1782 559 χαλάζηςὸ

265 580 390 631 σῶμα
408 577 599 630 καρπῶν,
635 570 729 616 τότε
747 570 876 627 μόνον
902 573 970 614 καὶ
991 569 1166 622 τούτους
1187 571 1340 628 μόνους
1360 574 1561 630 ἔκτυφλοΐ
1582 573 1649 615 καὶ
1667 590 1753 627 μα-

265 646 421 702 Ιραίνει,
458 641 563 686 ἀλλὰ
582 643 650 686 καὶ
681 642 735 685 τὰ
759 643 875 699 πέριξ
902 639 1013 696 ἅμα,
1050 643 1118 684 καὶ
1145 643 1185 692 ἔς
1205 642 1335 686 πολὺν
1353 642 1427 686 τὸν
1451 640 1605 700 χρόνον
1625 639 1646 685 ὅ
1664 660 1754 697 μα·

267 713 427 772 ρασμός
457 709 715 767 ἕπιβόσκεται
743 710 904 766 πάντα,
954 709 1091 768 ὥσπερ
1124 710 1318 768 αἰσθήσει
1354 714 1433 755 τινὶ
1464 711 1754 766 διοικουμένων

265 785 336 827 καὶ
367 786 451 826 τῶν
479 786 646 841 φυτῶν,
693 783 760 824 καὶ
789 780 861 824 τὸν
893 784 968 823 τοῦ
992 785 1131 824 κοινοῦ
1165 779 1367 825 δεσπότου
1387 781 1531 836 θυμὸν
1553 778 1755 831 καθάπαξ

266 851 599 909 ἐκπληττομένων
609 884 623 905 ,
662 853 729 894 καὶ
750 848 830 894 ὕπὸ
851 850 969 900 δέους
989 851 1344 907 συστελλομένων,
1382 853 1451 894 καὶ
1471 851 1600 906 αὐτῆς
1622 850 1753 908 ἀπορ-
1767 860 1794 894 14

227 922 530 982 ορηγνυμένων
556 925 631 977 τῆς
659 918 860 977 ζωογόνου
888 924 1042 976 ψυχῆς.
1075 922 1191 980 -λίθῳ
1217 920 1293 976 μὲν
1325 920 1405 978 γὰρ
1426 918 1509 964 ὕπ’
1537 920 1755 976 ἀνθρωπί-

266 1010 342 1049 νης
361 991 581 1049 πληγέντος
595 990 730 1047 χειρὸς
749 990 871 1033 ἀπίου
895 991 962 1032 καὶ
983 988 1119 1046 μήλου
1139 993 1206 1033 καὶ
1222 989 1404 1048 βότρυος
1422 991 1489 1033 καὶ
1510 994 1594 1033 τῶν
1617 987 1756 1032 τοιού-

267 1080 374 1115 των,
413 1061 460 1105 τὸ
492 1062 567 1116 μὲν
604 1060 754 1117 πληγὲν
782 1063 950 1115 τραῦμα
988 1060 1064 1114 μὲν
1103 1059 1204 1115 ἔχει,
1241 1064 1456 1118 νεκροῢται
1500 1060 1543 1103 δ’
1579 1057 1728 1115 ἣκιστα
1743 1072 1754 1082 ·

266 1132 316 1176 -τὸ
335 1130 606 1188 γειτονοῧν.δ’
644 1128 754 1185 ὅμως
775 1128 868 1172 οὕτε
889 1133 1048 1186 πληγῆς
1067 1146 1178 1180 τινος
1198 1129 1355 1188 ᾔσθετο
1368 1162 1381 1183 ,
1421 1128 1517 1173 οὔτ’
1538 1126 1756 1172 ἐπεπόνθει

270 1201 466 1260 φθορὰν,
505 1202 572 1244 καὶ
592 1204 724 1243 ταῦτα
742 1203 818 1243 τοῦ
839 1200 915 1254 μὲν
935 1197 1190 1256 πλήττοντος
1210 1201 1335 1243 λίθου
1366 1198 1541 1256 τραχέος
1562 1216 1605 1242 τε
1638 1197 1757 1248 ὄντος
1769 1208 1794 1244 1;

270 1273 341 1315 καὶ
361 1269 563 1326 ὀξύτητας
583 1271 672 1327 περὶ
694 1269 820 1312 αὐτὸν
842 1267 1074 1327 διαφόρους
1092 1287 1136 1314 τε
1154 1271 1222 1313 καὶ
1239 1270 1433 1320 πλείστας
1455 1269 1555 1319 ἴσως
1573 1267 1752 1324 ἔχοντος,

225 1345 348 1398 Β-τῆς
368 1342 414 1384 δὲ
428 1338 610 1396 χαλάζης
630 1338 777 1396 ἥκιστα
795 1337 954 1382 τούτων
972 1339 1093 1383 οὐδέν
1106 1353 1118 1364 ·
1153 1341 1342 1397 γίνεσθαι
1363 1338 1443 1397 γὰρ
1461 1338 1538 1395 τὴν
1552 1337 1753 1394 χάλαζαν,

265 1410 372 1455 ὅταν
394 1414 469 1466 τῆς
506 1407 739 1466 ἀναγούσης
771 1407 1017 1460 καπνώδους
1046 1407 1237 1453 κάτωθεν
1270 1406 1594 1463 ἀναθυμιάσεως
1617 1409 1682 1450 ἐπὶ
1703 1406 1757 1450 τοὶ

264 1477 548 1538 μετεωρότερα
577 1480 833 1537 διακρίνηται
865 1479 935 1522 διὰ
970 1479 1134 1537 θέρμης
1164 1476 1371 1535 ἔνδειανῆ
1402 1476 1599 1534 ἀτμώδης
1630 1477 1759 1532 αὐτῆς

269 1548 491 1605 ἀνάχυσις..
515 1549 667 1605 ἐκείνης
696 1549 775 1607 γὰρ
808 1548 876 1592 διὰ
909 1548 1150 1608 κουφότητα
1188 1548 1417 1607 φερομένης
1441 1544 1756 1604 μετεωρότερον,
1770 1565 1794 1601 ρ,

267 1617 528 1663 ὑπολείπεται
549 1619 617 1662 διὰ
633 1617 767 1677 βάρος
786 1617 893 1675 αὕτη
913 1621 1004 1677 περὶ
1026 1619 1100 1663 τὸν
1127 1618 1282 1674 μεταξὺ
1309 1616 1439 1663 τόπον
1450 1650 1471 1672 ,¹
1503 1616 1609 1661 ἔνθα
1630 1620 1760 1660 πολυ-

268 1689 504 1746 τελέστερον
536 1687 584 1732 τὸ
613 1687 751 1745 ψύχος
780 1689 820 1732 οἷ
848 1693 922 1732 τοῦ
951 1689 1073 1748 ἀέρος
1101 1686 1343 1744 ταμιεύουσι
1378 1685 1536 1732 κόλποι.
1581 1690 1665 1730 τῶν
1685 1686 1761 1740 μὲν

269 1759 350 1818 γὰρ
392 1757 650 1818 ἑκατέρωθεν
681 1756 822 1803 τόπων
868 1756 890 1802 ὅ
920 1760 997 1814 μὲν
1026 1758 1115 1804 ἄνω
1144 1763 1196 1818 τῇ
1228 1756 1363 1819 κύκλῳ
1393 1760 1507 1818 φορᾷ
1543 1758 1613 1800 καὶ
1646 1772 1763 1814 περι-

364 1882 402 1919 9.
425 1879 492 1918 τόν
515 1893 604 1917 corr.
627 1872 730 1919 Boiv.
755 1893 819 1930 pro
847 1880 936 1917 τῶν.

275 1984 343 2027 tis,
365 1984 528 2020 indicium
545 1985 634 2028 fuit,
659 1988 694 2022 et
713 1989 877 2032 tanquam
899 1984 993 2031 ignis
1019 1985 1135 2031 ignem
1159 1983 1370 2031 supervenit.
1418 1982 1557 2020 Etenim
1582 1981 1668 2018 illud
1693 1982 1765 2017 late

277 2032 440 2066 diffusum
457 2038 511 2067 est
528 2033 668 2075 malum,
691 2036 762 2067 tum
783 2033 816 2067 in
836 2033 952 2078 spicas
967 2036 1013 2066 *et
1029 2032 1066 2066 in
1085 2032 1171 2066 alios
1192 2033 1345 2074 fructus,
1367 2036 1439 2066 tum
1457 2031 1601 2066 omnium
1620 2029 1766 2064 maxime

276 2078 313 2113 in
330 2078 430 2121 vites,
449 2079 501 2112 ita
519 2084 556 2113 ut
575 2091 618 2113 ne
635 2085 755 2125 postea
773 2080 912 2125 quidem
929 2078 1138 2114 reviviscere
1157 2079 1345 2125 potuerint.
1382 2078 1468 2123 (ΙΙ.)
1483 2078 1623 2112 Norunt
1637 2077 1767 2123 quippe

278 2125 341 2170 (ut
360 2125 500 2171 opinor)
524 2136 659 2168 omnes,
684 2126 854 2161 eiusmodi
873 2139 949 2161 esse
973 2125 1154 2171 grandinis
1172 2137 1319 2171 corpus,
1341 2130 1381 2160 ut
1397 2124 1532 2171 quoties
1551 2129 1587 2159 et
1603 2135 1692 2169 quae
1710 2123 1767 2157 in-

275 2171 396 2213 vadit,
421 2183 488 2206 non
505 2173 602 2206 modo
625 2177 707 2207 tunc
729 2184 841 2219 neque
863 2185 905 2208 ea
922 2173 995 2207 sola
1015 2185 1078 2218 per
1099 2184 1172 2207 eam
1198 2173 1465 2218 exstinguantur
1487 2175 1525 2206 et
1542 2174 1767 2211 marcescant,

278 2218 451 2253 sedetiam
465 2230 518 2260 ea,
538 2230 626 2263 quae
641 2219 735 2253 circa
752 2225 848 2263 sunt3
873 2225 910 2255 et
926 2220 970 2254 ad
988 2219 1127 2254 multum
1146 2230 1255 2265 usque
1267 2224 1401 2265 tempus
1420 2219 1464 2252 ab
1480 2217 1540 2252 illa
1557 2217 1638 2251 tabe
1656 2215 1768 2250 omnia

279 2264 441 2311 depasci:
471 2265 572 2310 quasi
597 2265 696 2310 ipsae
721 2266 824 2300 etiam
850 2267 991 2312 plantae
1018 2277 1120 2300 sensu
1145 2266 1259 2312 aliquo
1278 2269 1503 2311 regerentur,
1529 2267 1566 2298 et
1583 2262 1769 2297 communis

280 2310 409 2346 domini
425 2311 510 2346 iram
529 2311 668 2356 penitus
686 2313 979 2355 exhorrescerent,
1002 2324 1044 2347 ac
1062 2324 1147 2358 prae
1164 2316 1255 2347 metu
1274 2313 1520 2347 contraherent
1546 2322 1584 2344 se
1606 2309 1769 2344 animam-

278 2369 346 2403 que
366 2357 477 2404 ipsam
499 2358 639 2392 vitalem
667 2359 919 2404 abrumperent.
976 2359 1084 2405 Atqui
1106 2359 1135 2393 si
1157 2359 1301 2393 hominis
1326 2369 1426 2393 manu
1452 2369 1597 2403 pyrum,
1622 2360 1682 2391 aut
1705 2367 1769 2401 po·-

278 2415 386 2447 mum,
410 2408 471 2439 aut
489 2416 568 2446 uva,
586 2409 644 2439 aut
663 2404 831 2439 eiusmodi
851 2406 976 2451 aliquis
991 2407 1129 2440 fructus
1146 2405 1263 2451 lapide
1282 2416 1468 2451 percussus
1486 2403 1603 2444 fuerit,
1619 2403 1655 2436 id
1675 2403 1769 2448 quod

278 2461 482 2496 percussum
502 2455 576 2493 est,
599 2449 800 2485 vulneratur
825 2452 982 2497 quidem,
1007 2453 1155 2487 moritur
1179 2463 1264 2487 vero
1291 2451 1448 2492 minime3
1472 2449 1509 2484 id
1534 2453 1647 2484 autem
1676 2449 1770 2494 quod

279 2497 431 2532 vicinum
457 2502 510 2532 est
533 2509 645 2543 neque
663 2498 768 2531 ictum
788 2499 959 2533 ullatenus
987 2499 1111 2541 sentit,
1136 2510 1247 2545 neque
1263 2498 1343 2533 ideo
1363 2497 1609 2542 corrumpitur:
1633 2494 1772 2530 tametsi

281 2555 384 2589 asper
400 2544 447 2579 sit
462 2548 498 2578 et
513 2544 669 2579 acumina
685 2544 779 2578 circa
797 2556 834 2578 se
853 2545 1013 2579 fortassis
1030 2546 1158 2580 habeat
1174 2545 1272 2580 varia
1291 2556 1333 2579 ac
1351 2544 1497 2589 plurima
1513 2541 1602 2588 lapis
1619 2542 1690 2584 ille,
1711 2541 1771 2587 qui

281 2591 454 2636 percutit3
476 2590 608 2636 grando
626 2595 740 2625 autem
755 2590 808 2624 his
827 2591 981 2626 omnibus
1000 2603 1142 2638 prorsus
1161 2595 1292 2627 careat.
1318 2591 1379 2626 Fit
1394 2590 1482 2625 enim
1499 2589 1605 2623 toties
1624 2589 1770 2634 grand0‚

283 2637 421 2683 quoties
440 2637 483 2671 ab
503 2637 722 2671 exhalatione
735 2663 745 2678 ‚
768 2637 879 2672 instar
896 2638 981 2673 fumi
1002 2639 1046 2672 ab
1073 2638 1150 2673 imis
1172 2637 1217 2673 ad
1246 2637 1369 2672 altiora
1397 2635 1640 2678 ascendente,
1657 2646 1773 2669 secer-

283 2683 378 2718 nitur
399 2684 442 2718 ob
462 2683 588 2719 caloris
614 2683 793 2729 penuriam
814 2683 971 2718 humidus
992 2696 1111 2730 vapor.
1158 2685 1251 2720 Nam
1276 2695 1355 2718 cum
1376 2683 1458 2725 illa,
1482 2694 1523 2717 eo
1543 2681 1633 2728 quod
1659 2681 1772 2716 levior

282 2734 357 2772 est,
382 2730 483 2765 altius
504 2730 661 2772 feratur-3
694 2730 770 2772 hic,
794 2730 875 2775 quia
897 2735 950 2765 est
969 2731 1129 2775 gravior,
1154 2731 1267 2765 media
1286 2731 1321 2764 in
1344 2729 1488 2773 regione
1513 2728 1688 2770 subsidit3
1712 2726 1774 2762 ubi

282 2776 394 2821 frigus
413 2773 641 2811 abundantius
657 2777 870 2811 reconditum
888 2781 1028 2811 servant
1046 2778 1177 2812 sinuosi
1197 2777 1288 2812 aeris
1306 2781 1450 2811 tractus.
1475 2775 1666 2820 Regionum
1684 2773 1773 2808 enim

284 2823 448 2870 utrinque
477 2823 705 2860 adiacentium
728 2823 860 2867 altera,
888 2834 977 2870 quae
999 2824 1159 2870 superior
1181 2828 1256 2867 est,
1280 2822 1442 2869 caelestis
1464 2821 1560 2868 globi
1579 2820 1719 2858 turbine
1737 2823 1775 2855 et
