1794 3172
315 156 633 205 HISTORIAE
658 155 1035 202 BYZANTINAE
1061 153 1220 201 XVIII.
1237 156 1295 201 4.λ
1434 146 1534 195 887

54 270 210 322 παντὸς
241 266 481 328 ἀλλότριον,
521 266 897 326 ἓγκαταλειφθὲντα
937 282 983 310 σε
1022 264 1126 323 πρὸς
1158 268 1289 317 θεοῦ,
1326 260 1432 309 ὥστε
1466 265 1535 307 καὶ
1557 270 1754 307 A.0.1351

52 341 150 391 τοὺς
177 344 261 384 τῶν
291 336 566 395 αι’χμαλώτων
583 336 797 393 Ῥωμαίων
827 335 996 394 νεκροὺς
1029 337 1098 380 καὶ
1120 338 1203 378 τῶν
1232 333 1293 378 ἔτι
1312 320 1756 401 κλαυθμυ-Ῑωῐῑζέἔὲέω

54 409 248 469 ριζόντων
271 413 441 467 βρεφῶν
465 407 518 451 τὰ
538 405 715 462 σώματα
735 413 988 462 συμπατεῖν,
1026 407 1095 450 καὶ
1119 403 1361 461 ἀναλγήτως
1383 405 1531 458 ἐπιβα-

52 478 204 532 τεύειν,
242 481 312 522 καὶ
333 478 440 535 μηδὲ
467 476 544 533 τὴν
573 476 627 520 τὰ
656 473 795 519 πάντα
824 474 1065 530 βόσκουσαν
1090 472 1208 530 ἡλίου
1242 472 1378 532 φλόγα
1402 476 1580 518 αἵδεῖ-Ρ.
1592 480 1662 519 558

22 555 45 591 5
58 554 188 602 σθαι,
224 549 332 604 μηδὲ
349 547 447 597 τοὺς
469 547 682 603 αῗθερίους
701 549 775 588 τοῦ
793 549 900 589 θεοῦ
923 542 1250 602 κεραυνοβόλους
1272 548 1531 602 πρηστῆρας,

53 617 111 668 ὥς
128 618 174 661 τὸ
198 617 326 670 εῗκός,
358 618 523 675 δειλιᾷν.
573 616 767 670 ἐπιλείψει
786 633 838 670 με
869 612 1135 671 διηγούμενον
1165 613 1213 657 τὸ
1245 618 1321 670 τῆς
1339 618 1535 671 χρονικῆς

51 685 245 745 περιόδου
266 685 390 742 τάχος
410 684 546 728 πάντα
574 684 684 729 καθ’
716 685 812 737 ἵνα,
850 683 929 728 ὅσα
954 684 1011 726 δι’
1047 681 1226 740 ἀνάγκην
1254 700 1299 727 σε
1329 684 1534 741 πεπραχέ-

51 775 119 801 ναι
143 758 211 799 καὶ
243 755 323 800 ὅσα
345 755 594 799 πεπονθέναι
622 752 905 813 ξυνεῤῥυήκῌ,
944 753 1056 796 δεινὰ
1084 755 1153 796 καὶ
1180 751 1366 811 κατάρας
1392 751 1535 807 ὁμότι-

51 845 153 882 μα,
174 825 243 869 διὰ
267 825 369 876 τούς
386 826 563 882 μυρίους
578 828 786 880 χειμῶνας
806 825 875 867 καὶ
897 821 1135 876 κλύδωνας,
1162 816 1219 865 ὧν
1239 821 1435 879 πρόξενος
1456 822 1535 866 αὖ-

0 902 42 938 ΙΟ
53 897 124 946 τὸς
143 894 216 946 ξύν
232 913 275 952 γε
298 900 350 953 τῇ
369 896 498 952 μητρὶ
514 894 715 950 κατέστης
733 898 785 952 τῇ
806 898 881 937 τοῦ
902 898 1007 937 θεοῦ
1027 893 1235 954 ἐκκλησίᾳ.
1263 891 1387 950 ’Άννῃ
1413 894 1458 935 δὲ
1480 896 1534 950 τῇ

49 967 235 1021 βασιλίδι
275 967 319 1008 τί
351 969 436 1008 τῶν
474 962 640 1008 πάντων
683 964 822 1021 ἕτερον
854 962 882 1020 ἢ
912 963 967 1006 τὰ
1005 966 1293 1018 τοιαῦτατῆς
1320 963 1572 1015 βασιλειάςΒ

50 1035 306 1091 καθέστηκεν
326 1034 439 1078 αἴτια
457 1035 663 1089 ἓκπεσεῖν;
699 1033 814 1076 ἴσασι
834 1033 913 1090 γὰρ
943 1030 1148 1086 ἅπαντες,
1176 1029 1234 1082 ὥς
1253 1029 1358 1086 ὁμοῦ
1385 1049 1429 1074 τε
1455 1031 1532 1087 τὴν

49 1109 125 1149 τοῦ
160 1108 348 1160 Παλαμᾶ
383 1103 626 1158 δυσσέβειαν
647 1100 831 1161 ἐστήριξε
851 1104 919 1145 καὶ
946 1101 1190 1160 αὐθημερὸν
1210 1101 1286 1158 τὴν
1306 1101 1533 1145 αὐθεντίαν

50 1172 306 1228 ἀπολώλεκε,
337 1163 413 1230 τῆς
433 1174 549 1228 δίκης
565 1172 625 1229 μὴ
649 1172 933 1228 ἀνασχομένης
950 1173 1138 1215 ἐνταῦθα
1157 1176 1448 1229 μακροθυμεῖν
1463 1172 1533 1214 καὶ

0 1242 360 1301 151‘1neprl9203m
391 1241 666 1287 παντάπασιν.
713 1242 882 1285 ''En-etta
906 1246 982 1298 τῆς
998 1245 1218 1298 βασιλικῆς
1247 1242 1435 1292 ἐξουσίας
1465 1242 1534 1283 καὶ

49 1314 155 1371 πρὸς
178 1314 224 1357 σὲ
244 1314 557 1369 μετενεχθείσης
582 1312 663 1367 ὀψὲ
673 1345 688 1366 ,
727 1312 866 1368 ἐπειδὴ
885 1316 959 1368 τῆς
977 1316 1054 1355 τοῦ
1082 1316 1187 1355 θεοῦ
1207 1312 1395 1362 παιδείας
1411 1311 1535 1353 ε’κλα-

49 1381 233 1437 θόμενος
261 1384 330 1426 καὶ
353 1382 481 1433 αὐτὸς
489 1416 503 1436 ,
534 1384 604 1425 καὶ
628 1386 713 1425 τῶν
739 1386 999 1437 Παλαμικῶν
1018 1382 1178 1425 ἐκείνων
1207 1376 1334 1431 αὖθις
1365 1377 1535 1436 ἀντεχό-

49 1470 173 1509 μενος
196 1450 440 1510 δογμάτων,
478 1456 618 1496 πᾶσαν
640 1451 782 1495 ἄδειαν
804 1453 967 1501 ἐδίδους
988 1451 1101 1509 αὐτῷ
1132 1450 1230 1501 τοὺς
1256 1451 1332 1505 μὲν
1360 1451 1573 1501 ἐξωθεΐνῦ

50 1527 134 1567 τῶν
154 1523 427 1566 ἔπισκοπικῶν
460 1523 530 1565 καὶ
555 1519 692 1578 πάσης
714 1522 902 1573 ἔξουσίας
928 1518 1098 1578 θρόνων
1121 1519 1272 1570 ἀδίκως
1291 1521 1361 1562 καὶ
1390 1516 1462 1570 ξύν
1489 1535 1534 1574 γε

0 1592 188 1636 Ξοοῦδενὶ
210 1590 344 1651 λόγῳ,
381 1591 480 1642 τοὺς
501 1591 541 1634 δ’
570 1589 840 1647 ἀντεισάγειν,
879 1589 932 1632 τὰ
953 1587 1211 1647 χειρόγραφα
1238 1593 1315 1645 τῆς
1344 1588 1534 1642 ἀσεβείας

50 1661 382 1717 ἀπαιτουμένους
402 1658 507 1716 ὅμοῦ
528 1662 595 1703 καὶ
616 1658 808 1710 διδόντας
826 1657 1028 1717 πρότερον
1044 1672 1053 1682 ·
1092 1657 1224 1702 οἶσθα
1249 1656 1306 1710 ὥς
1334 1660 1454 1716 φίλος
1475 1655 1534 1700 ὢν

49 1730 170 1788 ἔγωγε
206 1727 422 1788 προέλεγόν
452 1747 517 1774 σοι
544 1731 613 1773 καὶ
642 1726 978 1787 διεμαρτυρόμην
1001 1727 1084 1782 ἀεὶ,
1122 1727 1179 1779 ὥς
1208 1727 1282 1771 οὒκ
1317 1725 1666 1784 ἀτιμώρη-ῪΑόΞ

49 1817 124 1851 τος
143 1797 391 1851 ἀπαλλάξεις
407 1804 513 1844 θεοῦ
535 1799 795 1856 ἀχθομένου,
833 1797 940 1842 ἀλλὰ
972 1796 1199 1856 λυπηθήσῃ
1226 1799 1316 1856 περὶ
1349 1797 1404 1840 τὰ
1435 1798 1533 1854 φίλ-

49 1887 186 1925 τατα,
226 1871 448 1926 ζημιωθεὶς
477 1874 561 1914 τῶν
591 1871 752 1913 παίδων
779 1868 850 1912 ἕνα
879 1872 963 1912 τῶν
997 1872 1109 1925 σῶν,·
1146 1868 1243 1911 οὐδὲ
1268 1867 1348 1926 γὰρ
1368 1866 1535 1918 ἀπεικὸς

144 1982 201 2018 12.
221 1980 345 2018 αἴτιον
357 1979 447 2016 coni.
462 1975 566 2016 Boiv.
657 1980 713 2017 19.
731 1978 796 2017 καὶ
813 1975 937 2026 πάσης
950 1977 1013 2025 ἐξ]
1031 1977 1126 2025 μετὰ
1142 1978 1232 2015 coni.
1249 1978 1353 2014 Boiv.
1369 1989 1435 2026 pro
1452 1977 1530 2016 καί.

49 2073 290 2111 misericordia
313 2073 459 2110 alienum
485 2073 696 2116 exhibuisti,
727 2075 769 2108 ut
802 2075 839 2108 et
864 2073 1093 2108 Romanorum
1118 2072 1333 2119 captivorum
1359 2071 1531 2107 cadavera

50 2127 87 2158 et
102 2121 283 2156 infantium
306 2122 420 2156 adhuc
436 2120 648 2165 vagientium
663 2131 811 2166 corpora
831 2121 1006 2162 calcares,
1030 2125 1067 2155 et
1085 2119 1161 2155 sine
1185 2119 1255 2155 ullo
1277 2118 1405 2154 doloris
1427 2129 1531 2153 sensu

51 2168 199 2215 pedibus
218 2167 376 2203 subiecta
400 2171 618 2213 protereres,
642 2179 706 2202 nec
724 2166 806 2202 solis
820 2167 990 2202 reveritus
1006 2167 1115 2202 lucem
1131 2165 1275 2201 omnium
1298 2177 1412 2201 rerum
1431 2164 1531 2200 altri-

51 2226 147 2257 cem,
179 2226 246 2249 nec
273 2214 428 2250 fulminis
450 2219 567 2256 metu,
602 2218 643 2248 ut
666 2225 729 2259 par
754 2218 855 2256 erat,
879 2214 1078 2249 deterritus.
1126 2213 1298 2248 Deficient
1319 2224 1373 2248 me
1403 2212 1530 2246 breves

49 2260 214 2307 temporis
234 2261 437 2306 angustiae,
461 2260 575 2296 omnia
597 2265 635 2295 et
654 2259 786 2306 singula
811 2267 1028 2303 narrantem,
1052 2272 1142 2307 quae
1162 2264 1199 2295 te
1223 2259 1363 2305 subegit
1376 2257 1531 2293 necessi-

47 2312 104 2343 tas
120 2308 237 2343 facere
265 2314 302 2343 et
323 2307 397 2354 pati
422 2307 543 2353 gravia
566 2311 603 2342 et
627 2306 858 2342 exsecrationi
876 2307 1050 2354 proxima3
1083 2319 1124 2342 eo
1145 2307 1236 2353 quod
1262 2310 1323 2341 tua
1348 2308 1386 2340 et
1408 2304 1530 2339 matris

48 2358 132 2389 tuae
156 2366 263 2400 opera
285 2359 340 2390 tot
363 2354 524 2400 procellis
541 2366 583 2389 ac
603 2353 764 2389 fluctibus
786 2354 932 2389 ecclesia
950 2354 1018 2388 Dei
1045 2354 1181 2389 obiecta
1201 2357 1304 2388 esset.
1350 2352 1421 2386 Iam
1444 2361 1530 2385 vero

50 2412 160 2446 ecqua
177 2405 316 2447 praeter
333 2402 423 2436 hanc
445 2413 550 2436 causa
573 2402 643 2436 alia
661 2400 820 2443 exstitit,
842 2412 903 2435 cur
925 2402 1026 2439 Auua
1039 2402 1196 2446 Augusta
1215 2399 1411 2446 principatu
1433 2395 1530 2431 exci-

50 2448 179 2481 deret‘?
211 2448 290 2489 Qua
316 2448 374 2483 die
400 2459 538 2483 errores
562 2448 725 2483 Palamae
753 2447 988 2489 confirmavit,
1022 2448 1140 2482 eadem
1162 2447 1256 2481 illam
1277 2456 1392 2480 omues
1415 2442 1530 2478 sciunt

50 2493 260 2528 auctoritate
285 2506 349 2529 sua
373 2494 567 2540 spoliatam.
621 2496 758 2539 Nempe
787 2506 828 2529 eo
854 2506 936 2530 casu
959 2494 1078 2529 divina
1100 2493 1235 2528 iustitia
1262 2489 1464 2538 patientiam
1486 2499 1530 2524 ac

49 2539 248 2582 dilationem
270 2541 394 2576 nullam
413 2541 563 2576 admisit.
610 2541 745 2576 Deinde
766 2540 990 2587 imperatoria
1014 2545 1188 2587 potestate
1207 2538 1310 2575 etiam
1332 2536 1377 2571 ad
1395 2540 1432 2570 te
1449 2545 1529 2570 sero

49 2585 240 2628 translata,
264 2586 405 2622 divinae
436 2587 677 2634 castigationis
701 2589 780 2634 ipse
805 2599 942 2634 quoque
962 2588 1111 2630 oblitus,
1143 2590 1180 2622 et
1200 2585 1259 2621 illa
1281 2583 1444 2621 Palamae
1466 2581 1530 2616 do-

51 2636 167 2678 gmata
192 2644 331 2668 rursum
362 2634 559 2680 amplexus,
591 2634 764 2669 licentiam
790 2635 824 2669 ei
851 2634 1022 2680 integram
1049 2633 1198 2675 dedisti,
1233 2630 1319 2667 alios
1343 2629 1471 2664 iniuste
1494 2631 1531 2663 et

51 2679 144 2714 nulla
163 2679 297 2715 ratione
328 2679 581 2726 episcopalibus
605 2682 747 2716 sedibus
774 2685 811 2715 et
835 2692 1040 2727 quocunque
1065 2678 1247 2726 dignitatis
1270 2675 1388 2723 gradu
1409 2679 1532 2709 extur-

50 2725 178 2769 bandi,
201 2725 287 2760 alios
303 2725 338 2760 in
355 2726 492 2761 illorum
510 2727 622 2762 locum
646 2727 908 2770 introducendi,
939 2728 1000 2773 qui
1018 2727 1207 2762 doctrinam
1224 2723 1362 2770 impiam
1387 2720 1530 2768 propria

50 2782 151 2807 manu
170 2772 274 2806 semel
293 2772 408 2818 rogati
426 2774 699 2819 consignassent.
745 2773 824 2817 Scis
847 2785 921 2816 me,
952 2773 1053 2809 amici
1077 2773 1194 2807 officio
1220 2772 1393 2810 sunctum,
1424 2777 1531 2813 {³¹⁸⁸-

50 2817 182 2853 dixisse
197 2819 264 2853 tibi
281 2830 324 2854 ac
339 2830 475 2866 semper
493 2820 776 2863 demuciavissc,
797 2832 867 2855 non
887 2820 1059 2856 abiturum
1080 2824 1118 2854 te
1140 2819 1278 2864 impune
1293 2815 1368 2850 Deo
1384 2814 1530 2855 offenso,

49 2864 114 2900 sed
130 2864 296 2902 afflictum
325 2864 371 2902 iri
396 2865 435 2902 in
453 2865 499 2902 iis
516 2867 644 2911 rebus,
667 2878 759 2915 quae
778 2866 977 2904 carissimae
999 2870 1137 2910 esseut3
1166 2874 1270 2901 uuum
1295 2861 1462 2899 videlicet
1482 2870 1530 2896 ex
