1794 3172
286 150 289 155 ⁵
329 158 647 206 HISTORIAE
674 159 1047 207 BYZANTINAE
1073 157 1233 208 XVIII.
1250 163 1291 210 5.
1440 156 1538 206 891

63 273 182 327 σμῶν
203 267 493 330 ξυνερῤὖηκεν,
530 268 599 315 οἷα
617 269 725 314 κατὰ
744 273 828 315 τῶν
843 270 1111 329 θερμοτὲρων
1130 274 1282 328 ψυχῶν
1299 270 1352 316 τιὶ
1376 275 1451 330 τῆς
1470 273 1536 317 ἐκ·
1559 283 1598 318 A.
1610 283 1647 317 c.
1666 282 1753 321 1351

62 341 237 396 κλησίας
269 342 395 384 τίκτει
422 338 620 397 ναυάγια,
657 339 730 384 ἅτε
757 337 978 398 φάρμακον
1006 342 1051 392 ἐξ
1071 339 1332 398 ἀνθρώπων,
1368 331 1755 413 ταχεῖανῐωᾶὶῗέοέψ

62 410 141 465 τὴν
165 407 284 453 λύσιν
323 408 691 467 ἐπαγγελλόμενον,
725 407 874 466 ἥκιστα
902 410 1116 470 δυναμένῳ
1152 413 1294 465 λαβεῖν
1324 412 1389 454 ἐπὶ
1418 417 1575 457 witao
1667 401 1676 411 θ

64 478 167 522 ὅθεν
191 476 317 534 ὁμόσε
341 486 492 536 χωρεῖν
523 480 566 530 ἔς
588 479 660 523 τὸν
694 477 752 522 δι’
781 477 1001 535 ἀθλήσεως
1027 478 1183 536 ἔγνωκα
1209 478 1423 535 θάνατον,
1461 487 1538 539 τῆς

33 552 141 591 5τοῦ
168 552 314 605 καιροῦ
331 545 606 606 περιστάσεως
624 550 681 599 εἷς
696 547 815 591 τοῦτ’
842 546 1020 606 ἀνάγκης
1040 546 1152 605 ἡμᾶς
1169 549 1512 609 περιελαυνούσης
1523 567 1534 578 ·

57 618 130 660 ‘iva
161 619 230 660 καὶ
259 618 424 668 πλείους
452 615 706 675 ὑπάρχοντες
742 618 895 675 ἕτεροι,
932 615 996 669 οἷς
1029 617 1194 676 μακρὸν
1231 621 1300 662 καὶ
1333 619 1533 680 διάπυρον

38 731 41 734 ⁴
62 689 182 743 ζῆλον
200 687 244 730 ἓν
263 684 506 743 σπλάγχνων
525 684 859 745 κυοφορούμενον
878 686 937 731 ἔτι
953 691 1073 747 μυχῷΙ
1091 685 1434 745 περιθάλπουσιν,
1460 691 1533 735 οὕ-

60 773 126 800 πω
155 755 298 814 καιρὸν
329 756 433 814 πρὸς
457 757 646 809 ἐπίδειξιν
672 756 868 813 ἐξεγένετο
895 761 1041 813 σχοῦσι
1068 755 1439 815 παρρησιάσασθαι
1457 761 1534 818 τὴν

60 823 287 882 ἀλήθειαν,
325 830 400 870 νῦν
428 831 528 884 γοῦν
548 825 684 884 ὥσπερ
713 827 892 884 ἐμφανεῖ
905 828 972 869 καὶ
1001 828 1187 885 δημοσίῳ
1208 826 1297 881 ἐμοὶ
1319 828 1579 886 χρησάμε-Ῑ)

5 900 123 939 1ονοι
142 895 467 953 παραδείγματι,
504 895 610 953 πρὸς
629 895 721 940 ἴσον
749 896 818 938 καὶ
838 895 956 939 αὐτοὶ
978 900 1055 952 τῆς
1081 895 1287 950 εὐσεβείας
1315 903 1428 955 σφᾶς
1456 900 1534 942 αὗ-

58 964 159 1015 τοῦς
181 963 481 1024 ἓπιῤῥώσαντες
498 962 888 1023 σταδιοδρομήσωσι
918 965 1100 1009 δίαυλον.
1137 963 1215 1008 κάκ
1237 965 1290 1022 δὴ
1307 969 1532 1025 προοιμίων

58 1034 229 1088 λοιπὸν,
266 1038 350 1078 τῶν
373 1035 494 1089 ἱερῶν
520 1036 589 1078 καὶ
614 1036 852 1090 μοναδικῶν
883 1033 1048 1091 ἀνδρῶν
1077 1036 1146 1078 καὶ
1174 1033 1372 1091 συνήθων
1400 1054 1531 1092 μετα-

57 1101 327 1159 πεμψάμενος
336 1137 351 1158 ,
389 1104 438 1148 τὸ
459 1104 622 1160 σκέμμα
643 1101 780 1163 τούτῳ
799 1107 1013 1158 κοινοῦμαι
1026 1116 1037 1128 ·
1073 1105 1142 1147 καὶ
1163 1102 1251 1158 ἅμα
1271 1103 1346 1161 τήν
1365 1123 1408 1150 τε
1431 1124 1532 1151 στο-

57 1173 134 1229 λὴν
150 1171 226 1216 ὑπ’
249 1173 379 1217 αὗτοῦ
402 1173 507 1231 πρὸς
523 1173 572 1218 τὸ
594 1173 819 1229 μοναδικὸν
838 1174 907 1215 καὶ
929 1172 1072 1226 αὐτὸς,
1104 1171 1163 1223 ὥς
1182 1173 1306 1218 εἴωθε
1327 1176 1529 1232 γίνεσθαι,
1566 1182 1604 1188 ”

2 1247 47 1285 15
59 1243 160 1293 τέως
181 1242 340 1299 ἤμειψα
361 1247 502 1299 σχῆμα
516 1257 526 1268 ·
562 1244 631 1286 καὶ
650 1247 727 1286 τοῦ
746 1246 892 1287 λοιποῦ
910 1259 954 1299 γε
982 1240 1278 1300 ἐπηγγειλάμην
1281 1276 1297 1297 ,
1333 1243 1386 1302 ἢν
1411 1246 1472 1303 μὴ
1502 1244 1567 1290 ὅΕ

55 1311 201 1370 παρὼν
219 1310 332 1368 ἡμᾶς
349 1310 539 1374 ἀπαγάγῃ
561 1316 636 1356 τοῦ
656 1313 752 1366 βίου
778 1311 945 1369 καιρὸς,
975 1313 1045 1355 καὶ
1063 1311 1140 1368 τὴν
1159 1314 1322 1357 δίαιταν
1347 1311 1405 1365 ὥς
1424 1315 1532 1365 εἰκὸς

55 1386 324 1437 μεταθεῖναι,
363 1383 440 1439 τὴν
467 1387 552 1426 τῶν
576 1383 797 1436 βασιλείων
813 1381 998 1436 ματαίαν
1027 1379 1246 1439 διατριβήν
1275 1399 1319 1425 τε
1343 1382 1432 1439 ἅμα
1462 1386 1531 1427 καὶ

55 1451 292 1510 παρ’ῥησιάν
308 1449 538 1510 ὁλοσχερῶς
555 1450 915 1507 ἀποτιναξάμενον.
938 1452 1007 1494 καὶ
1023 1455 1157 1494 ταῦτα
1173 1451 1250 1507 μὲν
1269 1451 1312 1502 ἔς
1330 1450 1425 1497 τόδε
1444 1454 1531 1496 ἐκε-

50 1518 243 1579 χωρήκει.

0 1597 47 1635 20
159 1587 203 1633 ε’.
230 1589 347 1646 ’Άρτι
378 1589 424 1633 δὲ
450 1590 519 1632 καὶ
548 1592 624 1644 τῆς
650 1586 807 1645 ἡμέρας
834 1588 1097 1644 ἐνεστηκυίας
1104 1620 1119 1642 ,
1157 1587 1201 1631 ἓν
1239 1581 1269 1646 ᾗ
1297 1588 1402 1647 πρὸς
1430 1589 1530 1641 τοὺς
1543 1591 1587 1625 Ρ.
1609 1592 1679 1630 561

53 1655 158 1715 ὑπὲρ
186 1657 393 1712 εὐσεβείας
412 1658 574 1717 ἀγῶνας
591 1658 713 1716 ἐχρῆν
730 1656 841 1713 ἡμᾶς
852 1661 1054 1715 καθαρῶς
1070 1655 1345 1711 ἀποδύεσθαι,
1368 1661 1528 1716 πρωίας
1546 1636 1590 1674 v'
1610 1636 1681 1675 454

55 1725 116 1770 ἔτι
146 1726 296 1783 οὔσης,
336 1729 433 1785 πρὶν
470 1727 547 1778 τὰς
567 1731 650 1771 τῶν
677 1724 858 1783 ἡλιακῶν
879 1728 936 1776 εἷς
952 1730 1028 1783 γῆν
1053 1727 1278 1782 ἐκχυθῆναι
1296 1726 1529 1782 λαμπάδων

55 1796 205 1853 αὐγὰς,
240 1796 389 1853 μικρὸν
409 1800 484 1840 τοῦ
514 1797 725 1851 δωματίου
754 1792 978 1853 προκύψας
1011 1793 1096 1853 δρῶ
1122 1796 1231 1838 κατὰ
1252 1799 1418 1852 πλῆθος
1441 1795 1529 1841 ἰόν-

54 1883 132 1916 τας
152 1864 251 1921 ἧμῖν
271 1865 427 1923 ἄνδρας
443 1863 646 1922 λογάδας,
683 1865 752 1907 καὶ
771 1862 931 1908 τούτων
951 1863 1049 1915 τοὺς
1074 1865 1238 1915 πλειόυς
1258 1863 1425 1921 ἀσκήσει
1446 1883 1529 1921 μο-

0 1937 203 1994 25ναδικῇ
232 1933 568 1990 διαλάμποντας·
603 1933 650 1977 οἳ
683 1937 766 1978 τῶν
804 1934 962 1977 οἰκείων
996 1933 1041 1976 ἐκ
1073 1937 1229 1977 πολλοῦ
1262 1934 1564 1991 διωχθέντες,’Β

54 2032 103 2068 tis
130 2031 313 2078 naufragia
337 2031 503 2068 ecclesiae
523 2031 635 2067 solent
651 2030 827 2066 inducere.
873 2029 1019 2066 Nullum
1044 2029 1173 2077 quippe
1191 2030 1236 2066 ab
1261 2030 1453 2067 hominibus
1468 2044 1527 2068 re-

54 2080 203 2115 medium
228 2079 339 2114 animo
367 2091 442 2114 meo
472 2079 694 2120 occurrebat,
718 2077 809 2123 quod
833 2076 954 2112 salutis
973 2077 1210 2124 expediendae
1227 2077 1316 2113 viam
1336 2078 1418 2113 mihi
1436 2079 1530 2114 cele-

54 2138 127 2161 rem
155 2126 353 2173 sponderet.
401 2125 549 2160 Decrevi
569 2124 689 2170 itaque
710 2129 833 2159 memet
846 2123 947 2158 morti
961 2135 1024 2169 pro
1050 2123 1218 2169 religione
1236 2124 1452 2160 defendenda
1471 2126 1528 2159 of-

54 2174 171 2215 ferre,
194 2173 274 2218 ipsa
297 2177 484 2218 temporum
505 2171 700 2206 conditione
721 2170 756 2205 in
783 2182 842 2205 eas
860 2182 913 2205 me
930 2170 1106 2216 angustias
1124 2170 1368 2216 compellente:
1392 2177 1429 2206 ut
1448 2181 1526 2207 cum

54 2219 115 2255 alii
145 2223 328 2265 praeterea
353 2220 546 2265 complures
575 2220 711 2260 essent,
738 2216 861 2263 quibus
878 2227 1034 2262 maguum
1054 2220 1091 2251 et
1115 2217 1288 2252 ardentem
1308 2218 1420 2252 zelum
1441 2217 1526 2251 inti-

55 2277 110 2301 mo
128 2266 233 2300 corde
251 2270 452 2312 conceptum
472 2264 669 2300 foventibus
692 2262 839 2298 nondum
859 2275 898 2297 se
920 2263 1054 2298 occasio
1078 2263 1259 2298 obtulisset
1278 2263 1469 2310 prodeundi
1487 2262 1526 2297 in

55 2312 164 2347 lucem
188 2315 224 2347 et
257 2312 471 2357 profitendae
500 2312 611 2357 palam
639 2308 819 2351 veritatis,
853 2308 880 2343 ii
910 2320 1000 2344 nunc
1026 2309 1146 2345 saltem
1173 2310 1280 2344 veluti
1305 2309 1525 2355 conspicuum

55 2359 297 2404 publicumque
312 2359 502 2404 exemplum
519 2369 572 2392 me
587 2357 762 2391 intuentes
785 2367 824 2389 se
842 2355 937 2401 ipsos
959 2355 1218 2397 confirmarent,
1242 2360 1278 2391 et
1296 2356 1332 2390 in
1351 2356 1440 2389 idem
1460 2366 1526 2389 ve-

55 2417 118 2440 rae
145 2404 245 2439 F'idei
270 2405 478 2439 curriculum
506 2403 576 2450 ipsi
603 2413 739 2448 quoque
763 2401 1022 2437 descenderent.
1068 2405 1118 2437 Ac
1146 2401 1246 2436 initio
1273 2401 1387 2436 statim
1411 2401 1524 2435 virum

56 2451 244 2498 quendam,
267 2451 482 2486 sacerdotem
507 2456 544 2485 et
569 2449 784 2494 religiosum,
814 2448 1023 2494 eundemque
1040 2448 1202 2490 amicum,
1227 2459 1386 2488 arcesso;
1413 2457 1524 2480 meum

56 2509 131 2532 cum
149 2508 190 2532 eo
207 2497 382 2532 consilium
395 2497 621 2532 communico:
637 2495 799 2540 simulque
808 2499 939 2530 vestem
951 2499 1057 2538 muto,
1074 2499 1110 2530 et
1126 2494 1278 2537 habitum
1290 2492 1524 2534 monasticum,

57 2548 97 2578 ut
121 2544 225 2578 moris
253 2547 327 2586 est,
351 2545 394 2578 ab
415 2555 456 2578 eo
481 2543 636 2598 accipio:
660 2542 893 2588 profiteorque
917 2552 970 2576 me
989 2541 1025 2576 in
1045 2546 1238 2587 posterum,
1262 2539 1329 2574 nisi
1347 2539 1430 2573 haec
1444 2537 1524 2583 ipsa

57 2589 193 2625 occasio
211 2600 256 2623 ex
272 2591 338 2625 hac
353 2591 427 2624 vita
444 2601 498 2624 me
514 2594 678 2624 eximeret
690 2613 700 2630 ‚
726 2587 828 2622 etiam
846 2590 975 2622 mutato
991 2587 1133 2622 vivendi
1161 2597 1287 2632 genere
1311 2585 1441 2619 inanem
1462 2594 1526 2618 au-

56 2637 113 2671 lae
137 2636 446 2682 frequentationem
471 2639 508 2671 et
535 2635 706 2671 licentiam
737 2633 871 2668 omnino
900 2633 1151 2669 abdicaturum.
1206 2632 1254 2667 Et
1274 2633 1360 2666 haec
1387 2630 1524 2677 quidem

55 2682 236 2718 hactenus.

148 2729 183 2765 5.
212 2727 344 2763 Aderat
367 2728 462 2771 dies,
494 2739 562 2775 qua
585 2739 648 2763 nos
666 2726 849 2773 oportebat
868 2725 960 2761 inire
984 2730 1140 2772 apertum
1160 2728 1332 2759 certamen
1361 2732 1426 2767 pro
1451 2719 1524 2755 fide

57 2775 261 2810 orthodoxa.
316 2775 420 2810 Mane
441 2774 517 2810 eius
538 2775 628 2817 diei,
652 2780 833 2818 antequam
852 2777 948 2807 terra
976 2773 1059 2807 solis
1077 2772 1155 2806 luce
1179 2769 1523 2809 circumfunderetur,

57 2821 174 2866 capite
195 2825 294 2856 extra
308 2821 460 2856 cellulam
483 2821 653 2867 paululum
672 2824 824 2862 exserto,
844 2818 948 2853 video
969 2820 1016 2854 ad
1036 2830 1090 2853 me
1115 2819 1148 2852 fr
1192 2820 1312 2851 uentea
1336 2814 1525 2867 adventare

58 2866 153 2903 viros
178 2867 405 2911 lectissimos,
427 2868 609 2915 plerosque
628 2865 838 2902 monasticae
861 2865 959 2901 vitae
977 2863 1160 2912 disciplina
1178 2863 1352 2904 illustrem
1375 2859 1434 2907 qui
1450 2869 1524 2894 auu
