1754 3164
188 125 320 176 1256
750 135 1232 182 ANNOTATIONES.

187 245 394 291 σταντῖνος
425 241 482 290 εἷς
510 238 578 282 τόν
613 239 859 296 Μιζηθροῖν,
908 242 978 284 καὶ
1007 243 1143 313 ἐδιέβη
1175 245 1234 296 εἰς
1269 260 1345 299 την
1385 241 1505 286 πόλιν
1542 242 1565 286 ὅ
1611 240 1725 285 ἁδελ-

188 297 269 350 φὸς
300 295 428 340 αὐτοῦ
456 315 477 340 ο
494 299 732 368 μακαρίτης
753 297 944 354 δεσπότης
972 297 1114 356 κύριος
1133 300 1362 358 Θεόδωρος·
1393 301 1462 343 καὶ
1481 299 1579 354 μετὰ
1600 305 1725 342 ταῦτα

188 352 374 409 ἀπῆλθεν
405 355 429 398 ὅ
452 351 570 404 αὐτὸς
600 353 792 410 δεσπότης
823 355 965 412 κύριος
990 362 1297 410 Κωνσταντῖνος
1318 360 1361 402 ἒν
1392 363 1444 417 τῇ
1473 362 1727 400 Κωνσταντι-

187 410 380 455 νουπόλει
407 429 582 469 γεγονως
611 413 798 468 βασιλευς
828 415 872 456 ἐν
894 419 950 472 τῷ
980 414 1118 486 ‹3701272'
1149 418 1236 459 ε’τει.
1294 431 1448 458 BOIVIN.

305 474 399 525 Pssg
432 473 606 522 571,1.
668 470 758 527 Πρὸ
790 472 890 514 ἐτῶν
920 471 1039 528 ἐγγύς
1069 491 1149 516 που
1180 473 1323 518 ἑκατόν
1352 474 1421 516 καὶ
1450 469 1726 525 πεντήκοντα]

190 528 301 567 Lib1i
346 528 535 569 undecim
574 529 732 582 priores
773 529 981 570 historiam
1024 533 1230 573 continent
1259 547 1454 573 annorum
1490 531 1729 570 CXXXVII.

189 586 292 626 Vide
322 600 423 638 quae
454 589 734 626 annotavimus
767 588 816 627 ad
847 589 1007 628 titulum
1037 591 1128 630 lib1i
1158 592 1292 644 primi.
1340 604 1489 630 BOIVIN.

303 643 405 697 Pag·
439 645 535 694 572,
569 648 634 688 18·
680 642 932 695 Ἠλικιώταις
954 648 1039 705 ἰδίᾳ
1056 648 1217 704 γέγονεν
1241 646 1374 703 εἶναι]
1406 645 1635 699 Legendnm
1654 645 1732 684 ΐοι-

190 708 321 752 tasse,
351 699 582 755 ηλικιώταις
613 702 844 758 διαγέγονεν
880 701 998 746 εἶναι.
1057 708 1123 745 Sic
1153 707 1222 749 lib.
1256 707 1366 748 XIII.
1397 720 1487 759 cap.
1511 704 1601 745 XII.
1635 709 1733 743 sect.

117 813 121 816 s
193 764 235 805 8.
267 759 471 814 διαγέγονε
500 763 734 813 κεχρῆσθαι.
794 776 950 804 nonus.

306 816 405 871 Pag.
438 818 534 868 576,
567 821 631 860 18.
694 816 813 870 Παροέ
843 836 919 871 την
949 822 1031 861 τῶν
1055 819 1238 874 Ὅδηγῶν
1269 817 1426 875 μονήν]
1467 820 1535 858 Usi
1556 817 1735 870 Augusla

192 875 331 916 triduo
355 876 501 914 mansit
521 881 614 928 post
636 876 818 927 coniugis
839 877 1016 928 obitum,
1047 878 1090 916 in
1111 879 1307 918 Palatium
1329 891 1533 944 regressa.
1592 878 1738 914 Canta-

195 948 284 973 cuz.
315 933 385 972 lib.
415 933 485 974 III.
518 947 607 986 cap.
643 938 679 976 1.
738 934 860 973 Istius
887 935 996 976 aedis
1022 937 1172 975 mentio
1209 938 1249 975 in
1274 936 1411 989 priore
1440 935 1618 973 Historia
1656 948 1738 972 non

196 991 320 1031 semel
355 990 555 1042 occurrit,
597 990 647 1030 de
677 1005 756 1044 qua
784 992 967 1045 pluribus
997 994 1148 1046 egimus
1179 994 1223 1032 in
1251 993 1556 1058 Cvstantinop.
1591 991 1738 1030 Christ.

195 1050 267 1090 lib.
289 1048 355 1087 IV.
375 1055 470 1089 sect.
492 1049 542 1091 II
565 1062 605 1087 n.
622 1049 690 1091 24.
750 1063 925 1090 nonme.

311 1103 408 1160 Pag·
440 1107 539 1154 576,
572 1109 638 1149 21-
684 1104 888 1149 ’Έννατον
920 1110 993 1160 τῆς
1021 1107 1204 1161 ἡλικίας]
1241 1109 1368 1149 Natus
1396 1107 1548 1160 quippe
1571 1106 1740 1144 Ioannes

197 1162 471 1216 Didymotichi
497 1163 646 1204 XVIII.
676 1163 800 1214 Iunii,
833 1180 936 1204 anno
965 1165 1059 1205 Chr.
1088 1171 1211 1210 1332.
1231 1168 1291 1205 uti
1313 1172 1426 1205 notat
1448 1167 1649 1215 Gregoras
1669 1163 1739 1202 lib.

197 1223 251 1262 X.
273 1235 361 1273 cap.
383 1223 425 1264 3.
463 1221 564 1260 Vide
589 1221 853 1261 Cantacuzen.
877 1223 948 1262 lib.
966 1223 1032 1264 ΙΙΙ.
1058 1237 1143 1277 cap.
1163 1228 1202 1266 2.
1231 1238 1406 1263 nocane.
1442 1220 1647 1263 ’Ἑννατον
1670 1224 1743 1274 τῆς

198 1279 391 1332 ’ἦλικίας’
379 1278 463 1327 ε’τος
480 1274 713 1332 οἷμείβοντα]
736 1280 859 1331 Verri,
873 1282 1031 1335 quitum
1053 1297 1195 1321 nonum
1214 1283 1356 1320 aetatis
1372 1295 1518 1319 annum
1540 1277 1742 1332 emplebat.

198 1337 336 1378 Malim
349 1350 469 1386 nunc,
483 1334 711 1376 excedebat.
748 1338 846 1376 Nam
859 1345 898 1377 et
910 1352 954 1377 ea
969 1345 1028 1377 est
1045 1339 1106 1378 vis
1118 1339 1234 1378 verbi
1246 1335 1439 1391 ἀμείβειν,
1460 1343 1499 1376 et
1509 1336 1743 1375 huicinter-

199 1409 251 1448 pr
255 1394 419 1434 etationi
432 1394 541 1433 favet
562 1393 619 1445 id,
644 1394 753 1445 quod
772 1395 821 1435 de
832 1395 981 1434 Ioanne
996 1396 1143 1447 legitur
1162 1396 1345 1436 infralib.
1361 1395 1447 1436 XV.
1464 1408 1549 1447 cap.
1560 1395 1629 1436 XI.
1643 1399 1744 1433 sect.

203 1456 242 1496 8.
252 1453 324 1491 ub1
344 1452 492 1492 dicitur
509 1465 676 1490 uxorem
699 1452 864 1492 duxisse
875 1454 1065 1492 Helenam
1087 1454 1287 1493 sexdecim
1307 1467 1429 1492 annos
1448 1461 1574 1492 natus.
1593 1465 1744 1491 nomm.

318 1513 414 1564 Pag.
445 1509 542 1559 576,
571 1513 642 1553 22·
696 1508 883 1563 Μιχαηλ]
917 1511 1018 1551 Vide
1036 1511 1175 1553 Famil.
1197 1513 1362 1564 Byzant.
1419 1523 1595 1549 DUGANG.

320 1571 417 1621 Pag.
450 1569 548 1616 577,
581 1567 621 1610 5.
669 1562 830 1624 Ἀλεξίῳ
849 1567 893 1609 δὲ
910 1585 964 1624 τῳ
983 1565 1243 1626 Ἀποκαύκω]
1275 1569 1445 1608 Exstat
1434 1582 1477 1606 m
1495 1567 1746 1607 Bibliotheca

205 1625 328 1678 Regia
366 1625 506 1664 Codex
535 1625 675 1676 ingens
706 1625 944 1665 chartaceus
975 1627 1176 1676 Graecus,
1218 1640 1297 1679 quo
1330 1625 1586 1664 continentur
1603 1626 1747 1678 Opera

205 1683 467 1737 Hippocratis
487 1684 570 1723 fere
594 1683 793 1723 universa.
851 1684 947 1723 Eius
963 1684 1055 1724 libri
1081 1685 1192 1723 initio
1217 1685 1407 1750 imagines
1430 1683 1566 1722 duae
1555 1697 1597 1721 m
1627 1698 1748 1722 mem·

206 1742 346 1782 branis
388 1741 520 1794 pictae
564 1749 797 1782 occurrunt.
867 1742 899 1781 1.
937 1741 1205 1795 Hippocrates
1247 1743 1291 1780 in
1326 1741 1553 1794 hemicyclo
1594 1741 1750 1784 sedens,

210 1800 355 1839 dextra
380 1799 601 1848 calamum,
632 1799 747 1838 laeva
771 1800 921 1839 librum
944 1806 1051 1839 tenet
1069 1802 1326 1852 resignatum.
1386 1799 1434 1839 II.
1466 1799 1634 1850 Magnus
1659 1799 1750 1836 Dux

210 1858 452 1911 Apocaucus
474 1857 517 1895 in
539 1855 731 1896 cathedra
756 1857 887 1897 sedet:
917 1871 1034 1909 quem
1056 1872 1159 1910 pone
1180 1864 1258 1897 stat
1275 1870 1393 1909 puer,
1424 1856 1571 1894 librum
1597 1857 1636 1894 in
1659 1857 1750 1908 plu-

210 1922 277 1955 teo
298 1921 480 1968 apertum
503 1927 623 1953 manu
653 1915 814 1954 sinistra
834 1914 1130 1968 apprehensum
1151 1922 1317 1964 tenens,
1357 1920 1398 1954 et
1425 1914 1571 1965 legenti
1599 1913 1752 1951 similis.

213 1973 274 2012 Ad
307 1979 520 2024 utramque
549 1972 762 2023 imaginem
794 1986 999 2012 accessere
1029 1972 1290 2026 Hippocratis
1319 1978 1358 2011 et
1378 1971 1589 2024 Apocauci
1611 1971 1752 2009 laudes

213 2036 399 2080 mutuae,
430 2030 597 2068 senariis
616 2029 801 2068 Iambicis
825 2029 1164 2083 comprehensae,
1197 2044 1343 2082 eaeque
1363 2031 1404 2068 in
1428 2028 1673 2079 marginibus
1693 2035 1750 2066 ta-

214 2088 411 2127 bellarum
442 2093 639 2127 exaratae.
696 2088 885 2139 Figuram
922 2089 1153 2140 Apocauci‚
1193 2088 1271 2126 viri
1305 2093 1398 2140 post
1429 2087 1753 2125 Cantacuzenum

215 2146 259 2184 in
287 2145 366 2184 hac
391 2145 630 2196 Byzantinae
658 2146 858 2185 Historiae
878 2152 992 2198 parte
1016 2145 1342 2195 celebratissimi,
1384 2144 1467 2183 aeri
1486 2143 1610 2182 incidi
1631 2156 1754 2181 cura-

217 2203 370 2252 vimus,
401 2201 464 2240 his
496 2202 650 2243 seilicet
692 2203 800 2241 notis
828 2203 1091 2242 inserendam.
1152 2203 1352 2252 Quoniam
1378 2207 1510 2241 autem
1536 2200 1754 2252 Apocauco

218 2261 430 2313 proximus
450 2261 491 2297 in
514 2260 659 2300 Codice
678 2261 802 2311 Regio
821 2261 967 2300 assidet
989 2268 1028 2301 et
1049 2275 1138 2300 eum
1158 2263 1270 2314 prior
1291 2259 1507 2311 compellat
1527 2259 1754 2310 Hippocra-

219 2325 293 2369 tes,
337 2318 430 2357 ideo
452 2315 573 2356 huius
604 2332 765 2370 quoque
786 2319 1010 2370 imaginem,
1043 2316 1338 2370 Chalcographi
1361 2329 1481 2355 manu
1504 2315 1754 2364 delineatam,

221 2376 264 2414 in
291 2376 420 2414 lucem
454 2373 619 2415 edimus.
677 2375 834 2415 lambos
858 2377 970 2430 ipsos
997 2377 1077 2415 aeri
1099 2375 1273 2427 insculpi
1299 2388 1380 2412 non
1396 2386 1559 2411 necesse
1580 2386 1664 2411 esse
1684 2372 1754 2411 du-

221 2434 377 2484 ximus,
406 2445 506 2485 quos
530 2432 639 2484 typis
665 2433 834 2485 exprimi
866 2434 1022 2473 facilius
1042 2434 1160 2473 foret.
1221 2433 1281 2470 Ex
1300 2432 1350 2470 iis
1371 2444 1497 2484 porro
1518 2430 1665 2468 lambis
1690 2444 1754 2482 ap-

223 2497 340 2544 paret
370 2492 652 2544 Apocaucum,
694 2492 950 2542 quantumvis
979 2490 1153 2554 publicis
1183 2489 1353 2540 negotiis
1385 2488 1632 2538 districtum,
1677 2494 1754 2525 stu-

226 2549 360 2587 duisse
393 2547 636 2598 Medicinae5
672 2548 793 2587 immo
834 2556 872 2588 et
902 2549 1035 2589 eiusce
1067 2548 1163 2587 artis
1193 2546 1479 2599 peritissimum
1506 2545 1640 2584 fuisse.
1699 2545 1754 2582 Ita

226 2607 378 2660 quippe
393 2606 661 2658 Hippocrates
677 2605 831 2657 pictum
848 2609 889 2646 in
910 2606 1078 2646 adversa
1091 2605 1232 2658 pagina
1245 2604 1505 2656 Apocaucum
1521 2602 1754 2654 alloquitur:

443 2660 634 2731 Ἰατρικῆς
663 2661 749 2722 μὲν
764 2666 837 2716 τῆς
855 2664 1077 2735 κρατίστης
1106 2662 1148 2703 ἓν
1179 2661 1334 2714 τέχναις

448 2716 593 2769 Δεινός
622 2736 681 2768 τις
711 2716 788 2761 εἷλε
816 2737 892 2774 την
922 2719 1022 2774 ἐμην
1052 2717 1192 2790 ψυχην
1223 2719 1340 2787 ε’ρως,

448 2773 516 2818 Ἐκ
550 2775 697 2826 παιδος
726 2773 854 2827 εὐθὺς
883 2778 1059 2827 ἐντακεὶς
1090 2772 1373 2846 εὕμηχάτως,

453 2833 538 2876 Καὶ
566 2837 818 2889 προσπαθῶς
847 2835 1015 2889 ἔχουσαν
1046 2835 1171 2878 ἕλκων
1202 2850 1279 2888 την
1312 2827 1440 2885 φύσιν
