1794 3172
256 132 362 181 936
599 171 602 175 -
645 136 961 185 NICEPHORI
989 137 1317 184 GREGORAE

38 260 247 344 Α.1Μῃᾱ6ἓ59
361 245 419 304 β’.
449 247 574 293 Ἀλλὰ
593 247 671 306 γὰρ
694 249 784 304 ἐμοὶ
801 249 878 304 μὲν
899 246 975 308 (ὡς
994 249 1037 292 ἐν
1056 249 1267 308 κεφαλαίῳ
1287 245 1435 308 φάναι)
1449 245 1606 302 τοιάδε,
1633 247 1736 303 πρὸς

109 354 150 391 ν’
168 354 408 444 47((53λέχθαι
437 388 745 443 συμπέπτωκεν.
795 385 817 431 ὅ
837 388 882 431 δὲ
900 388 947 432 τὸ
969 389 1096 443 μέσος
1118 387 1218 432 εἶναι
1241 389 1346 431 κατὰ
1376 389 1429 432 τὰ
1459 388 1736 444 ὃμωμοσμένα

253 457 397 517 πόῤῥω
410 475 489 500 που
511 457 687 513 θέμενος
709 456 805 508 ὅλος·
825 461 900 512 τῆς
918 462 993 501 τοῦ
1013 462 1203 513 Παλαμᾶ
1226 456 1391 514 γνώμης
1411 457 1498 513 ἅμα
1518 459 1585 500 καὶ
1603 455 1735 513 γλώτ-

254 544 332 583 της
352 523 478 577 αὖθις
496 525 830 582 ἀντιποιούμενος
843 522 908 584 ἦν.
945 535 1033 579 τοῖς
1052 528 1131 585 γὰρ
1158 529 1308 571 ἐκείνου
1330 531 1505 571 τοσοῦτο
1522 528 1766 584 παρείχετο5

258 595 396 653 λόγοις
435 594 695 652 τάγώνισμα,
744 595 843 640 ὅσον
873 597 966 640 οὐδ’
1004 597 1056 640 ἂν
1091 601 1213 641 εἷπεῖν
1243 596 1321 653 ἔχω
1351 595 1625 656 θαρρούντως
1651 602 1739 645 τοῖς

215 668 403 719 Βῖδιόις,
442 650 552 724 &imp
582 666 708 717 αὐτὸς
731 666 923 724 ἄντικρυς
945 665 966 710 ὃ
989 674 1075 718 τοῖς
1095 665 1321 724 ἐγκλήμασί
1339 685 1383 710 τε
1409 664 1641 723 ἐνεχόμενος
1670 665 1738 707 καὶ

257 736 337 786 τὰς
361 734 542 786 εὐθύνας
560 734 715 793 ὑπῆρχε
735 735 887 787 διδούς.
935 737 998 780 διὸ
1022 739 1089 780 καὶ
1112 745 1198 787 τοῖς
1219 739 1332 789 ἐμοῖς
1362 736 1582 795 ἀχθομένῳ
1604 733 1740 791 λόγοις

251 803 375 864 ,ἐῴκει
396 807 569 863 κομιδῇ,
598 806 675 862 τὴν
697 804 840 864 ἐτέραν
859 807 926 849 καὶ
949 806 1112 863 οὐδαμῆ
1131 806 1206 862 τὴν
1225 807 1376 850 ἐκείνου
1394 807 1573 860 βαδίζειν
1594 805 1738 863 αἴρου·

257 875 389 935 μένῳ,
427 874 565 930 ὥσπερ
588 874 640 918 ἂν
658 878 692 919 εἷ
709 874 850 931 μόνοις
868 883 954 927 τοῖς
974 877 1125 920 ἐκείνου
1143 874 1398 931 βουλεύμασι
1424 876 1634 933 πέπρωται
1660 871 1734 917 κύ-
1747 882 1793 918 10

257 319 431 374 βασιλέα
454 321 522 362 καὶ
541 318 640 369 τούς
660 319 812 362 ἐκείνου
843 317 992 376 λόγους
1010 319 1087 370 τὰς
1104 319 1337 376 ἀποκρίσεις
1364 316 1603 372 εὖθύνοντι,
1640 321 1740 361 διει-

258 948 341 1004 κλῳ
373 944 574 1002 περιῤῥεΐν
610 946 685 996 τὰς
711 950 787 1001 τῆς
822 944 1082 1002 δικαιοσύνης
1112 944 1259 1003 πηγάς.
1306 947 1396 1001 ἐμοὶ
1420 945 1498 1002 γὰρ
1527 943 1640 999 μάλα
1671 960 1735 986 τοι

257 1015 501 1071 δεδογμένον
539 1013 649 1073 ἐπῄει
683 1016 894 1072 γίγνεσθαι
923 1020 1080 1060 σκοποῦ
1111 1015 1387 1073 προτεθέντος
1415 1016 1459 1058 ἐκ
1491 1015 1732 1072 προοιμίων,

259 1084 391 1127 ἐκεῖνα
421 1084 571 1140 λέγειν,
611 1083 710 1128 ὅθεν
743 1084 794 1129 ἂν
820 1085 873 1128 τὰ
902 1090 984 1129 τῶν
1010 1084 1253 1129 σκανδάλων
1282 1085 1395 1128 αἶ’τια
1424 1089 1501 1141 τῆς
1521 1084 1737 1140 ἐκκλησίας

217 1151 530 1211 Εέξαιρεθῆναί
556 1170 599 1197 τε
631 1154 767 1214 ῥᾷστα
795 1156 862 1198 καὶ
891 1155 962 1206 ξὺν
993 1156 1132 1199 οὐδενί
1159 1173 1257 1199 ποτε
1284 1155 1439 1212 γένοιτο
1470 1151 1595 1213 πόνῳ.
1646 1151 1738 1196 ὅδὲ

259 1221 397 1281 ὥσπερ
420 1223 590 1277 ὠδίνων,
621 1226 690 1267 καὶ
711 1225 992 1283 περιστρέφων
1014 1224 1179 1269 ἅπαντα
1197 1224 1270 1269 τὸν
1293 1223 1447 1268 σκοπὸν
1466 1225 1509 1275 ἐξ
1525 1223 1655 1280 ἀρχῆς
1677 1224 1734 1272 εἷς
1749 1228 1792 1266 15

256 1291 364 1351 ἅπερ
387 1288 438 1349 ἦν
459 1297 518 1352 τῷ
539 1296 729 1354 Παλαμᾷ
754 1294 858 1353 πρὸς
878 1292 1139 1351 βουλήσεως,
1178 1297 1261 1338 ἐκεῖ
1285 1295 1388 1349 κάμὲ
1405 1293 1482 1344 τὰς
1499 1297 1583 1337 τῶν
1604 1290 1735 1349 λόγων

260 1361 592 1420 προσηνάγκαζεν
628 1363 839 1407 ἀνθέλκειν
869 1363 998 1420 ἡνίας.
1071 1362 1162 1423 (Β.)
1192 1363 1322 1407 Ὅθεν
1353 1363 1443 1414 ἐξὸν
1470 1364 1541 1418 ἐμὲ
1571 1360 1736 1419 παῤῥη-

257 1431 575 1488 σιαστικώτερον
599 1440 687 1483 τοῖς
707 1433 880 1490 ἐλέγχοις
909 1438 1162 1491 κεχρῆσθαι,
1202 1435 1237 1477 εἷ
1265 1436 1481 1487 Παλαμᾶς
1511 1430 1637 1481 αὐτός
1663 1448 1736 1486 μοι

258 1501 337 1552 τὰς
362 1500 617 1560 ἀντιῤῥήσεις
648 1504 822 1558 εἰσῆγεν,
861 1503 979 1560 ἔγωγε
995 1501 1194 1561 ὖφιέμην,
1234 1502 1282 1545 οὗ
1312 1500 1428 1557 μάλα
1449 1499 1551 1545 ἑκὼν
1579 1498 1735 1558 ἀνάγκῃ

106 1576 147 1610 Ρ.
164 1576 234 1614 589
258 1570 476 1616 δουλεύων.
515 1573 583 1614 καὶ
605 1576 692 1623 πῶς
708 1572 786 1630 γὰρ
806 1571 856 1616 οὗ
871 1588 880 1597 ·
917 1567 949 1633 ᾧ
970 1574 1038 1616 καὶ
1061 1573 1116 1616 δι’
1143 1570 1356 1624 εὐλάβειαν
1374 1570 1591 1627 βασιλικὴν
1613 1568 1731 1628 ὕφει·
1744 1579 1791 1616 20

255 1641 388 1696 μένως
407 1658 495 1692 πως
512 1643 840 1701 προενηνεγμένῳ
858 1642 957 1693 τοὺς
983 1640 1150 1700 λόγους,
1185 1640 1288 1699 ὑπὲρ
1319 1646 1394 1685 τοῦ
1418 1641 1548 1696 μηδὲν
1581 1640 1736 1696 ἀπηχὲς

256 1713 380 1754 εἷπεΐν
413 1711 679 1771 σκοπουμένῳ
692 1744 706 1766 ,
745 1714 899 1756 πολλαί
914 1714 990 1768 μοί
1004 1729 1109 1763 τινες
1129 1713 1194 1755 καὶ
1211 1717 1376 1767 βαρεῖαι
1399 1708 1609 1767 γεγόνασιν
1634 1710 1736 1752 ἐκεῖ-

256 1784 335 1825 θεν
356 1781 573 1836 ἀπέχθειαι
594 1783 662 1824 καὶ
685 1781 790 1840 πρὸς
810 1781 882 1826 τὸν
903 1787 978 1826 τοῦ
999 1780 1122 1840 λόγου
1151 1779 1308 1840 δρόμον
1329 1778 1476 1839 ἐφόδια
1501 1778 1731 1839 φθαρτικὰ,

353 1903 413 1939 21.
435 1904 515 1944 τοῖς
531 1900 656 1950 λόγοις
673 1903 759 1939 coni.
777 1902 879 1939 Boiv.

355 2005 391 2041 2.
414 2005 513 2040 Haec
537 2005 574 2042 in
604 2018 731 2042 summa
754 2008 918 2049 fuerunt,
942 2017 1031 2052 quae
1058 2018 1123 2052 ego
1143 2005 1185 2042 ad
1207 2005 1447 2052 imperatorem
1467 2014 1675 2046 conversus,
1699 2007 1737 2038 et

262 2051 308 2088 ad
331 2063 371 2085 ea
399 2063 490 2097 quae
516 2053 652 2089 dixerat
680 2054 913 2100 respondens,
941 2058 1025 2087 tunc
1050 2053 1234 2099 disputavi.
1292 2053 1376 2094 Ille,
1401 2057 1532 2087 tantum
1551 2051 1662 2086 abfuit
1683 2055 1736 2092 ut,

263 2098 545 2145 quemadmodum
564 2101 752 2142 iuraverat,
772 2111 901 2146 aequus
917 2099 1047 2134 arbiter
1067 2101 1227 2141 sederet,
1252 2098 1444 2134 sententiae
1464 2103 1501 2132 et
1520 2097 1637 2133 verbis
1668 2097 1736 2131 Pa-

261 2145 373 2180 lamae
388 2144 611 2181 defendendis
630 2151 722 2182 totus
740 2158 860 2181 rursus
877 2146 1106 2183 incumbebat.
1141 2147 1257 2181 Tanto
1278 2146 1411 2181 scilicet.
1428 2144 1542 2180 studio
1560 2156 1623 2190 pro
1641 2143 1737 2179 illius

261 2192 366 2226 dictis
386 2193 566 2235 certabat,
590 2199 716 2239 quanto
740 2204 804 2227 nec
821 2204 881 2239 pro
905 2193 997 2235 suis,
1020 2193 1128 2227 ausim
1149 2193 1283 2233 dicere,
1307 2193 1337 2226 si
1365 2192 1441 2237 ipse
1466 2192 1502 2225 in
1524 2193 1651 2226 crimen
1674 2190 1738 2225 ad-

261 2238 386 2273 ductus
407 2243 444 2273 et
462 2238 506 2272 ad
529 2239 722 2275 reddendas
739 2240 890 2274 rationes
916 2244 1054 2274 coactus
1072 2241 1210 2274 fuisset.
1258 2240 1487 2281 Quamobrem
1507 2242 1543 2272 et
1561 2237 1646 2272 meis
1662 2248 1738 2271 ser·

261 2284 419 2320 monibus
444 2285 547 2319 valde
564 2286 695 2320 offendi
713 2285 897 2321 videbatur
910 2312 921 2327 ,
945 2286 1003 2332 qui
1023 2298 1089 2321 non
1112 2287 1252 2321 eandem
1273 2297 1371 2331 quam
1399 2285 1458 2320 ille
1481 2284 1543 2319 sed
1564 2284 1736 2318 diversam

261 2331 355 2366 viam
382 2331 518 2376 ingredi
543 2331 792 2375 instituissem3
816 2344 857 2366 ac
882 2333 913 2367 si
939 2334 1012 2367 sola
1032 2333 1107 2367 eius
1126 2332 1269 2367 consilia
1289 2344 1331 2366 ex
1349 2330 1662 2366 circumfluentibus
1683 2330 1738 2363 iu-

262 2378 383 2413 stitiae
402 2378 554 2412 fontibus
573 2378 724 2414 derivari
741 2379 845 2414 fixum
864 2379 1107 2426 definitumque
1124 2385 1227 2416 esset.
1274 2379 1351 2424 Ego
1371 2378 1480 2421 enim,
1515 2378 1607 2422 quod
1630 2387 1738 2421 argu-

261 2429 410 2460 mentum
427 2425 471 2459 ab
486 2424 587 2460 initio
607 2425 816 2472 propositum
834 2426 963 2469 fuerat,
989 2426 1024 2461 in
1045 2438 1084 2460 eo
1109 2426 1252 2461 maxime
1270 2425 1406 2460 versari
1427 2424 1646 2459 decreveram
1658 2448 1669 2465 ‚
1693 2434 1737 2458 ea

259 2483 384 2517 nempe
403 2471 571 2514 (licturus,
593 2472 683 2507 unde
700 2473 936 2507 scandalorum
953 2484 1078 2508 causae
1095 2484 1137 2507 ex
1155 2472 1304 2507 ecclesia
1321 2471 1395 2506 tolli
1412 2471 1574 2505 facillime
1590 2475 1626 2504 et
1641 2469 1734 2504 nullo

259 2517 380 2553 labore
397 2517 600 2564 potuissent.
650 2521 712 2554 Ast
729 2519 787 2553 ille
806 2519 901 2554 velut
921 2520 1135 2566 parturiens,
1159 2522 1195 2553 et
1213 2518 1249 2552 in
1272 2530 1315 2553 ea
1330 2519 1504 2559 intentus,
1523 2528 1613 2563 quae
1630 2516 1737 2550 Pala-

259 2575 334 2600 mas
365 2565 490 2607 vellet,
521 2570 626 2612 atque
655 2566 698 2600 ad
728 2577 802 2600 eum
830 2578 969 2612 scopum
996 2565 1106 2600 omnia
1133 2565 1177 2600 de
1198 2564 1334 2609 integro
1353 2565 1527 2606 referens,
1553 2575 1606 2598 me
1624 2563 1734 2608 ipsum

259 2623 399 2658 quoque
418 2611 566 2657 cogebat
587 2612 750 2647 orationis
774 2624 906 2647 cursum
924 2625 964 2647 eo
982 2613 1183 2648 transferre.
1240 2612 1325 2656 (11.)
1350 2611 1472 2657 Itaque
1491 2622 1577 2655 ego,
1602 2609 1679 2655 qui,
1704 2608 1736 2643 si

259 2656 338 2703 ipse
360 2658 518 2694 Palamas
543 2659 826 2701 contradixisset,
858 2659 1002 2694 liberius
1029 2659 1215 2706 potuissem
1234 2670 1308 2692 eum
1327 2657 1557 2703 redarguere,
1581 2655 1736 2690 remitte-

260 2704 341 2739 bam
363 2716 430 2739 non
448 2710 592 2751 sponte,
618 2706 818 2741 necessitati
841 2706 1006 2741 serviens.
1063 2706 1110 2740 Et
1135 2704 1218 2751 quid
1240 2704 1331 2739 aliud
1353 2705 1521 2746 facerem,
1554 2714 1627 2737 cum
1654 2701 1737 2736 mihi

259 2751 306 2785 ob
328 2751 547 2796 imperatoris
566 2753 795 2788 reverentiam
822 2752 937 2786 verbis
964 2764 1084 2798 parum
1104 2752 1243 2786 acribus
1271 2751 1432 2792 invecto,
1457 2762 1498 2784 ac
1517 2761 1561 2784 ne
1582 2748 1666 2794 quid
1683 2748 1737 2782 in-

259 2802 397 2841 gratum
418 2798 566 2834 dicerem
590 2800 748 2842 caventi,
771 2810 915 2844 magnae
932 2804 1046 2834 tamen
1071 2804 1108 2834 et
1127 2809 1252 2843 graves
1281 2798 1362 2832 inde
1382 2796 1583 2831 inimicitiae
1605 2794 1735 2829 confla-

257 2848 320 2879 tae
345 2844 436 2891 aiut,
462 2849 498 2881 et
516 2845 681 2882 orationis
699 2857 834 2883 cursum
850 2845 968 2882 oblata
994 2844 1206 2882 offendicula
1229 2843 1450 2892 abruperiutt
1482 2841 1564 2879 mihi
1585 2842 1737 2887 iuquam,
