1794 3172
265 152 371 202 ·874
614 209 616 211 v
677 155 995 202 NICEPHORI
1023 153 1347 205 GREGORAE

45 283 84 316 Α.
96 279 142 314 Μ.
165 277 257 316 6858
268 287 335 314 κεν
363 267 565 325 εὗσεβεΐς,
600 267 693 311 δέον
725 268 847 310 ἐλεεῖν
870 270 976 325 λιμῷ
1009 267 1076 309 καὶ
1106 266 1212 323 δίψῃ
1242 261 1508 320 θνήσκοντας
1537 263 1605 307 καὶ
1638 258 1753 320 πάσῃ

102 326 209 362 ¹nd·3
226 339 526 407 1)ταλαιπωρία
537 371 550 392 ,
586 336 607 381 ὃ
629 339 673 381 δὲ
694 339 760 380 καὶ
781 333 969 394 ἀτάφους
990 336 1190 394 ἒῤῥίφθαι
1212 335 1377 378 ἐκέλευε.
1415 336 1482 380 καὶ
1501 328 1552 389 ἦν
1572 332 1753 389 ἔγκλημα

268 409 407 467 ἕτερον
431 404 557 458 αὖθις
576 409 692 461 τουτὶ
721 407 824 464 πρὸς
849 407 1049 462 τιμωρίας
1071 405 1127 448 ἔτι
1149 404 1292 448 λοιπὸν
1317 403 1395 454 τὰς
1416 401 1564 459 ὁμοίας
1573 435 1587 455 ,
1619 399 1680 452 οἷς
1701 405 1753 459 τῇ

266 483 319 537 γῇ
339 468 529 535 κρύπτειν
551 475 667 534 ἔργον
689 471 741 532 ἦν
764 476 862 526 τοὺς
882 473 1122 528 τοιούτους,
1159 474 1461 530 καμπτομένοις
1492 477 1544 531 τῇ
1573 475 1649 527 τῆς
1670 469 1754 528 φύ-

269 565 373 597 σεως
390 543 613 602 ὁμοιότητι.
652 546 692 597 ἒς
712 550 913 589 τοσοῦτον
932 545 1039 588 κατὰ
1055 549 1130 601 τῆς
1153 544 1358 600 εὐσεβείας
1378 541 1546 599 ηὐξήθη
1579 539 1672 584 τότε
1701 539 1789 589 τὰ5

264 618 402 674 χείρω.
439 613 667 671 ἠλαύνοντο
693 615 772 673 γὰρ
805 616 1006 673 ἀφειδῶς,
1043 615 1083 658 οἳ
1109 621 1195 664 τοῖς
1229 613 1341 672 ὅροις
1373 612 1555 669 ἐμμένειν
1576 614 1756 668 φιλονει-

227 689 434 735 Εκοῦντες
452 688 528 740 τῆς
549 686 723 743 πατρίου
743 686 1019 741 νομοθεσίας,
1055 686 1193 728 οἰκιῶν
1204 717 1217 737 ,
1248 682 1430 736 πόλεων,
1466 682 1584 740 ἱερῶν
1593 714 1607 733 ,
1644 676 1756 736 ἀγώ-

267 772 378 813 γιμοι
402 756 696 813 δεσμωτηρίοις
714 754 863 812 ἤγοντο
886 754 1082 811 εὐχερῶς·
1120 754 1282 797 ἀπειλαὶ
1305 760 1392 803 τοῖς
1413 751 1554 801 ἄλλοις
1581 746 1756 806 ἐκηρύτ-

268 841 391 868 τοντο
412 825 576 879 μείζους
593 829 674 868 τῶν
698 824 825 882 ἔργων
841 858 852 876 ,
888 823 978 868 ὅσοι
998 824 1077 867 δέει
1096 828 1171 867 τοῦ
1190 823 1249 879 μὴ
1276 823 1329 867 τὰ
1350 817 1554 878 ἀνήκεστα
1586 817 1756 874 πάσχειν

270 893 409 950 ἤθους
424 892 618 950 χρώμασι
637 894 865 938 πολυειδέσι
894 896 1026 950 δῆθεν
1045 898 1282 937 κοινωνικοῦ
1302 892 1378 949 τὴν
1406 891 1613 946 εὐσέβειαν
1637 888 1758 946 ἷέκρυ-
1770 899 1794 935 1ι

272 981 390 1007 πτον.
448 961 544 1022 (Ζ)
583 966 670 1007 Καὶ
690 959 741 1020 ἦν
774 968 909 1007 ταῦτα
938 962 1087 1022 ἐφόδια
1113 968 1189 1019 τῆς
1223 967 1298 1006 τοῦ
1332 961 1538 1017 βασιλέως
1575 957 1757 1017 γνώμης,

271 1031 534 1092 κρύπτεσθαι
563 1033 843 1090 βουλομένης,
877 1031 1043 1091 ἀρεστά.
1082 1035 1199 1077 δυοῖν
1228 1033 1306 1091 γὰρ
1326 1031 1489 1085 ὄντοιν,
1526 1029 1583 1074 δι’
1607 1023 1663 1072 ῶν
1686 1026 1759 1077 οὓς

235 1102 326 1146 Ὲᾶν
348 1100 566 1158 βούλοιντο
599 1101 887 1161 προσάγεσθαι
918 1105 1138 1161 ἐγχειροῦσι
1158 1107 1242 1147 τῶν
1271 1100 1482 1160 ἡγεμόνων
1512 1101 1551 1144 οἳ
1577 1099 1756 1150 πλείους,

274 1172 296 1216 ὃ
321 1173 397 1228 μὲν
424 1173 632 1224 ἐπιεικείας
658 1172 735 1229 εἶχε
759 1180 951 1230 σημεΐον,
984 1172 1118 1233 ἑαυτῷ
1142 1172 1253 1228 ἔνεμε
1269 1187 1278 1196 ·
1316 1173 1419 1229 λε’γω
1443 1170 1495 1226 δὴ
1517 1169 1564 1213 τὸ
1584 1169 1756 1211 πείθειν·

273 1241 297 1286 ὃ
316 1241 358 1285 δ’
386 1241 604 1298 ᾇπηνείας,
639 1247 699 1303 τῶ
730 1241 963 1301 πατριάρχῃ
984 1244 1050 1285 καὶ
1074 1250 1161 1293 τοῖς
1189 1244 1281 1300 περὶ
1304 1242 1376 1286 τὸν
1396 1243 1613 1296 Παλαμᾶν
1631 1237 1758 1281 ἔνεδί-
1771 1244 1794 1280 1,

272 1313 364 1365 δου,
389 1309 583 1370 καθάπερ
607 1311 771 1368 ἀνέμοις
792 1311 968 1363 ὁλκάδος
989 1310 1159 1368 ὀθόνην.
1197 1310 1420 1355 λανθάνειν
1437 1310 1517 1369 γὰρ
1535 1308 1633 1359 τοὺς
1646 1307 1760 1351 πλεί-

273 1397 399 1431 στους
425 1379 695 1438 πειρώμενος,
732 1381 825 1426 οὔτ’
858 1382 984 1433 αὐτὸς
1012 1379 1239 1440 ὁλοσχερῶς
1262 1381 1362 1439 ἔδρα
1393 1382 1537 1432 ταυτὶ,
1572 1377 1665 1423 οὔτε
1683 1379 1761 1433 δη-

272 1452 436 1506 μοσιόις
464 1457 645 1509 γραφαῖς
668 1459 831 1510 παρεῖχε
858 1449 1143 1506 τοῦνδόσιμον.
1183 1450 1245 1495 ὅτι
1277 1453 1321 1494 δὲ
1350 1453 1503 1508 δρῶσιν
1525 1449 1666 1498 αὐτοῖς
1686 1446 1761 1490 οὐκ

124 1523 166 1560 P.
186 1523 256 1560 550
275 1520 506 1564 ἀνθίστατο
518 1553 533 1574 ,
564 1519 756 1580 ἄντικρυς
778 1519 1090 1576 ἀνομοθέτητόν
1112 1539 1204 1564 τινα
1227 1519 1354 1576 νόμον
1376 1521 1417 1570 ἐς
1434 1519 1482 1562 τὸ
1502 1521 1608 1578 δρᾷν
1629 1517 1762 1565 ἀδεῶς

272 1587 478 1647 ἕχαρίζετό
497 1605 660 1647 σφισιν·
693 1589 828 1649 ὥσπερ
850 1593 917 1634 καὶ
939 1592 977 1634 οἱ
997 1589 1188 1646 λαχάνων
1219 1591 1261 1634 ἕν
1279 1591 1398 1650 χρεία
1425 1586 1626 1646 γινόμενοι
1656 1584 1794 1645 §aja-2

122 1663 168 1698 V.
191 1660 260 1700 445
278 1678 330 1703 κα
353 1658 518 1703 ἄνωθέν
538 1664 668 1704 ποθεν
692 1661 937 1704 ἐπαντλοῦσι
961 1659 1116 1711 ὕδατος
1137 1661 1179 1712 ἐξ
1199 1660 1400 1718 ἀφανοῦς.
1438 1658 1542 1715 ἔλεγε
1563 1657 1642 1714 γιὶρ
1653 1690 1666 1710 ,
1707 1653 1764 1705 ῶς

276 1728 344 1773 ὅτε
374 1728 429 1772 τὰ
456 1728 528 1772 ῗσα
552 1730 814 1788 φθέγγωνται
844 1729 872 1787 ἦ
899 1748 943 1774 τε
963 1734 1037 1774 τοῦ
1059 1730 1260 1788 ἄρχοντος
1287 1727 1487 1785 βούλησις
1521 1729 1589 1770 καὶ
1618 1725 1644 1782 ἡ
1678 1729 1761 1768 τῶν

276 1801 321 1843 ἐκ
340 1796 466 1855 τύχης
487 1800 708 1857 δρωμένων
723 1802 865 1859 χρεία,
898 1799 1005 1856 μετὰ
1023 1805 1097 1844 τοῦ
1121 1796 1164 1843 εὖ
1186 1799 1441 1857 ξυγκειμένου
1463 1797 1568 1856 πρὸς
1587 1796 1661 1853 τὴν
1686 1797 1761 1839 τοῦ

317 1917 320 1918 ’
372 1899 428 1936 11.
453 1895 516 1933 καὶ
534 1891 582 1944 ἦν
605 1910 669 1934 em.
688 1898 786 1934 Boiv.
808 1910 871 1946 pro
891 1897 931 1935 ἐν
950 1895 1012 1946 ἦν.

279 1990 355 2014 eum
384 1979 568 2025 oportebat
594 1978 686 2013 fame
718 1981 755 2013 et
779 1978 838 2014 siti
866 1982 903 2013 et
934 1978 1089 2014 omnibus
1118 1977 1290 2014 aerumnis
1321 1980 1541 2019 enectorum,
1572 1975 1762 2023 insepultos

279 2025 407 2072 proiici
432 2025 585 2061 iubebat.
634 2025 740 2067 Quod
767 2026 797 2059 si
821 2025 882 2071 qui
913 2030 1056 2061 naturae
1081 2025 1304 2060 similitudine
1340 2025 1498 2060 commoti
1529 2036 1667 2069 operam
1701 2023 1762 2057 de-

281 2072 434 2114 dissent,
459 2076 501 2106 ut
527 2071 661 2106 illorum
693 2083 839 2118 corpora
867 2072 967 2107 humo
997 2077 1220 2118 tegerentur,
1245 2084 1368 2107 novum
1395 2071 1480 2106 illud
1507 2071 1636 2105 crimen
1661 2068 1762 2104 simili

280 2128 395 2164 poena
416 2129 545 2153 rursum
562 2118 733 2153 luebatur.
774 2118 897 2164 Usque
917 2119 1003 2154 adeo
1021 2124 1104 2154 tunc
1124 2119 1219 2164 peior
1239 2130 1345 2153 causa
1374 2118 1541 2153 adversus
1562 2116 1762 2162 religionem

277 2164 484 2200 invaluerat.
540 2165 631 2199 Nam
659 2164 718 2210 qui
748 2176 885 2199 manere
911 2165 1005 2200 intra
1029 2166 1192 2201 terminos
1221 2165 1371 2200 traditae
1396 2176 1418 2199 a
1445 2164 1631 2199 maioribus
1656 2163 1764 2197 disci-

279 2210 395 2257 plinae
417 2209 669 2253 obstinassent,
691 2210 716 2244 ii
730 2211 810 2258 'sine
828 2210 1061 2247 misericordia
1081 2212 1204 2254 tectis,
1229 2212 1392 2254 urbibus,
1415 2211 1555 2258 templis
1573 2211 1763 2256 exigeban-

281 2262 361 2299 tur,
384 2260 421 2291 et
437 2257 542 2291 facile
563 2269 584 2291 a
602 2257 754 2302 quolibet
771 2259 1005 2303 comprehensi
1027 2259 1063 2293 in
1085 2259 1225 2294 vincula
1252 2259 1486 2305 rapiebantur.
1531 2257 1620 2292 Aliis
1640 2256 1762 2291 veritis

281 2315 326 2338 ne
357 2306 510 2338 extrema
540 2308 764 2349 paterentur,
797 2307 902 2349 atque
931 2305 1063 2340 idcirco
1100 2306 1279 2340 civilitatis
1309 2305 1425 2340 colore
1455 2303 1613 2339 versatili
1644 2314 1763 2337 sanam

283 2349 473 2385 doctrinam
504 2350 770 2393 occultantibus,
804 2350 914 2386 minae
943 2352 1209 2387 intendebantur
1238 2351 1326 2397 ipsis
1355 2350 1532 2396 suppliciis
1571 2349 1761 2395 graviores.

283 2396 402 2441 (VII.)
426 2397 539 2442 Atque
559 2397 648 2431 haec
677 2401 778 2441 grata
804 2397 956 2432 subsidia
986 2404 1086 2434 erant
1111 2399 1334 2444 imperatori,
1366 2398 1513 2432 animum
1535 2408 1632 2431 suum
1658 2395 1763 2430 dissi-

284 2442 440 2479 mulanti.
484 2444 575 2478 Nam
595 2454 669 2477 cum
689 2443 778 2479 duae
794 2456 851 2478 res
869 2444 957 2487 sint,
982 2457 1122 2492 quarum
1144 2457 1209 2491 ope
1229 2445 1387 2491 plerique
1401 2444 1576 2490 principes
1595 2446 1763 2477 conantur

285 2489 354 2524 sibi
381 2488 576 2535 mancipare
602 2500 687 2536 quos
715 2490 853 2533 Volunt,
888 2503 1004 2527 earum
1036 2492 1198 2534 alteram,
1240 2504 1330 2537 quae
1360 2490 1586 2536 benignitatis
1613 2489 1762 2536 speciem

282 2536 438 2582 praefert
463 2540 499 2571 et
523 2536 558 2570 in
585 2536 819 2582 persuadendo
847 2538 962 2583 posita
984 2543 1056 2583 est,
1082 2538 1149 2573 sibi
1173 2537 1366 2579 tribuebat3
1400 2537 1566 2579 alteram,
1592 2537 1646 2571 cui
1672 2536 1764 2570 inest

282 2586 368 2617 nota
393 2582 629 2624 crudelitatis,
661 2583 879 2628 patriarchae
907 2589 943 2620 et
974 2585 1172 2626 Palamitis‚
1204 2589 1243 2619 ut
1272 2584 1386 2619 ventis
1405 2583 1505 2626 vela,
1529 2583 1764 2630 permittebat.

283 2627 476 2674 Plerosque
494 2629 628 2669 scilicet
649 2629 770 2665 fallere
789 2631 949 2675 cupiens,
972 2643 1036 2666 nec
1058 2632 1134 2678 ipse
1153 2642 1294 2676 prorsus
1319 2630 1380 2666 illa
1396 2630 1599 2671 factitabat,
1630 2640 1694 2663 nec
1721 2627 1765 2662 li-

285 2675 400 2709 centia
421 2676 569 2720 publicis
589 2675 737 2711 decretis
756 2680 918 2712 concessa
936 2678 1012 2713 fieri
1033 2678 1267 2724 permittebat.
1314 2678 1360 2712 At
1389 2677 1502 2719 idem,
1526 2675 1608 2723 quia
1629 2675 1764 2710 facien-

285 2721 378 2756 tibus
395 2733 462 2756 non
478 2723 689 2765 obsistebat,
712 2722 822 2758 tacita
841 2723 941 2769 quasi
964 2725 1042 2770 lege
1065 2726 1156 2766 lata,
1179 2723 1351 2769 quidlibet
1372 2723 1512 2769 impune
1540 2720 1764 2769 perpetrandi

284 2767 419 2802 veniam
439 2768 483 2803 iis
505 2781 645 2815 prorsus
670 2770 798 2804 dabat:
832 2775 872 2804 ut
895 2770 934 2812 ii,
960 2772 1020 2816 qui
1043 2771 1193 2806 oleribus
1221 2770 1398 2815 indigent,
1423 2781 1535 2816 aquae
1558 2769 1672 2803 rivum
1697 2767 1764 2801 ali-

285 2814 398 2848 cunde
413 2826 456 2849 ex
474 2816 608 2851 occulto
627 2828 668 2850 ac
692 2815 863 2862 superiori
879 2816 923 2851 de
940 2816 1016 2852 loco
1037 2818 1220 2852 deducunt.
1267 2817 1330 2850 Sic
1352 2816 1440 2851 enim
1457 2816 1652 2856 statuebat,
1677 2825 1763 2859 quo-

285 2859 354 2895 ties
366 2860 524 2898 voluntas
533 2861 701 2910 principis
716 2868 753 2899 et
767 2872 878 2898 retum
889 2864 1164 2910 quotidianarum
1174 2862 1264 2900 ratio
1280 2862 1371 2899 idem
1389 2863 1589 2906 suaderent,
1605 2861 1763 2897 adesset-
