1754 3164
565 151 1046 199 ANNOTATIONES.
1446 148 1534 195 131
1548 149 1580 195 7

159 258 257 311 Ρσ3
292 260 424 308 1113,
453 261 494 301 7.
558 260 648 299 Τῶν
677 254 779 298 κατά
820 258 1016 312 διαίρεσιν
1041 253 1322 313 χαρισμάτων]
1364 257 1405 299 Ε
1434 261 1579 313 gratiis

37 315 246 366 gratuitis,
281 330 382 369 quas
402 290 509 355 bens
530 312 790 355 diversimode
809 313 1022 355 distribuit.
1066 317 1132 355 Sic
1151 322 1299 355 vocant
1326 315 1506 369 theologi
1530 332 1577 358 ea

41 377 207 410 externa
237 371 308 411 nei
340 373 466 423 dona,
505 387 609 426 quae
638 372 774 424 potius
807 373 858 411 ad
889 379 1139 413 caeterorum
1171 374 1384 414 utilitatem
1413 375 1575 426 dantur,

39 441 158 479 quam
191 428 242 468 ad
267 430 579 469 emolumentum
607 430 753 468 illius
740 444 782 468 m
804 443 922 482 quem
944 431 1230 481 conseruntur3
1262 437 1307 471 ut
1327 432 1434 471 dona
1452 433 1575 473 mira-
1599 482 1602 484 Α

38 486 246 535 culorum,
275 486 504 539 linguarum
532 494 609 529 etc.
670 501 913 527 CAPPERONN.

152 542 251 596 Pog-
285 548 417 595 1114,
445 549 485 587 7.
525 540 587 586 Ἢ
604 541 655 585 συ
674 540 843 586 mimz-va
860 545 908 586 ὲν
932 542 1001 585 καὶ
1018 559 1168 586 ταυτον
1188 543 1292 599 ἐρεῖς
1310 548 1361 602 τῇ
1375 562 1447 588 του
1466 551 1572 590 θεοῦ

37 595 186 656 θυσίᾳ]
221 600 389 641 Videtur
408 602 475 640 hic
493 603 672 641 Palamas
698 602 907 655 impegisse
929 602 968 640 in
996 616 1084 640 eum
1106 616 1303 652 err·,onem
1335 603 1404 656 qui
1437 605 1570 645 abbati

34 657 240 697 Ioachimo
258 658 433 698 tributus
454 666 525 709 est,
556 666 595 698 et
617 661 657 698 in
678 660 859 698 Concilio
882 660 1062 699 Lateran.
1082 659 1149 699 lV.
1168 659 1249 698 sub
1272 661 1477 702 innocent.
1496 664 1566 704 ΙΙΙ.

34 729 139 753 anno
166 716 320 754 Domini
347 718 469 760 1215.
494 717 724 755 damnatus:
757 717 866 768 quod
889 731 1030 769 nempe
1054 723 1135 757 tres
1161 731 1355 770 personae
1392 719 1568 771 divinae,

32 786 113 811 non
134 778 291 812 tautum
319 773 425 813 inter
446 788 510 824 se,
540 774 610 814 sed
637 781 675 813 et
707 774 757 813 ab
786 775 955 813 essentia
983 774 1120 813 divina
1152 776 1313 814 realiter
1346 776 1566 830 distingue-

31 837 182 870 rentur.
210 831 301 870 Hoc
321 838 452 871 autem
471 831 692 871 catholicae
710 831 802 870 fidei
821 833 992 871 maxime
1012 831 1263 873 adversatur.
1301 834 1402 872 Nam
1424 835 1465 873 in
1486 835 1565 875 hoc

29 888 250 941 praecipue
289 895 368 927 stat
394 890 666 928 sanctissimae
696 889 902 928 Trinitatis
933 889 1189 942 mysterium,
1236 891 1347 943 quod
1384 905 1466 931 una
1508 893 1564 933 sit

30 946 192 984 omuino
212 953 375 996 natura,
407 953 445 986 et
467 955 546 986 tres
566 960 763 1000 personae
789 947 951 986 realiter
975 946 1204 986 distinctae:
1235 962 1338 1000 quae
1360 955 1490 990 tamen
1510 950 1561 991 ab

27 1003 148 1041 unica
174 1003 244 1043 illa
263 1011 405 1043 natura
426 1005 589 1044 realiter
608 1019 689 1043 non
712 1004 1019 1056 distinguantur.
1078 1018 1321 1047 carrssnoms.

139 1063 245 1115 Pag.
277 1060 408 1112 1114,
440 1066 507 1105 10.
553 1059 629 1110 “Ag
648 1059 930 1115 ὅπροφήτης]
963 1062 1050 1100 lsai.
1069 1062 1141 1102 Xl.
1174 1075 1419 1105 CAPPERONN.

140 1121 244 1173 Pag.
278 1123 408 1169 1114,
437 1123 503 1164 13.
560 1118 605 1161 Ὁ
626 1120 778 1174 κρίνων
797 1122 935 1161 πᾶσαν
957 1135 995 1160 κ.
1011 1134 1044 1159 τ.
1072 1119 1134 1173 λ.]
1167 1120 1309 1160 Genes.
1340 1125 1406 1165 18.
1463 1135 1560 1161 cu-

23 1188 193 1216 ranoxn.

139 1232 237 1287 Peg.
270 1235 402 1283 1115,
434 1238 475 1278 2.
540 1229 592 1275 Τό
613 1228 694 1275 uino*
710 1234 936 1287 καταβολῆς
954 1229 1111 1287 κόσμου
1132 1231 1454 1287 ἡτοιμασμένον]
1486 1234 1557 1272 Al-

22 1290 129 1330 ludit
160 1292 341 1331 Palamas
371 1291 421 1330 ad
455 1290 593 1330 Matth.
626 1305 716 1344 cap.
746 1292 875 1332 XXV.
916 1290 1056 1330 Venite
1086 1289 1280 1331 benedicti
1307 1292 1435 1344 patris
1467 1292 1555 1341 mei,

20 1346 220 1401 possidete
244 1359 431 1403 paratum
457 1347 569 1388 vobis
597 1364 755 1402 regnum
782 1363 808 1387 a
834 1349 1108 1388 constitutione
1127 1346 1276 1387 mundi.
1309 1361 1554 1389 cAPPERoNN.

140 1408 233 1460 Ρα3.
266 1408 397 1456 1115,
425 1410 463 1449 7
523 1380 656 1459 Heme
653 1409 727 1458 τῆς
753 1407 873 1454 θείας
894 1403 1179 1459 μεταληψεως]
1216 1405 1277 1444 lta
1306 1406 1450 1445 Graeci
1482 1419 1554 1445 vo·

21 1469 116 1502 cant
138 1477 275 1502 sacrae
295 1438 575 1502 Euclmristiae
603 1463 890 1533 sumptionem:
923 1462 1015 1515 quia
1044 1469 1091 1501 ut
1115 1463 1218 1501 belle
1236 1461 1359 1501 habet
1375 1464 1416 1503 S.
1438 1463 1548 1504 [oan.

18 1521 201 1559 Damasc
232 1521 303 1560 lib.
325 1520 393 1562 IV.
425 1519 588 1560 orthod.
618 1520 688 1560 fid.
724 1517 782 1561 δι’
806 1516 932 1572 αὐτῆς
957 1523 1030 1572 τῆς
1058 1515 1190 1572 Ἰησοῦ
1218 1515 1408 1572 θεότητος
1435 1535 1550 1573 μετα-

17 1574 302 1631 λαμβάνομεν,
327 1593 399 1631 per
416 1581 503 1616 eam
526 1575 672 1617 Christi
702 1575 923 1617 divinitatis
939 1577 1155 1631 participes
1175 1576 1386 1643 fficimur.
1428 1577 1548 1617 niffe.

15 1643 112 1675 runt
133 1643 264 1675 autem
287 1635 395 1687 apud
418 1635 591 1674 Graecos
609 1635 809 1674 interdum
830 1631 1052 1687 μετάληψις
1071 1641 1111 1672 et
1131 1631 1354 1686 μετάδοσις.
1385 1633 1547 1688 Quippe

16 1689 246 1747 μετάληψιν
266 1699 416 1733 vocant
438 1692 653 1744 sanguiniS,
666 1689 880 1745 μετάδοσιν
895 1705 994 1731 vero
1017 1693 1199 1744 corporis
1221 1691 1414 1730 dominici
1438 1706 1545 1732 com-

15 1751 261 1790 munionem.
322 1751 435 1789 Unde
455 1751 495 1789 in
514 1750 748 1801 imaginibus
771 1764 873 1802 quae
894 1749 1054 1802 depingi
1080 1749 1209 1788 solent
1225 1749 1266 1787 in
1285 1749 1389 1787 sacri
1409 1750 1543 1790 altaris

15 1807 204 1858 conchis,
237 1806 420 1846 christus
439 1807 641 1859 effingitur
661 1821 796 1847 sacrae
817 1820 973 1846 mensae
994 1806 1172 1846 assidens
1190 1805 1369 1845 manibus
1387 1806 1430 1844 in
1453 1821 1542 1846 cru-

14 1879 100 1904 cem
130 1865 370 1904 decussatis:
401 1865 541 1904 dextra
568 1865 751 1918 quidem,
785 1865 851 1903 cui
873 1878 954 1903 vox
985 1860 1208 1917 μετάληψις
1242 1864 1435 1917 inscripta
1465 1871 1539 1915 est,

14 1923 203 1971 calicem3
234 1923 418 1972 sinistra,
450 1922 517 1960 ubi
549 1936 630 1961 vox
658 1923 734 1962 alia
762 1918 973 1976 μετάδοσις
991 1921 1155 1973 legitur,
1184 1934 1327 1974 panem
1357 1929 1539 1962 sanctum
1571 1973 1574 1975 Α

10 1981 234 2032 porrigens.
293 1980 396 2019 Hinc
417 1979 457 2018 in
483 1979 670 2031 liturgia,
702 1979 974 2032 Chrysostomi
995 1978 1154 2018 nomine
1173 1979 1386 2032 inscripta,
1415 1977 1538 2032 acroi-

10 2039 82 2087 δος
102 2054 171 2091 μοι
199 2036 371 2079 δέσποτα
397 2037 442 2078 τὸ
467 2036 601 2091 τίμιον
624 2036 694 2079 καὶ
721 2036 766 2079 τὸ
792 2033 909 2092 ἅγιον
929 2049 1042 2089 σωμα
1070 2039 1145 2078 τοῦ
1162 2036 1340 2091 Κυρίου,
1367 2035 1538 2077 Domine

8 2096 206 2166 impertire
222 2094 320 2134 mihi
340 2093 572 2134 honorabile
590 2109 641 2135 ac
657 2105 836 2135 sanctum
855 2093 1007 2133 domini
1003 2108 1176 2162 corpus.
1212 2094 1262 2133 Et
1285 2099 1438 2146 postea,
1466 2095 1537 2137 καὶ

8 2149 108 2204 μετά
128 2148 355 2206 μετάληψιν
377 2153 576 2206 σπογγίζει
603 2155 663 2207 τῷ
689 2148 914 2204 καλύμματι
938 2149 982 2193 τὸ
997 2166 1115 2204 αγιον
1136 2147 1350 2204 ποτήριον,
1382 2161 1416 2190 et
1442 2163 1535 2206 post

4 2211 352 2277 participationem
386 2209 515 2262 [sacri
535 2194 758 2262 sanguinis]
782 2207 968 2262 abstergit
1001 2206 1191 2247 velamine
1217 2217 1397 2247 sanctum
1430 2208 1533 2249 cali-

7 2280 103 2306 cem.
136 2263 362 2320 μετάληψις
380 2266 551 2306 sumitur
573 2267 687 2305 etiam
712 2267 762 2306 de
787 2266 1046 2319 perceptione
1067 2268 1143 2307 τοῦ
1157 2261 1421 2332 Ἀντιδωρου,
1457 2279 1530 2305 seu

4 2324 122 2376 panis
143 2322 347 2364 benedicti.
399 2322 631 2376 Pachymer.
654 2324 726 2366 lib.
756 2324 802 2363 V.
835 2337 924 2376 cap·
953 2326 993 2366 8.
1025 2321 1069 2364 ἔν
1093 2319 1314 2376 μεταλήψει
1339 2320 1382 2363 δὲ
1408 2324 1528 2364 θείου

5 2378 132 2435 άρτου
153 2379 202 2423 ὃν
224 2378 462 2435 Ἀντίδωρον
485 2380 663 2435 λέγουσι,
695 2382 736 2420 in
762 2380 1007 2434 perceptione
1037 2378 1163 2420 divini
1180 2380 1299 2435 panis
1324 2394 1433 2432 quem
1457 2393 1528 2418 υο-

5 2447 97 2477 cant
127 2434 374 2492 άντίδωρον,
410 2438 454 2477 id
485 2445 564 2488 est,
609 2437 883 2477 Eucharistiae
908 2434 1239 2490 supplementum.-
1276 2435 1446 2487 denique
1474 2436 1525 2477 de

1 2496 260 2548 perceptione
290 2509 415 2548 aquae
446 2495 694 2545 benedictae,
723 2494 944 2546 Eucholog.
969 2493 1158 2534 Allatian.
1194 2490 1355 2535 πάντων
1382 2491 1426 2533 δὲ
1458 2508 1524 2546 με·

1 2551 367 2620 ταλαμβανομένων
391 2552 459 2594 καὶ
479 2552 750 2609 αγιαζομένων
771 2552 816 2594 ἐκ
841 2555 915 2594 τοῦ
934 2547 1203 2605 άγιασμάτων.
1265 2547 1360 2586 Cum
1391 2564 1523 2590 omnes

0 2610 282 2661 participarent
308 2625 453 2664 aquam
482 2609 722 2650 benedictam
752 2623 871 2679 eaque
894 2609 1256 2677 sanctificarentur.
1280 2619 1520 2647 carrssnomv.

113 2665 153 2705 P
150 2682 213 2720 <1¹⁷
247 2668 379 2717 1115,
419 2670 490 2710 20
549 2670 660 2708 Πᾶσι
697 2670 781 2715 τοῖς
809 2664 947 2715 αλλοις
980 2665 1134 2719 λόγοις,
1181 2660 1283 2717 ὖπὲρ
1326 2660 1519 2716 ἑξήκοντα

0 2716 119 2774 ουσι]
155 2722 323 2762 Caeteris
352 2723 616 2774 orationibus,
646 2738 746 2778 quas
762 2721 853 2777 plus
875 2725 1088 2776 sexaginta
1114 2721 1281 2774 scripsit.
1339 2721 1517 2759 Palamas

0 2780 197 2819 orationes
233 2781 395 2834 scripsit
422 2783 550 2820 multo
580 2782 715 2835 plures
748 2794 867 2833 quam
895 2781 1108 2832 sexaginta.
1166 2779 1334 2817 Exstant
1359 2777 1402 2816 in
1433 2790 1517 2815 uno

0 2836 146 2877 Codice
165 2838 288 2891 Regio
307 2839 359 2893 (is
385 2845 444 2879 est
467 2839 603 2879 Codex
621 2838 763 2894 2404.)
799 2838 994 2879 Homiliae
1013 2836 1202 2888 variaque
1221 2834 1306 2875 eius
1322 2834 1514 2889 opuscula
