<?xml version="1.0" encoding="UTF-8"?>
<!DOCTYPE html PUBLIC "-//W3C//DTD XHTML 1.0 Transitional//EN"
    "http://www.w3.org/TR/xhtml1/DTD/xhtml1-transitional.dtd">
<html xmlns="http://www.w3.org/1999/xhtml" xml:lang="en" lang="en">
 <head>
  <title>
</title>
<meta http-equiv="Content-Type" content="text/html;charset=utf-8" />
  <meta name='ocr-system' content='tesseract 3.04.00' />
  <meta name='ocr-capabilities' content='ocr_page ocr_carea ocr_par ocr_line ocrx_word'/>
</head>
<body>
  <div class='ocr_page' id='page_1' title='image "./corpusscriptorum39niebuoft_0212.png"; bbox 0 0 1794 3172; ppageno 0'>
   <div class='ocr_carea' id='block_1_1' title="bbox 254 118 1343 186">
    <p class='ocr_par' dir='ltr' id='par_1_1' title="bbox 254 118 1343 186">
     <span class='ocr_line' id='line_1_1' title="bbox 254 118 1343 186; baseline -0.001 -18"><span class='ocrx_word' id='word_1_1' title='bbox 254 118 360 169; x_wconf 86' lang='lat'><strong>770</strong></span> <span class='ocrx_word' id='word_1_2' title='bbox 557 182 564 186; x_wconf 38' lang='lat'>‚</span> <span class='ocrx_word' id='word_1_3' title='bbox 674 122 990 170; x_wconf 82' lang='lat' dir='ltr'>NICEPHORI</span> <span class='ocrx_word' id='word_1_4' title='bbox 1019 122 1343 168; x_wconf 81' lang='lat' dir='ltr'><strong>GREGORAE</strong></span> 
     </span>
    </p>
   </div>
   <div class='ocr_carea' id='block_1_2' title="bbox 35 230 1794 1833">
    <p class='ocr_par' dir='ltr' id='par_1_2' title="bbox 35 230 1794 1833">
     <span class='ocr_line' id='line_1_2' title="bbox 35 230 1741 293; baseline -0.002 -13"><span class='ocrx_word' id='word_1_5' title='bbox 35 245 72 280; x_wconf 71' lang='lat' dir='ltr'><strong>A.</strong></span> <span class='ocrx_word' id='word_1_6' title='bbox 91 243 135 278; x_wconf 84' lang='grc' dir='ltr'><strong>Μ.</strong></span> <span class='ocrx_word' id='word_1_7' title='bbox 147 242 240 280; x_wconf 89' lang='grc'><strong>6855</strong></span> <span class='ocrx_word' id='word_1_8' title='bbox 257 235 367 282; x_wconf 70' lang='grc' dir='ltr'><strong><em>καθ’</em></strong></span> <span class='ocrx_word' id='word_1_9' title='bbox 394 234 513 293; x_wconf 77' lang='grc' dir='ltr'><strong><em>ἡμῶν</em></strong></span> <span class='ocrx_word' id='word_1_10' title='bbox 542 232 727 293; x_wconf 70' lang='grc' dir='ltr'><strong><em>ἑωρᾶτο,</em></strong></span> <span class='ocrx_word' id='word_1_11' title='bbox 763 235 833 277; x_wconf 84' lang='grc' dir='ltr'><strong>καὶ</strong></span> <span class='ocrx_word' id='word_1_12' title='bbox 859 233 991 278; x_wconf 76' lang='grc' dir='ltr'><strong><em>πολὺν</em></strong></span> <span class='ocrx_word' id='word_1_13' title='bbox 1023 232 1231 278; x_wconf 79' lang='grc' dir='ltr'><strong><em>ὠδίνουσα</em></strong></span> <span class='ocrx_word' id='word_1_14' title='bbox 1259 232 1332 276; x_wconf 83' lang='grc' dir='ltr'><strong>τὸν</strong></span> <span class='ocrx_word' id='word_1_15' title='bbox 1361 231 1528 289; x_wconf 77' lang='grc' dir='ltr'><strong><em>θυμὸν,</em></strong></span> <span class='ocrx_word' id='word_1_16' title='bbox 1560 234 1628 276; x_wconf 81' lang='grc' dir='ltr'><strong>καὶ</strong></span> <span class='ocrx_word' id='word_1_17' title='bbox 1653 230 1741 289; x_wconf 71' lang='grc' dir='ltr'><strong>μᾶ-</strong></span> 
     </span>
     <span class='ocr_line' id='line_1_3' title="bbox 78 291 1742 362; baseline -0.003 -10"><span class='ocrx_word' id='word_1_18' title='bbox 78 291 210 329; x_wconf 57' lang='lat' dir='ltr'><strong>Iud&#39;ffi</strong></span> <span class='ocrx_word' id='word_1_19' title='bbox 257 305 479 358; x_wconf 71' lang='grc' dir='ltr'><strong><em>λισθ’,ὅτι</em></strong></span> <span class='ocrx_word' id='word_1_20' title='bbox 509 307 576 349; x_wconf 85' lang='grc' dir='ltr'><strong>καὶ</strong></span> <span class='ocrx_word' id='word_1_21' title='bbox 606 304 706 355; x_wconf 79' lang='grc' dir='ltr'><strong><em>τοὺς</em></strong></span> <span class='ocrx_word' id='word_1_22' title='bbox 725 303 1106 360; x_wconf 76' lang='grc' dir='ltr'><strong><em>παρακαθημένους</em></strong></span> <span class='ocrx_word' id='word_1_23' title='bbox 1144 300 1407 358; x_wconf 80' lang='grc' dir='ltr'><strong><em>ὖπηχοῧντας</em></strong></span> <span class='ocrx_word' id='word_1_24' title='bbox 1431 301 1510 360; x_wconf 71' lang='grc' dir='ltr'><strong><em>εἶχε</em></strong></span> <span class='ocrx_word' id='word_1_25' title='bbox 1536 305 1604 346; x_wconf 78' lang='grc' dir='ltr'><strong>καὶ</strong></span> <span class='ocrx_word' id='word_1_26' title='bbox 1633 301 1742 362; x_wconf 88' lang='grc' dir='ltr'><strong><em>σφό-</em></strong></span> 
     </span>
     <span class='ocr_line' id='line_1_4' title="bbox 257 370 1741 435; baseline -0.004 -14"><span class='ocrx_word' id='word_1_27' title='bbox 257 379 340 435; x_wconf 87' lang='grc' dir='ltr'><strong>δρα</strong></span> <span class='ocrx_word' id='word_1_28' title='bbox 377 377 693 434; x_wconf 79' lang='grc' dir='ltr'><strong><em>ἓπικροτοῦντας</em></strong></span> <span class='ocrx_word' id='word_1_29' title='bbox 727 370 1050 428; x_wconf 82' lang='grc' dir='ltr'><strong><em>κολακικώτερον</em></strong></span> <span class='ocrx_word' id='word_1_30' title='bbox 1078 370 1248 430; x_wconf 80' lang='grc' dir='ltr'><strong><em>τρόπον.</em></strong></span> <span class='ocrx_word' id='word_1_31' title='bbox 1298 372 1362 415; x_wconf 83' lang='grc' dir='ltr'><strong>διὸ</strong></span> <span class='ocrx_word' id='word_1_32' title='bbox 1397 374 1466 416; x_wconf 82' lang='grc' dir='ltr'><strong>καὶ</strong></span> <span class='ocrx_word' id='word_1_33' title='bbox 1497 377 1634 423; x_wconf 81' lang='grc' dir='ltr'><strong><em>κακῶς</em></strong></span> <span class='ocrx_word' id='word_1_34' title='bbox 1664 374 1741 428; x_wconf 74' lang='grc' dir='ltr'><strong>μὲν</strong></span> 
     </span>
     <span class='ocr_line' id='line_1_5' title="bbox 257 441 1740 504; baseline -0.002 -15"><span class='ocrx_word' id='word_1_35' title='bbox 257 447 368 504; x_wconf 83' lang='grc' dir='ltr'><strong><em>ἀφίει</em></strong></span> <span class='ocrx_word' id='word_1_36' title='bbox 382 479 395 499; x_wconf 89' lang='grc'><strong><em>,</em></strong></span> <span class='ocrx_word' id='word_1_37' title='bbox 432 443 629 501; x_wconf 84' lang='grc' dir='ltr'><strong><em>κρατερὸν</em></strong></span> <span class='ocrx_word' id='word_1_38' title='bbox 648 443 692 486; x_wconf 74' lang='grc' dir='ltr'><strong><em>δ’</em></strong></span> <span class='ocrx_word' id='word_1_39' title='bbox 719 444 782 485; x_wconf 72' lang='grc' dir='ltr'><strong>ἐπὶ</strong></span> <span class='ocrx_word' id='word_1_40' title='bbox 805 447 948 498; x_wconf 75' lang='grc' dir='ltr'><strong><em>μῦθον</em></strong></span> <span class='ocrx_word' id='word_1_41' title='bbox 968 441 1146 496; x_wconf 65' lang='grc' dir='ltr'><strong><em>ἔτελλεν,</em></strong></span> <span class='ocrx_word' id='word_1_42' title='bbox 1176 441 1382 500; x_wconf 66' lang='grc' dir='ltr'><strong><em>ἔγγραφον</em></strong></span> <span class='ocrx_word' id='word_1_43' title='bbox 1400 442 1478 499; x_wconf 79' lang='grc' dir='ltr'><strong>τὴν</strong></span> <span class='ocrx_word' id='word_1_44' title='bbox 1495 441 1596 498; x_wconf 72' lang='grc' dir='ltr'><strong><em>ἐμὴν</em></strong></span> <span class='ocrx_word' id='word_1_45' title='bbox 1614 442 1740 486; x_wconf 78' lang='grc' dir='ltr'><strong><em>ἄπαι-</em></strong></span> 
     </span>
     <span class='ocr_line' id='line_1_6' title="bbox 253 509 1774 572; baseline -0.003 -12"><span class='ocrx_word' id='word_1_46' title='bbox 253 520 385 560; x_wconf 82' lang='grc' dir='ltr'><strong>τοῦσα</strong></span> <span class='ocrx_word' id='word_1_47' title='bbox 404 512 569 572; x_wconf 80' lang='grc' dir='ltr'><strong><em>γνώμην</em></strong></span> <span class='ocrx_word' id='word_1_48' title='bbox 586 514 627 555; x_wconf 77' lang='grc' dir='ltr'><strong><em>ἕν</em></strong></span> <span class='ocrx_word' id='word_1_49' title='bbox 644 517 703 571; x_wconf 81' lang='grc' dir='ltr'><strong>τῷ</strong></span> <span class='ocrx_word' id='word_1_50' title='bbox 725 511 873 556; x_wconf 80' lang='grc' dir='ltr'><strong><em>αὐτίκα</em></strong></span> <span class='ocrx_word' id='word_1_51' title='bbox 882 545 896 565; x_wconf 89' lang='grc'><strong><em>,</em></strong></span> <span class='ocrx_word' id='word_1_52' title='bbox 937 509 993 561; x_wconf 83' lang='grc' dir='ltr'><strong><em>ὥς</em></strong></span> <span class='ocrx_word' id='word_1_53' title='bbox 1014 509 1064 554; x_wconf 74' lang='grc' dir='ltr'><strong><em>ἂν</em></strong></span> <span class='ocrx_word' id='word_1_54' title='bbox 1085 509 1352 570; x_wconf 80' lang='grc' dir='ltr'><strong><em>βεβαιότερον</em></strong></span> <span class='ocrx_word' id='word_1_55' title='bbox 1371 511 1588 569; x_wconf 76' lang='grc' dir='ltr'><strong><em>ἀντιλέγειν</em></strong></span> <span class='ocrx_word' id='word_1_56' title='bbox 1610 510 1774 568; x_wconf 60' lang='lat' dir='ltr'><strong>{figet-5215</strong></span> 
     </span>
     <span class='ocr_line' id='line_1_7' title="bbox 212 579 1739 641; baseline -0.003 -12"><span class='ocrx_word' id='word_1_57' title='bbox 212 585 297 629; x_wconf 82' lang='grc' dir='ltr'><strong>1)οἳ</strong></span> <span class='ocrx_word' id='word_1_58' title='bbox 323 582 480 639; x_wconf 81' lang='grc' dir='ltr'><strong><em>ταύτης</em></strong></span> <span class='ocrx_word' id='word_1_59' title='bbox 506 580 748 640; x_wconf 74' lang='grc' dir='ltr'><strong><em>ὁμόφρονες.</em></strong></span> <span class='ocrx_word' id='word_1_60' title='bbox 805 579 895 641; x_wconf 82' lang='grc' dir='ltr'><strong><em>(ς’.)</em></strong></span> <span class='ocrx_word' id='word_1_61' title='bbox 931 583 1018 624; x_wconf 85' lang='grc' dir='ltr'><strong>Καὶ</strong></span> <span class='ocrx_word' id='word_1_62' title='bbox 1050 581 1172 625; x_wconf 76' lang='grc' dir='ltr'><strong><em>τοῦτ’</em></strong></span> <span class='ocrx_word' id='word_1_63' title='bbox 1204 581 1339 636; x_wconf 66' lang='grc' dir='ltr'><strong><em>ἔστιν,</em></strong></span> <span class='ocrx_word' id='word_1_64' title='bbox 1380 580 1402 625; x_wconf 78' lang='grc' dir='ltr'>ὃ</span> <span class='ocrx_word' id='word_1_65' title='bbox 1434 583 1503 625; x_wconf 81' lang='grc' dir='ltr'><strong>καὶ</strong></span> <span class='ocrx_word' id='word_1_66' title='bbox 1529 581 1606 637; x_wconf 85' lang='grc' dir='ltr'><strong>τὴν</strong></span> <span class='ocrx_word' id='word_1_67' title='bbox 1636 581 1739 638; x_wconf 72' lang='grc' dir='ltr'><strong><em>ἐμὴν</em></strong></span> 
     </span>
     <span class='ocr_line' id='line_1_8' title="bbox 254 649 1738 713; baseline -0.003 -14"><span class='ocrx_word' id='word_1_68' title='bbox 254 654 361 713; x_wconf 79' lang='grc' dir='ltr'><strong><em>πρὸς</em></strong></span> <span class='ocrx_word' id='word_1_69' title='bbox 377 651 558 710; x_wconf 80' lang='grc' dir='ltr'><strong><em>ἀνάγκας</em></strong></span> <span class='ocrx_word' id='word_1_70' title='bbox 580 651 680 703; x_wconf 76' lang='grc' dir='ltr'><strong><em>ἴσως</em></strong></span> <span class='ocrx_word' id='word_1_71' title='bbox 697 649 974 710; x_wconf 71' lang='grc' dir='ltr'><strong><em>ἀντιρρήσεων</em></strong></span> <span class='ocrx_word' id='word_1_72' title='bbox 993 649 1132 708; x_wconf 75' lang='grc' dir='ltr'><strong><em>ἤνεγκε</em></strong></span> <span class='ocrx_word' id='word_1_73' title='bbox 1152 654 1363 709; x_wconf 80' lang='grc' dir='ltr'><strong><em>γλῶτταν,</em></strong></span> <span class='ocrx_word' id='word_1_74' title='bbox 1387 652 1513 695; x_wconf 73' lang='grc' dir='ltr'><strong><em>ἐνίοτε</em></strong></span> <span class='ocrx_word' id='word_1_75' title='bbox 1536 652 1609 694; x_wconf 83' lang='grc' dir='ltr'><strong><em>καὶ·</em></strong></span> <span class='ocrx_word' id='word_1_76' title='bbox 1628 651 1738 694; x_wconf 81' lang='grc' dir='ltr'><strong><em>ε’νια-</em></strong></span> 
     </span>
     <span class='ocr_line' id='line_1_9' title="bbox 251 719 1738 783; baseline -0.002 -16"><span class='ocrx_word' id='word_1_77' title='bbox 251 728 332 780; x_wconf 80' lang='grc' dir='ltr'><strong><em>χοῦ</em></strong></span> <span class='ocrx_word' id='word_1_78' title='bbox 350 721 466 779; x_wconf 79' lang='grc' dir='ltr'><strong><em>μάλα</em></strong></span> <span class='ocrx_word' id='word_1_79' title='bbox 483 739 548 765; x_wconf 91' lang='grc' dir='ltr'><strong>τοι</strong></span> <span class='ocrx_word' id='word_1_80' title='bbox 565 719 732 779; x_wconf 89' lang='grc' dir='ltr'><strong><em>σφόδρα</em></strong></span> <span class='ocrx_word' id='word_1_81' title='bbox 751 722 942 778; x_wconf 80' lang='grc' dir='ltr'><strong><em>γενναίως</em></strong></span> <span class='ocrx_word' id='word_1_82' title='bbox 962 721 1025 763; x_wconf 72' lang='grc' dir='ltr'><strong>ἐπὶ</strong></span> <span class='ocrx_word' id='word_1_83' title='bbox 1045 725 1104 780; x_wconf 80' lang='grc' dir='ltr'><strong>τῷ</strong></span> <span class='ocrx_word' id='word_1_84' title='bbox 1125 722 1319 783; x_wconf 57' lang='grc' dir='ltr'><strong><em>θεμελίῳ</em></strong></span> <span class='ocrx_word' id='word_1_85' title='bbox 1332 725 1406 777; x_wconf 90' lang='grc' dir='ltr'><strong>τῆς</strong></span> <span class='ocrx_word' id='word_1_86' title='bbox 1427 720 1650 776; x_wconf 77' lang='grc' dir='ltr'><strong><em>δεδομένης</em></strong></span> <span class='ocrx_word' id='word_1_87' title='bbox 1670 720 1738 764; x_wconf 82' lang='grc' dir='ltr'><strong><em>εὖ-</em></strong></span> 
     </span>
     <span class='ocr_line' id='line_1_10' title="bbox 255 788 1739 849; baseline -0.002 -12"><span class='ocrx_word' id='word_1_88' title='bbox 255 794 417 849; x_wconf 80' lang='grc' dir='ltr'><strong><em>σεβείας</em></strong></span> <span class='ocrx_word' id='word_1_89' title='bbox 438 794 647 836; x_wconf 71' lang='grc' dir='ltr'><strong><em>ἵστασθαι</em></strong></span> <span class='ocrx_word' id='word_1_90' title='bbox 667 794 970 848; x_wconf 77' lang='grc' dir='ltr'><strong><em>παραινοῦντος</em></strong></span> <span class='ocrx_word' id='word_1_91' title='bbox 990 790 1087 841; x_wconf 73' lang='grc' dir='ltr'><strong><em>τοὺς</em></strong></span> <span class='ocrx_word' id='word_1_92' title='bbox 1111 788 1386 848; x_wconf 89' lang='grc' dir='ltr'><strong><em>προσιόντας,</em></strong></span> <span class='ocrx_word' id='word_1_93' title='bbox 1418 792 1486 833; x_wconf 81' lang='grc' dir='ltr'><strong>καὶ</strong></span> <span class='ocrx_word' id='word_1_94' title='bbox 1507 790 1616 847; x_wconf 80' lang='grc' dir='ltr'><strong><em>μηδ’</em></strong></span> <span class='ocrx_word' id='word_1_95' title='bbox 1642 789 1739 849; x_wconf 75' lang='grc' dir='ltr'><strong><em>ἄχρι</em></strong></span> 
     </span>
     <span class='ocr_line' id='line_1_11' title="bbox 254 859 1794 921; baseline -0.001 -14"><span class='ocrx_word' id='word_1_96' title='bbox 254 867 430 921; x_wconf 84' lang='grc' dir='ltr'><strong><em>στιγμῆς</em></strong></span> <span class='ocrx_word' id='word_1_97' title='bbox 460 868 553 912; x_wconf 81' lang='grc' dir='ltr'><strong><em>ταῖς</em></strong></span> <span class='ocrx_word' id='word_1_98' title='bbox 580 860 795 917; x_wconf 71' lang='grc' dir='ltr'><strong><em>τηνικαῦτ’</em></strong></span> <span class='ocrx_word' id='word_1_99' title='bbox 837 859 1182 914; x_wconf 76' lang='grc' dir='ltr'><strong><em>ἔπιπολαζούσαις</em></strong></span> <span class='ocrx_word' id='word_1_100' title='bbox 1211 861 1504 919; x_wconf 88' lang='grc' dir='ltr'><strong><em>καινοφωνιάις</em></strong></span> <span class='ocrx_word' id='word_1_101' title='bbox 1531 861 1737 918; x_wconf 74' lang='grc' dir='ltr'><strong><em>ἐγκλίνειν,</em></strong></span> <span class='ocrx_word' id='word_1_102' title='bbox 1753 869 1794 905; x_wconf 83' lang='grc'><strong>10</strong></span> 
     </span>
     <span class='ocr_line' id='line_1_12' title="bbox 254 927 1739 990; baseline -0.002 -13"><span class='ocrx_word' id='word_1_103' title='bbox 254 932 539 990; x_wconf 75' lang='grc' dir='ltr'><strong><em>μεμνημένους</em></strong></span> <span class='ocrx_word' id='word_1_104' title='bbox 566 927 650 975; x_wconf 67' lang='grc' dir='ltr'><strong><em>’τῶν</em></strong></span> <span class='ocrx_word' id='word_1_105' title='bbox 681 930 943 987; x_wconf 80' lang='grc' dir='ltr'><strong><em>εὐαγγελικῶν</em></strong></span> <span class='ocrx_word' id='word_1_106' title='bbox 975 947 1019 973; x_wconf 85' lang='grc' dir='ltr'><strong>τε</strong></span> <span class='ocrx_word' id='word_1_107' title='bbox 1043 932 1112 974; x_wconf 86' lang='grc' dir='ltr'><strong>καὶ</strong></span> <span class='ocrx_word' id='word_1_108' title='bbox 1134 931 1419 975; x_wconf 80' lang='grc' dir='ltr'><strong><em>ἀποστολικῶν</em></strong></span> <span class='ocrx_word' id='word_1_109' title='bbox 1447 930 1739 988; x_wconf 77' lang='grc' dir='ltr'><strong><em>παραινέσεων·</em></strong></span> 
     </span>
     <span class='ocr_line' id='line_1_13' title="bbox 214 997 1742 1065; baseline -0.003 -18"><span class='ocrx_word' id='word_1_110' title='bbox 214 1004 326 1047; x_wconf 60' lang='lat' dir='ltr'><strong>Eua}</strong></span> <span class='ocrx_word' id='word_1_111' title='bbox 345 1001 424 1047; x_wconf 78' lang='grc' dir='ltr'><strong>ὅσα</strong></span> <span class='ocrx_word' id='word_1_112' title='bbox 446 1000 468 1045; x_wconf 79' lang='grc' dir='ltr'><em>ὃ</em></span> <span class='ocrx_word' id='word_1_113' title='bbox 485 1001 612 1058; x_wconf 75' lang='grc' dir='ltr'><strong><em>μέγας</em></strong></span> <span class='ocrx_word' id='word_1_114' title='bbox 633 1001 675 1043; x_wconf 78' lang='grc' dir='ltr'><strong><em>ἐν</em></strong></span> <span class='ocrx_word' id='word_1_115' title='bbox 695 1001 890 1061; x_wconf 71' lang='grc' dir='ltr'><strong><em>θεολογία</em></strong></span> <span class='ocrx_word' id='word_1_116' title='bbox 909 1004 951 1044; x_wconf 89' lang='grc' dir='ltr'><em>Γ</em></span> <span class='ocrx_word' id='word_1_117' title='bbox 947 998 1138 1065; x_wconf 80' lang='grc' dir='ltr'><strong><em>ρηγόριος</em></strong></span> <span class='ocrx_word' id='word_1_118' title='bbox 1146 1034 1161 1055; x_wconf 91' lang='grc'><strong><em>,</em></strong></span> <span class='ocrx_word' id='word_1_119' title='bbox 1197 1001 1239 1052; x_wconf 74' lang='grc' dir='ltr'><strong><em>ἐς</em></strong></span> <span class='ocrx_word' id='word_1_120' title='bbox 1258 1000 1336 1051; x_wconf 79' lang='grc' dir='ltr'><strong>τὰς</strong></span> <span class='ocrx_word' id='word_1_121' title='bbox 1359 997 1506 1055; x_wconf 78' lang='grc' dir='ltr'><strong><em>ὁμοίας</em></strong></span> <span class='ocrx_word' id='word_1_122' title='bbox 1527 1001 1742 1055; x_wconf 73' lang='grc' dir='ltr'><strong><em>ἐμπεπτω-</em></strong></span> 
     </span>
     <span class='ocr_line' id='line_1_14' title="bbox 258 1068 1743 1129; baseline -0.003 -12"><span class='ocrx_word' id='word_1_123' title='bbox 258 1073 342 1124; x_wconf 78' lang='grc' dir='ltr'><strong>κὼς</strong></span> <span class='ocrx_word' id='word_1_124' title='bbox 368 1069 624 1129; x_wconf 80' lang='grc' dir='ltr'><strong><em>περιστάσεις</em></strong></span> <span class='ocrx_word' id='word_1_125' title='bbox 643 1074 718 1127; x_wconf 92' lang='grc' dir='ltr'><strong>τῆς</strong></span> <span class='ocrx_word' id='word_1_126' title='bbox 740 1071 970 1126; x_wconf 72' lang='grc' dir='ltr'><strong><em>ἐκκλησίας,</em></strong></span> <span class='ocrx_word' id='word_1_127' title='bbox 999 1070 1181 1122; x_wconf 67' lang='grc' dir='ltr'><strong><em>διέξεισιν</em></strong></span> <span class='ocrx_word' id='word_1_128' title='bbox 1199 1084 1210 1095; x_wconf 87' lang='grc'><em>·</em></span> <span class='ocrx_word' id='word_1_129' title='bbox 1244 1068 1399 1127; x_wconf 79' lang='grc' dir='ltr'><strong><em>,,ῆμεΐς</em></strong></span> <span class='ocrx_word' id='word_1_130' title='bbox 1420 1068 1583 1129; x_wconf 74' lang='grc' dir='ltr'><strong><em>(λέγων)</em></strong></span> <span class='ocrx_word' id='word_1_131' title='bbox 1615 1069 1654 1113; x_wconf 77' lang='grc' dir='ltr'><strong>οἱ</strong></span> <span class='ocrx_word' id='word_1_132' title='bbox 1673 1071 1743 1113; x_wconf 88' lang='grc' dir='ltr'><strong>καὶ</strong></span> 
     </span>
     <span class='ocr_line' id='line_1_15' title="bbox 257 1131 1742 1200; baseline -0.003 -14"><span class='ocrx_word' id='word_1_133' title='bbox 257 1143 377 1200; x_wconf 77' lang='grc' dir='ltr'><strong><em>μέχρι</em></strong></span> <span class='ocrx_word' id='word_1_134' title='bbox 394 1146 469 1198; x_wconf 87' lang='grc' dir='ltr'><strong>τῆς</strong></span> <span class='ocrx_word' id='word_1_135' title='bbox 485 1131 688 1197; x_wconf 78' lang='grc' dir='ltr'><strong><em>τυχούσης</em></strong></span> <span class='ocrx_word' id='word_1_136' title='bbox 708 1141 872 1198; x_wconf 84' lang='grc' dir='ltr'><strong><em>κεραίας</em></strong></span> <span class='ocrx_word' id='word_1_137' title='bbox 892 1141 960 1184; x_wconf 81' lang='grc' dir='ltr'><strong>καὶ</strong></span> <span class='ocrx_word' id='word_1_138' title='bbox 973 1145 1168 1198; x_wconf 85' lang='grc' dir='ltr'><strong><em>γραμμῆς</em></strong></span> <span class='ocrx_word' id='word_1_139' title='bbox 1185 1144 1260 1184; x_wconf 81' lang='grc' dir='ltr'><strong>τοῦ</strong></span> <span class='ocrx_word' id='word_1_140' title='bbox 1278 1138 1511 1196; x_wconf 74' lang='grc' dir='ltr'><strong><em>πνεύματος</em></strong></span> <span class='ocrx_word' id='word_1_141' title='bbox 1528 1139 1604 1196; x_wconf 81' lang='grc' dir='ltr'><strong>τὴν</strong></span> <span class='ocrx_word' id='word_1_142' title='bbox 1624 1139 1742 1197; x_wconf 75' lang='grc' dir='ltr'><strong><em>ἀκρί-</em></strong></span> 
     </span>
     <span class='ocr_line' id='line_1_16' title="bbox 258 1208 1794 1270; baseline -0.001 -14"><span class='ocrx_word' id='word_1_143' title='bbox 258 1217 376 1269; x_wconf 85' lang='grc' dir='ltr'><strong><em>βειαν</em></strong></span> <span class='ocrx_word' id='word_1_144' title='bbox 414 1212 596 1262; x_wconf 70' lang='grc' dir='ltr'><strong><em>ἕλκοντες</em></strong></span> <span class='ocrx_word' id='word_1_145' title='bbox 625 1210 773 1254; x_wconf 77' lang='grc' dir='ltr'><strong><em>οὕποτε</em></strong></span> <span class='ocrx_word' id='word_1_146' title='bbox 807 1208 1014 1266; x_wconf 73' lang='grc' dir='ltr'><strong><em>δεξόμεθα</em></strong></span> <span class='ocrx_word' id='word_1_147' title='bbox 1054 1209 1124 1270; x_wconf 83' lang='grc' dir='ltr'><strong>(οὗ</strong></span> <span class='ocrx_word' id='word_1_148' title='bbox 1154 1210 1234 1269; x_wconf 78' lang='grc' dir='ltr'><strong><em>γὰρ</em></strong></span> <span class='ocrx_word' id='word_1_149' title='bbox 1262 1208 1394 1267; x_wconf 79' lang='grc' dir='ltr'><strong><em>ὅσιον)</em></strong></span> <span class='ocrx_word' id='word_1_150' title='bbox 1427 1208 1523 1254; x_wconf 78' lang='grc' dir='ltr'><strong><em>οὐδὲ</em></strong></span> <span class='ocrx_word' id='word_1_151' title='bbox 1549 1209 1624 1260; x_wconf 80' lang='grc' dir='ltr'><strong>τὰς</strong></span> <span class='ocrx_word' id='word_1_152' title='bbox 1643 1210 1740 1252; x_wconf 77' lang='grc' dir='ltr'><strong><em>ἔλα-</em></strong></span> <span class='ocrx_word' id='word_1_153' title='bbox 1752 1218 1794 1254; x_wconf 87' lang='grc'><strong>15</strong></span> 
     </span>
     <span class='ocr_line' id='line_1_17' title="bbox 254 1278 1743 1339; baseline -0.002 -14"><span class='ocrx_word' id='word_1_154' title='bbox 254 1283 404 1338; x_wconf 88' lang='grc' dir='ltr'><strong><em>χίστας</em></strong></span> <span class='ocrx_word' id='word_1_155' title='bbox 431 1278 598 1339; x_wconf 79' lang='grc' dir='ltr'><strong><em>πράξεις</em></strong></span> <span class='ocrx_word' id='word_1_156' title='bbox 623 1283 708 1337; x_wconf 77' lang='grc' dir='ltr'><strong><em>εἰκῆ</em></strong></span> <span class='ocrx_word' id='word_1_157' title='bbox 738 1282 1058 1337; x_wconf 75' lang='grc' dir='ltr'><strong><em>σπουδασθῆναι</em></strong></span> <span class='ocrx_word' id='word_1_158' title='bbox 1088 1287 1176 1332; x_wconf 81' lang='grc' dir='ltr'><strong><em>τοῖς</em></strong></span> <span class='ocrx_word' id='word_1_159' title='bbox 1204 1278 1499 1338; x_wconf 78' lang='grc' dir='ltr'><strong><em>ἀναγράψασι,</em></strong></span> <span class='ocrx_word' id='word_1_160' title='bbox 1537 1281 1604 1322; x_wconf 84' lang='grc' dir='ltr'><strong>καὶ</strong></span> <span class='ocrx_word' id='word_1_161' title='bbox 1622 1279 1743 1336; x_wconf 75' lang='grc' dir='ltr'><strong><em>μέχρι</em></strong></span> 
     </span>
     <span class='ocr_line' id='line_1_18' title="bbox 257 1347 1742 1409; baseline -0.001 -14"><span class='ocrx_word' id='word_1_162' title='bbox 257 1356 334 1396; x_wconf 82' lang='grc' dir='ltr'><strong>τοῦ</strong></span> <span class='ocrx_word' id='word_1_163' title='bbox 355 1349 561 1409; x_wconf 90' lang='grc' dir='ltr'><strong><em>παρόντος</em></strong></span> <span class='ocrx_word' id='word_1_164' title='bbox 576 1349 719 1409; x_wconf 80' lang='grc' dir='ltr'><strong><em>μνήμῃ</em></strong></span> <span class='ocrx_word' id='word_1_165' title='bbox 739 1352 1026 1407; x_wconf 70' lang='grc' dir='ltr'><strong><em>διασωθῆναι·</em></strong></span> <span class='ocrx_word' id='word_1_166' title='bbox 1052 1350 1146 1394; x_wconf 72' lang='grc' dir='ltr'><strong><em>ἀλλ’</em></strong></span> <span class='ocrx_word' id='word_1_167' title='bbox 1166 1350 1225 1394; x_wconf 80' lang='lat' dir='ltr'><strong>‘lv’</strong></span> <span class='ocrx_word' id='word_1_168' title='bbox 1244 1348 1360 1407; x_wconf 76' lang='grc' dir='ltr'><strong><em>ἡμεῖς</em></strong></span> <span class='ocrx_word' id='word_1_169' title='bbox 1379 1349 1532 1406; x_wconf 64' lang='grc' dir='ltr'><strong><em>ἔχωμεν</em></strong></span> <span class='ocrx_word' id='word_1_170' title='bbox 1551 1347 1742 1405; x_wconf 66' lang='grc' dir='ltr'><strong><em>ὑπομνή-</em></strong></span> 
     </span>
     <span class='ocr_line' id='line_1_19' title="bbox 120 1418 1741 1478; baseline -0.001 -14"><span class='ocrx_word' id='word_1_171' title='bbox 120 1426 167 1464; x_wconf 85' lang='lat' dir='ltr'><strong>V.</strong></span> <span class='ocrx_word' id='word_1_172' title='bbox 177 1428 246 1465; x_wconf 85' lang='lat'><strong>391</strong></span> <span class='ocrx_word' id='word_1_173' title='bbox 256 1437 374 1478; x_wconf 86' lang='grc' dir='ltr'><strong><em>ματα</em></strong></span> <span class='ocrx_word' id='word_1_174' title='bbox 394 1422 463 1464; x_wconf 82' lang='grc' dir='ltr'><strong>καὶ</strong></span> <span class='ocrx_word' id='word_1_175' title='bbox 485 1419 746 1476; x_wconf 78' lang='grc' dir='ltr'><strong><em>παιδεύματα</em></strong></span> <span class='ocrx_word' id='word_1_176' title='bbox 767 1425 843 1477; x_wconf 89' lang='grc' dir='ltr'><strong>τῆς</strong></span> <span class='ocrx_word' id='word_1_177' title='bbox 864 1424 948 1464; x_wconf 81' lang='grc' dir='ltr'><strong>τῶν</strong></span> <span class='ocrx_word' id='word_1_178' title='bbox 970 1418 1124 1476; x_wconf 81' lang='grc' dir='ltr'><strong><em>ὁμοίων</em></strong></span> <span class='ocrx_word' id='word_1_179' title='bbox 1134 1453 1149 1475; x_wconf 89' lang='grc'><strong><em>,</em></strong></span> <span class='ocrx_word' id='word_1_180' title='bbox 1184 1420 1226 1464; x_wconf 81' lang='grc' dir='ltr'><strong>εἶ’</strong></span> <span class='ocrx_word' id='word_1_181' title='bbox 1239 1438 1338 1464; x_wconf 85' lang='grc' dir='ltr'><strong><em>ποτε</em></strong></span> <span class='ocrx_word' id='word_1_182' title='bbox 1365 1419 1567 1475; x_wconf 75' lang='grc' dir='ltr'><strong><em>συμπέσοι</em></strong></span> <span class='ocrx_word' id='word_1_183' title='bbox 1582 1419 1741 1478; x_wconf 83' lang='grc' dir='ltr'><strong><em>καιρὸς,</em></strong></span> 
     </span>
     <span class='ocr_line' id='line_1_20' title="bbox 219 1486 1743 1549; baseline -0.002 -14"><span class='ocrx_word' id='word_1_184' title='bbox 219 1490 536 1545; x_wconf 72' lang='grc' dir='ltr'><strong><em>Εδιασκέψεως·</em></strong></span> <span class='ocrx_word' id='word_1_185' title='bbox 573 1489 678 1534; x_wconf 78' lang='grc' dir='ltr'><strong><em>ὥστε</em></strong></span> <span class='ocrx_word' id='word_1_186' title='bbox 710 1490 763 1534; x_wconf 84' lang='grc' dir='ltr'><strong>τὰ</strong></span> <span class='ocrx_word' id='word_1_187' title='bbox 791 1491 868 1546; x_wconf 80' lang='grc' dir='ltr'><strong>μὲν</strong></span> <span class='ocrx_word' id='word_1_188' title='bbox 892 1488 1051 1549; x_wconf 80' lang='grc' dir='ltr'><strong><em>φεύγειν</em></strong></span> <span class='ocrx_word' id='word_1_189' title='bbox 1068 1523 1082 1545; x_wconf 89' lang='grc'><strong><em>,</em></strong></span> <span class='ocrx_word' id='word_1_190' title='bbox 1113 1489 1168 1534; x_wconf 81' lang='grc' dir='ltr'><strong>τὰ</strong></span> <span class='ocrx_word' id='word_1_191' title='bbox 1197 1489 1241 1534; x_wconf 73' lang='grc' dir='ltr'><strong><em>δ’</em></strong></span> <span class='ocrx_word' id='word_1_192' title='bbox 1275 1490 1510 1549; x_wconf 69' lang='grc' dir='ltr'><strong><em>αἱρεῖσθαι,</em></strong></span> <span class='ocrx_word' id='word_1_193' title='bbox 1548 1486 1635 1532; x_wconf 78' lang='grc' dir='ltr'><strong><em>οἷον</em></strong></span> <span class='ocrx_word' id='word_1_194' title='bbox 1664 1506 1743 1532; x_wconf 84' lang='grc' dir='ltr'><strong>κα-</strong></span> 
     </span>
     <span class='ocr_line' id='line_1_21' title="bbox 253 1557 1794 1618; baseline 0 -13"><span class='ocrx_word' id='word_1_195' title='bbox 253 1559 344 1606; x_wconf 88' lang='grc' dir='ltr'><strong><em>νόσι</em></strong></span> <span class='ocrx_word' id='word_1_196' title='bbox 362 1562 444 1605; x_wconf 80' lang='grc' dir='ltr'><strong><em>τισὶ</em></strong></span> <span class='ocrx_word' id='word_1_197' title='bbox 465 1561 535 1604; x_wconf 83' lang='grc' dir='ltr'><strong>καὶ</strong></span> <span class='ocrx_word' id='word_1_198' title='bbox 553 1558 697 1612; x_wconf 78' lang='grc' dir='ltr'><strong><em>τύποις</em></strong></span> <span class='ocrx_word' id='word_1_199' title='bbox 705 1594 720 1615; x_wconf 92' lang='grc'><strong><em>,</em></strong></span> <span class='ocrx_word' id='word_1_200' title='bbox 750 1567 839 1612; x_wconf 81' lang='grc' dir='ltr'><strong><em>τοῖς</em></strong></span> <span class='ocrx_word' id='word_1_201' title='bbox 863 1564 1148 1618; x_wconf 80' lang='grc' dir='ltr'><strong><em>προλαβοῦσιν</em></strong></span> <span class='ocrx_word' id='word_1_202' title='bbox 1175 1557 1363 1616; x_wconf 73' lang='grc' dir='ltr'><strong><em>ἑπόμενοι</em></strong></span> <span class='ocrx_word' id='word_1_203' title='bbox 1381 1560 1687 1618; x_wconf 78' lang='grc' dir='ltr'><strong><em>παραδείγμασι</em></strong></span> <span class='ocrx_word' id='word_1_204' title='bbox 1701 1557 1794 1605; x_wconf 78' lang='lat'>·&#39;&#39;20</span> 
     </span>
     <span class='ocr_line' id='line_1_22' title="bbox 254 1628 1742 1690; baseline -0.003 -15"><span class='ocrx_word' id='word_1_205' title='bbox 254 1632 324 1675; x_wconf 82' lang='grc' dir='ltr'><strong>καὶ</strong></span> <span class='ocrx_word' id='word_1_206' title='bbox 354 1629 435 1675; x_wconf 79' lang='grc' dir='ltr'><strong>ὅσα</strong></span> <span class='ocrx_word' id='word_1_207' title='bbox 463 1628 615 1686; x_wconf 77' lang='grc' dir='ltr'><strong><em>ὁμοίως</em></strong></span> <span class='ocrx_word' id='word_1_208' title='bbox 650 1629 671 1675; x_wconf 81' lang='grc' dir='ltr'><em>ὃ</em></span> <span class='ocrx_word' id='word_1_209' title='bbox 702 1631 830 1689; x_wconf 78' lang='grc' dir='ltr'><strong><em>μέγας</em></strong></span> <span class='ocrx_word' id='word_1_210' title='bbox 858 1632 1077 1682; x_wconf 88' lang='grc' dir='ltr'><strong><em>Βασίλειος</em></strong></span> <span class='ocrx_word' id='word_1_211' title='bbox 1105 1630 1147 1674; x_wconf 75' lang='grc' dir='ltr'><strong><em>ἓν</em></strong></span> <span class='ocrx_word' id='word_1_212' title='bbox 1173 1634 1233 1690; x_wconf 79' lang='grc' dir='ltr'><strong>τῷ</strong></span> <span class='ocrx_word' id='word_1_213' title='bbox 1262 1631 1353 1688; x_wconf 85' lang='grc' dir='ltr'><strong><em>περὶ</em></strong></span> <span class='ocrx_word' id='word_1_214' title='bbox 1382 1630 1557 1680; x_wconf 81' lang='grc' dir='ltr'><strong><em>πίστεως</em></strong></span> <span class='ocrx_word' id='word_1_215' title='bbox 1588 1628 1742 1687; x_wconf 67' lang='grc' dir='ltr'><strong><em>ἔφασκε</em></strong></span> 
     </span>
     <span class='ocr_line' id='line_1_23' title="bbox 255 1696 1741 1760; baseline -0.002 -16"><span class='ocrx_word' id='word_1_216' title='bbox 255 1699 380 1760; x_wconf 81' lang='grc' dir='ltr'><strong><em>λόγῳ,</em></strong></span> <span class='ocrx_word' id='word_1_217' title='bbox 410 1701 629 1759; x_wconf 68' lang='grc' dir='ltr'><strong><em>φείδεσθαι</em></strong></span> <span class='ocrx_word' id='word_1_218' title='bbox 645 1705 859 1756; x_wconf 85' lang='grc' dir='ltr'><strong><em>παραινῶν</em></strong></span> <span class='ocrx_word' id='word_1_219' title='bbox 876 1702 944 1744; x_wconf 86' lang='grc' dir='ltr'><strong>καὶ</strong></span> <span class='ocrx_word' id='word_1_220' title='bbox 961 1705 1046 1745; x_wconf 85' lang='grc' dir='ltr'><strong>τῶν</strong></span> <span class='ocrx_word' id='word_1_221' title='bbox 1065 1697 1324 1756; x_wconf 78' lang='grc' dir='ltr'><strong><em>ὄνομάτωνῆ</em></strong></span> <span class='ocrx_word' id='word_1_222' title='bbox 1345 1696 1542 1758; x_wconf 80' lang='grc' dir='ltr'><strong><em>ῥημάτων</em></strong></span> <span class='ocrx_word' id='word_1_223' title='bbox 1566 1699 1741 1751; x_wconf 75' lang='grc' dir='ltr'><strong><em>ἐκείνων,</em></strong></span> 
     </span>
     <span class='ocr_line' id='line_1_24' title="bbox 255 1766 1742 1833; baseline -0.003 -18"><span class='ocrx_word' id='word_1_224' title='bbox 255 1769 286 1815; x_wconf 77' lang='grc' dir='ltr'>ἃ</span> <span class='ocrx_word' id='word_1_225' title='bbox 307 1771 436 1822; x_wconf 69' lang='grc' dir='ltr'><strong><em>λέξεσι</em></strong></span> <span class='ocrx_word' id='word_1_226' title='bbox 458 1770 534 1826; x_wconf 77' lang='grc' dir='ltr'><strong>μὲν</strong></span> <span class='ocrx_word' id='word_1_227' title='bbox 553 1769 629 1814; x_wconf 79' lang='grc' dir='ltr'><strong><em>οὐκ</em></strong></span> <span class='ocrx_word' id='word_1_228' title='bbox 654 1771 874 1830; x_wconf 74' lang='grc' dir='ltr'><strong><em>ἐμφέρεται</em></strong></span> <span class='ocrx_word' id='word_1_229' title='bbox 894 1775 948 1830; x_wconf 83' lang='grc' dir='ltr'><strong>τῇ</strong></span> <span class='ocrx_word' id='word_1_230' title='bbox 975 1771 1074 1833; x_wconf 65' lang='grc' dir='ltr'><strong><em>θεία</em></strong></span> <span class='ocrx_word' id='word_1_231' title='bbox 1093 1774 1260 1830; x_wconf 82' lang='grc' dir='ltr'><strong><em>γραφῇ,</em></strong></span> <span class='ocrx_word' id='word_1_232' title='bbox 1290 1766 1476 1815; x_wconf 79' lang='grc' dir='ltr'><strong><em>διάνοιάν</em></strong></span> <span class='ocrx_word' id='word_1_233' title='bbox 1492 1786 1536 1827; x_wconf 86' lang='grc' dir='ltr'><strong>γε</strong></span> <span class='ocrx_word' id='word_1_234' title='bbox 1553 1768 1637 1825; x_wconf 85' lang='grc' dir='ltr'><strong>μὴν</strong></span> <span class='ocrx_word' id='word_1_235' title='bbox 1663 1767 1742 1811; x_wconf 59' lang='lat' dir='ltr'><strong>az}-</strong></span> 
     </span>
    </p>
   </div>
   <div class='ocr_carea' id='block_1_3' title="bbox 261 1902 1751 2885">
    <p class='ocr_par' dir='ltr' id='par_1_3' title="bbox 261 1902 1743 2053">
     <span class='ocr_line' id='line_1_25' title="bbox 261 1902 1743 1951; baseline -0.001 -12"><span class='ocrx_word' id='word_1_236' title='bbox 261 1902 404 1939; x_wconf 82' lang='lat' dir='ltr'><strong>efferari</strong></span> <span class='ocrx_word' id='word_1_237' title='bbox 420 1902 495 1939; x_wconf 84' lang='lat' dir='ltr'><strong>visa</strong></span> <span class='ocrx_word' id='word_1_238' title='bbox 513 1905 580 1946; x_wconf 84' lang='lat' dir='ltr'><strong>est,</strong></span> <span class='ocrx_word' id='word_1_239' title='bbox 602 1906 638 1939; x_wconf 88' lang='lat' dir='ltr'><strong>et</strong></span> <span class='ocrx_word' id='word_1_240' title='bbox 656 1905 795 1941; x_wconf 90' lang='lat' dir='ltr'><strong>multam</strong></span> <span class='ocrx_word' id='word_1_241' title='bbox 812 1904 898 1940; x_wconf 86' lang='lat' dir='ltr'><strong>iram</strong></span> <span class='ocrx_word' id='word_1_242' title='bbox 917 1903 1111 1951; x_wconf 83' lang='lat' dir='ltr'><strong>parturire3</strong></span> <span class='ocrx_word' id='word_1_243' title='bbox 1135 1903 1241 1951; x_wconf 86' lang='lat' dir='ltr'><strong>idque</strong></span> <span class='ocrx_word' id='word_1_244' title='bbox 1258 1915 1299 1939; x_wconf 90' lang='lat' dir='ltr'><strong>eo</strong></span> <span class='ocrx_word' id='word_1_245' title='bbox 1313 1903 1472 1948; x_wconf 78' lang='lat' dir='ltr'><strong>maxime,</strong></span> <span class='ocrx_word' id='word_1_246' title='bbox 1495 1902 1588 1950; x_wconf 88' lang='lat' dir='ltr'><strong>quod</strong></span> <span class='ocrx_word' id='word_1_247' title='bbox 1608 1902 1668 1948; x_wconf 86' lang='lat' dir='ltr'><strong>qui</strong></span> <span class='ocrx_word' id='word_1_248' title='bbox 1686 1913 1743 1938; x_wconf 87' lang='lat' dir='ltr'><strong>as-</strong></span> 
     </span>
     <span class='ocr_line' id='line_1_26' title="bbox 263 1950 1651 1998; baseline 0 -12"><span class='ocrx_word' id='word_1_249' title='bbox 263 1950 424 1986; x_wconf 74' lang='lat' dir='ltr'><strong>sidebant</strong></span> <span class='ocrx_word' id='word_1_250' title='bbox 445 1950 480 1985; x_wconf 90' lang='lat' dir='ltr'><strong>ei</strong></span> <span class='ocrx_word' id='word_1_251' title='bbox 503 1950 718 1994; x_wconf 89' lang='lat' dir='ltr'><strong>accinerent‚</strong></span> <span class='ocrx_word' id='word_1_252' title='bbox 744 1955 780 1987; x_wconf 91' lang='lat' dir='ltr'><strong>et</strong></span> <span class='ocrx_word' id='word_1_253' title='bbox 796 1951 978 1987; x_wconf 87' lang='lat' dir='ltr'><strong>immodica</strong></span> <span class='ocrx_word' id='word_1_254' title='bbox 996 1951 1193 1986; x_wconf 82' lang='lat' dir='ltr'><strong>adulatione</strong></span> <span class='ocrx_word' id='word_1_255' title='bbox 1212 1951 1470 1998; x_wconf 81' lang='lat' dir='ltr'><strong>applauderent.</strong></span> <span class='ocrx_word' id='word_1_256' title='bbox 1515 1950 1651 1988; x_wconf 83' lang='lat' dir='ltr'><strong>Idcirco</strong></span> 
     </span>
     <span class='ocr_line' id='line_1_27' title="bbox 514 1996 1488 2053; baseline 0.002 -22"><span class='ocrx_word' id='word_1_257' title='bbox 514 1996 733 2043; x_wconf 84' lang='lat' dir='ltr'><strong>Dimittitque</strong></span> <span class='ocrx_word' id='word_1_258' title='bbox 751 1999 922 2053; x_wconf 80' lang='lat' dir='ltr'><strong>superbe,</strong></span> <span class='ocrx_word' id='word_1_259' title='bbox 946 1998 1111 2045; x_wconf 83' lang='lat' dir='ltr'><strong>additque</strong></span> <span class='ocrx_word' id='word_1_260' title='bbox 1130 1997 1225 2033; x_wconf 81' lang='lat' dir='ltr'><strong>haud</strong></span> <span class='ocrx_word' id='word_1_261' title='bbox 1247 1997 1360 2033; x_wconf 86' lang='lat' dir='ltr'><strong>mollia</strong></span> <span class='ocrx_word' id='word_1_262' title='bbox 1380 1997 1488 2041; x_wconf 83' lang='lat' dir='ltr'><strong>iussa,</strong></span> 
     </span>
    </p>

    <p class='ocr_par' dir='ltr' id='par_1_4' title="bbox 262 2042 1751 2885">
     <span class='ocr_line' id='line_1_28' title="bbox 263 2042 1745 2092; baseline 0.001 -15"><span class='ocrx_word' id='word_1_263' title='bbox 263 2053 372 2078; x_wconf 87' lang='lat' dir='ltr'><strong>meam</strong></span> <span class='ocrx_word' id='word_1_264' title='bbox 389 2044 430 2077; x_wconf 86' lang='lat' dir='ltr'><strong>ut</strong></span> <span class='ocrx_word' id='word_1_265' title='bbox 445 2044 646 2079; x_wconf 84' lang='lat' dir='ltr'><strong>sententiam</strong></span> <span class='ocrx_word' id='word_1_266' title='bbox 664 2045 845 2080; x_wconf 76' lang='lat' dir='ltr'><strong>confesum</strong></span> <span class='ocrx_word' id='word_1_267' title='bbox 862 2046 994 2092; x_wconf 88' lang='lat' dir='ltr'><strong>scripto</strong></span> <span class='ocrx_word' id='word_1_268' title='bbox 1011 2045 1186 2081; x_wconf 80' lang='lat' dir='ltr'><strong>traderem</strong></span> <span class='ocrx_word' id='word_1_269' title='bbox 1204 2044 1414 2090; x_wconf 84' lang='lat' dir='ltr'><strong>efflagitans,</strong></span> <span class='ocrx_word' id='word_1_270' title='bbox 1438 2056 1506 2091; x_wconf 92' lang='lat' dir='ltr'><strong>quo</strong></span> <span class='ocrx_word' id='word_1_271' title='bbox 1525 2045 1667 2091; x_wconf 75' lang='lat' dir='ltr'><strong>possent</strong></span> <span class='ocrx_word' id='word_1_272' title='bbox 1684 2042 1745 2078; x_wconf 88' lang='lat' dir='ltr'><strong>fir-</strong></span> 
     </span>
     <span class='ocr_line' id='line_1_29' title="bbox 263 2089 1744 2138; baseline 0 -14"><span class='ocrx_word' id='word_1_273' title='bbox 263 2089 353 2124; x_wconf 88' lang='lat' dir='ltr'><strong>mius</strong></span> <span class='ocrx_word' id='word_1_274' title='bbox 371 2089 610 2125; x_wconf 83' lang='lat' dir='ltr'><strong>contradicere</strong></span> <span class='ocrx_word' id='word_1_275' title='bbox 627 2091 665 2133; x_wconf 88' lang='lat' dir='ltr'><strong>ii,</strong></span> <span class='ocrx_word' id='word_1_276' title='bbox 683 2092 742 2137; x_wconf 90' lang='lat' dir='ltr'><strong>qui</strong></span> <span class='ocrx_word' id='word_1_277' title='bbox 764 2104 837 2127; x_wconf 91' lang='lat' dir='ltr'><strong>cum</strong></span> <span class='ocrx_word' id='word_1_278' title='bbox 855 2105 896 2127; x_wconf 87' lang='lat' dir='ltr'><strong>ea</strong></span> <span class='ocrx_word' id='word_1_279' title='bbox 914 2092 1093 2128; x_wconf 81' lang='lat' dir='ltr'><strong>sentirent.</strong></span> <span class='ocrx_word' id='word_1_280' title='bbox 1140 2091 1242 2137; x_wconf 86' lang='lat' dir='ltr'>(VI.)</span> <span class='ocrx_word' id='word_1_281' title='bbox 1265 2092 1377 2138; x_wconf 83' lang='lat' dir='ltr'><strong>Atque</strong></span> <span class='ocrx_word' id='word_1_282' title='bbox 1393 2091 1478 2126; x_wconf 87' lang='lat' dir='ltr'><strong>illud</strong></span> <span class='ocrx_word' id='word_1_283' title='bbox 1499 2090 1663 2126; x_wconf 85' lang='lat' dir='ltr'><strong>videlicet</strong></span> <span class='ocrx_word' id='word_1_284' title='bbox 1681 2102 1744 2124; x_wconf 88' lang='lat' dir='ltr'><strong>ne-</strong></span> 
     </span>
     <span class='ocr_line' id='line_1_30' title="bbox 264 2134 1745 2185; baseline 0.001 -15"><span class='ocrx_word' id='word_1_285' title='bbox 264 2134 437 2170; x_wconf 86' lang='lat' dir='ltr'><strong>cessitatis</strong></span> <span class='ocrx_word' id='word_1_286' title='bbox 462 2136 551 2178; x_wconf 83' lang='lat' dir='ltr'><strong>fuit,</strong></span> <span class='ocrx_word' id='word_1_287' title='bbox 575 2137 664 2181; x_wconf 80' lang='lat' dir='ltr'><strong>quod</strong></span> <span class='ocrx_word' id='word_1_288' title='bbox 685 2143 721 2172; x_wconf 90' lang='lat' dir='ltr'><strong>et</strong></span> <span class='ocrx_word' id='word_1_289' title='bbox 745 2150 799 2173; x_wconf 85' lang='lat' dir='ltr'><strong>me</strong></span> <span class='ocrx_word' id='word_1_290' title='bbox 822 2139 934 2185; x_wconf 84' lang='lat' dir='ltr'><strong>ipsum</strong></span> <span class='ocrx_word' id='word_1_291' title='bbox 959 2139 1004 2175; x_wconf 90' lang='lat' dir='ltr'><strong>ad</strong></span> <span class='ocrx_word' id='word_1_292' title='bbox 1028 2138 1328 2174; x_wconf 89' lang='lat' dir='ltr'><strong>contradicendum</strong></span> <span class='ocrx_word' id='word_1_293' title='bbox 1349 2138 1505 2184; x_wconf 83' lang='lat' dir='ltr'><strong>impulit,</strong></span> <span class='ocrx_word' id='word_1_294' title='bbox 1528 2149 1602 2176; x_wconf 84' lang='lat' dir='ltr'><strong>cum</strong></span> <span class='ocrx_word' id='word_1_295' title='bbox 1623 2136 1745 2172; x_wconf 90' lang='lat' dir='ltr'><strong>obvios</strong></span> 
     </span>
     <span class='ocr_line' id='line_1_31' title="bbox 263 2183 1744 2231; baseline 0.001 -15"><span class='ocrx_word' id='word_1_296' title='bbox 263 2193 441 2228; x_wconf 89' lang='lat' dir='ltr'><strong>quosque,</strong></span> <span class='ocrx_word' id='word_1_297' title='bbox 471 2186 511 2216; x_wconf 88' lang='lat' dir='ltr'><strong>ut</strong></span> <span class='ocrx_word' id='word_1_298' title='bbox 532 2183 709 2228; x_wconf 83' lang='lat' dir='ltr'><strong>religionis</strong></span> <span class='ocrx_word' id='word_1_299' title='bbox 732 2185 799 2220; x_wconf 85' lang='lat' dir='ltr'><strong>sibi</strong></span> <span class='ocrx_word' id='word_1_300' title='bbox 824 2185 975 2221; x_wconf 84' lang='lat' dir='ltr'><strong>traditae</strong></span> <span class='ocrx_word' id='word_1_301' title='bbox 1000 2185 1230 2221; x_wconf 81' lang='lat' dir='ltr'><strong>fundamentis</strong></span> <span class='ocrx_word' id='word_1_302' title='bbox 1256 2184 1456 2219; x_wconf 87' lang='lat' dir='ltr'><strong>insisterent</strong></span> <span class='ocrx_word' id='word_1_303' title='bbox 1479 2195 1602 2229; x_wconf 86' lang='lat' dir='ltr'><strong>magno</strong></span> <span class='ocrx_word' id='word_1_304' title='bbox 1631 2183 1744 2231; x_wconf 84' lang='lat' dir='ltr'><strong>animo</strong></span> 
     </span>
     <span class='ocr_line' id='line_1_32' title="bbox 264 2229 1743 2279; baseline 0 -15"><span class='ocrx_word' id='word_1_305' title='bbox 264 2238 505 2273; x_wconf 87' lang='lat' dir='ltr'><strong>nonnunquam</strong></span> <span class='ocrx_word' id='word_1_306' title='bbox 523 2233 560 2263; x_wconf 89' lang='lat' dir='ltr'><strong>et</strong></span> <span class='ocrx_word' id='word_1_307' title='bbox 578 2229 703 2264; x_wconf 84' lang='lat' dir='ltr'><strong>alicubi</strong></span> <span class='ocrx_word' id='word_1_308' title='bbox 729 2231 910 2275; x_wconf 82' lang='lat' dir='ltr'><strong>hortarer,</strong></span> <span class='ocrx_word' id='word_1_309' title='bbox 933 2237 1039 2279; x_wconf 84' lang='lat' dir='ltr'><strong>atque</strong></span> <span class='ocrx_word' id='word_1_310' title='bbox 1059 2237 1096 2267; x_wconf 88' lang='lat' dir='ltr'><strong>ut</strong></span> <span class='ocrx_word' id='word_1_311' title='bbox 1120 2245 1164 2269; x_wconf 85' lang='lat' dir='ltr'><strong>ne</strong></span> <span class='ocrx_word' id='word_1_312' title='bbox 1187 2236 1315 2277; x_wconf 85' lang='lat' dir='ltr'><strong>puncto</strong></span> <span class='ocrx_word' id='word_1_313' title='bbox 1336 2231 1474 2277; x_wconf 87' lang='lat' dir='ltr'><strong>quidem</strong></span> <span class='ocrx_word' id='word_1_314' title='bbox 1490 2235 1589 2267; x_wconf 88' lang='lat' dir='ltr'><strong>tenus</strong></span> <span class='ocrx_word' id='word_1_315' title='bbox 1608 2230 1652 2265; x_wconf 86' lang='lat' dir='ltr'><strong>ad</strong></span> <span class='ocrx_word' id='word_1_316' title='bbox 1671 2241 1743 2272; x_wconf 86' lang='lat' dir='ltr'><strong>eas,</strong></span> 
     </span>
     <span class='ocr_line' id='line_1_33' title="bbox 264 2274 1746 2324; baseline 0.001 -15"><span class='ocrx_word' id='word_1_317' title='bbox 264 2285 357 2321; x_wconf 84' lang='lat' dir='ltr'><strong>quae</strong></span> <span class='ocrx_word' id='word_1_318' title='bbox 377 2277 451 2310; x_wconf 90' lang='lat' dir='ltr'><strong>tum</strong></span> <span class='ocrx_word' id='word_1_319' title='bbox 475 2274 689 2320; x_wconf 82' lang='lat' dir='ltr'><strong>gliscebant,</strong></span> <span class='ocrx_word' id='word_1_320' title='bbox 714 2277 906 2324; x_wconf 85' lang='lat' dir='ltr'><strong>opinionum</strong></span> <span class='ocrx_word' id='word_1_321' title='bbox 929 2279 1101 2315; x_wconf 85' lang='lat' dir='ltr'><strong>novitates</strong></span> <span class='ocrx_word' id='word_1_322' title='bbox 1122 2278 1357 2321; x_wconf 72' lang='lat' dir='ltr'><strong>declinarent,</strong></span> <span class='ocrx_word' id='word_1_323' title='bbox 1377 2277 1439 2314; x_wconf 80' lang='lat' dir='ltr'><strong>sed</strong></span> <span class='ocrx_word' id='word_1_324' title='bbox 1461 2281 1499 2311; x_wconf 86' lang='lat' dir='ltr'><strong>ut</strong></span> <span class='ocrx_word' id='word_1_325' title='bbox 1527 2276 1746 2323; x_wconf 80' lang='lat' dir='ltr'><strong>evangelicas</strong></span> 
     </span>
     <span class='ocr_line' id='line_1_34' title="bbox 263 2320 1746 2372; baseline 0.001 -16"><span class='ocrx_word' id='word_1_326' title='bbox 263 2325 302 2356; x_wconf 86' lang='lat' dir='ltr'><strong>et</strong></span> <span class='ocrx_word' id='word_1_327' title='bbox 317 2320 524 2368; x_wconf 78' lang='lat' dir='ltr'><strong>apostolicas</strong></span> <span class='ocrx_word' id='word_1_328' title='bbox 542 2321 787 2358; x_wconf 85' lang='lat' dir='ltr'><strong>admonitiones</strong></span> <span class='ocrx_word' id='word_1_329' title='bbox 811 2325 1122 2367; x_wconf 73' lang='lat' dir='ltr'><strong>reminiscerentur,</strong></span> <span class='ocrx_word' id='word_1_330' title='bbox 1146 2329 1183 2361; x_wconf 89' lang='lat' dir='ltr'><strong>et</strong></span> <span class='ocrx_word' id='word_1_331' title='bbox 1202 2337 1291 2372; x_wconf 88' lang='lat' dir='ltr'><strong>quae</strong></span> <span class='ocrx_word' id='word_1_332' title='bbox 1309 2335 1457 2371; x_wconf 62' lang='lat' dir='ltr'><strong>magnus.</strong></span> <span class='ocrx_word' id='word_1_333' title='bbox 1469 2323 1664 2369; x_wconf 81' lang='lat' dir='ltr'><strong>theologiae</strong></span> <span class='ocrx_word' id='word_1_334' title='bbox 1682 2323 1746 2358; x_wconf 91' lang='lat' dir='ltr'><strong>do-</strong></span> 
     </span>
     <span class='ocr_line' id='line_1_35' title="bbox 264 2368 1747 2418; baseline 0.001 -16"><span class='ocrx_word' id='word_1_335' title='bbox 264 2372 342 2402; x_wconf 91' lang='lat' dir='ltr'><strong>ctor</strong></span> <span class='ocrx_word' id='word_1_336' title='bbox 360 2368 556 2414; x_wconf 81' lang='lat' dir='ltr'><strong>Gregorius</strong></span> <span class='ocrx_word' id='word_1_337' title='bbox 572 2369 747 2412; x_wconf 85' lang='lat' dir='ltr'><strong>disseruit,</strong></span> <span class='ocrx_word' id='word_1_338' title='bbox 765 2383 840 2406; x_wconf 89' lang='lat' dir='ltr'><strong>cum</strong></span> <span class='ocrx_word' id='word_1_339' title='bbox 857 2372 894 2406; x_wconf 87' lang='lat' dir='ltr'><strong>in</strong></span> <span class='ocrx_word' id='word_1_340' title='bbox 910 2372 1032 2407; x_wconf 87' lang='lat' dir='ltr'><strong>similia</strong></span> <span class='ocrx_word' id='word_1_341' title='bbox 1048 2372 1228 2418; x_wconf 85' lang='lat' dir='ltr'><strong>religionis</strong></span> <span class='ocrx_word' id='word_1_342' title='bbox 1245 2377 1400 2416; x_wconf 82' lang='lat' dir='ltr'><strong>tempora</strong></span> <span class='ocrx_word' id='word_1_343' title='bbox 1416 2370 1608 2407; x_wconf 82' lang='lat' dir='ltr'><strong>incidisset.</strong></span> <span class='ocrx_word' id='word_1_344' title='bbox 1643 2369 1747 2413; x_wconf 86' lang='lat' dir='ltr'><strong>„Nos</strong></span> 
     </span>
     <span class='ocr_line' id='line_1_36' title="bbox 262 2414 1748 2465; baseline 0 -14"><span class='ocrx_word' id='word_1_345' title='bbox 262 2414 416 2460; x_wconf 76' lang='lat' dir='ltr'><strong>(inquit)</strong></span> <span class='ocrx_word' id='word_1_346' title='bbox 432 2425 507 2450; x_wconf 89' lang='lat' dir='ltr'><strong>cum</strong></span> <span class='ocrx_word' id='word_1_347' title='bbox 524 2419 717 2451; x_wconf 79' lang='lat' dir='ltr'><strong>accuratam</strong></span> <span class='ocrx_word' id='word_1_348' title='bbox 734 2417 888 2463; x_wconf 80' lang='lat' dir='ltr'><strong>Spiritus</strong></span> <span class='ocrx_word' id='word_1_349' title='bbox 905 2418 964 2453; x_wconf 88' lang='lat' dir='ltr'><strong>dili</strong></span> <span class='ocrx_word' id='word_1_350' title='bbox 992 2419 1116 2454; x_wconf 84' lang='lat' dir='ltr'><strong>entiam</strong></span> <span class='ocrx_word' id='word_1_351' title='bbox 1133 2419 1178 2454; x_wconf 89' lang='lat' dir='ltr'><strong>ad</strong></span> <span class='ocrx_word' id='word_1_352' title='bbox 1197 2417 1382 2464; x_wconf 88' lang='lat' dir='ltr'><strong>quemlibet</strong></span> <span class='ocrx_word' id='word_1_353' title='bbox 1399 2417 1542 2464; x_wconf 82' lang='lat' dir='ltr'><strong>apicem,</strong></span> <span class='ocrx_word' id='word_1_354' title='bbox 1562 2417 1607 2451; x_wconf 82' lang='lat' dir='ltr'><strong>ad</strong></span> <span class='ocrx_word' id='word_1_355' title='bbox 1629 2427 1748 2465; x_wconf 86' lang='lat' dir='ltr'><strong>quam-</strong></span> 
     </span>
     <span class='ocr_line' id='line_1_37' title="bbox 263 2460 1747 2510; baseline 0.001 -16"><span class='ocrx_word' id='word_1_356' title='bbox 263 2460 351 2495; x_wconf 90' lang='lat' dir='ltr'><strong>libet</strong></span> <span class='ocrx_word' id='word_1_357' title='bbox 369 2460 537 2506; x_wconf 83' lang='lat' dir='ltr'><strong>virgulam</strong></span> <span class='ocrx_word' id='word_1_358' title='bbox 555 2461 753 2504; x_wconf 82' lang='lat' dir='ltr'><strong>trahamus,</strong></span> <span class='ocrx_word' id='word_1_359' title='bbox 777 2475 948 2510; x_wconf 89' lang='lat' dir='ltr'><strong>nunquam</strong></span> <span class='ocrx_word' id='word_1_360' title='bbox 991 2466 1163 2502; x_wconf 84' lang='lat' dir='ltr'><strong>ederimus</strong></span> <span class='ocrx_word' id='word_1_361' title='bbox 1185 2465 1319 2510; x_wconf 86' lang='lat' dir='ltr'><strong>(neque</strong></span> <span class='ocrx_word' id='word_1_362' title='bbox 1342 2463 1430 2499; x_wconf 90' lang='lat' dir='ltr'><strong>enim</strong></span> <span class='ocrx_word' id='word_1_363' title='bbox 1454 2463 1510 2501; x_wconf 73' lang='lat' dir='ltr'><strong>fas</strong></span> <span class='ocrx_word' id='word_1_364' title='bbox 1528 2463 1608 2507; x_wconf 84' lang='lat' dir='ltr'><strong>est)</strong></span> <span class='ocrx_word' id='word_1_365' title='bbox 1632 2462 1689 2497; x_wconf 91' lang='lat' dir='ltr'><strong>vel</strong></span> <span class='ocrx_word' id='word_1_366' title='bbox 1711 2462 1747 2497; x_wconf 89' lang='lat' dir='ltr'><strong>in</strong></span> 
     </span>
     <span class='ocr_line' id='line_1_38' title="bbox 264 2506 1750 2558; baseline 0 -15"><span class='ocrx_word' id='word_1_367' title='bbox 264 2506 410 2543; x_wconf 82' lang='lat' dir='ltr'><strong>minimis</strong></span> <span class='ocrx_word' id='word_1_368' title='bbox 438 2507 528 2543; x_wconf 76' lang='lat' dir='ltr'><strong>actis</strong></span> <span class='ocrx_word' id='word_1_369' title='bbox 557 2509 798 2551; x_wconf 79' lang='lat' dir='ltr'><strong>recensendis,</strong></span> <span class='ocrx_word' id='word_1_370' title='bbox 829 2522 1011 2558; x_wconf 90' lang='lat' dir='ltr'><strong>eorumque</strong></span> <span class='ocrx_word' id='word_1_371' title='bbox 1036 2511 1196 2549; x_wconf 87' lang='lat' dir='ltr'><strong>memoria</strong></span> <span class='ocrx_word' id='word_1_372' title='bbox 1224 2511 1270 2547; x_wconf 90' lang='lat' dir='ltr'><strong>ad</strong></span> <span class='ocrx_word' id='word_1_373' title='bbox 1296 2522 1463 2557; x_wconf 86' lang='lat' dir='ltr'><strong>praesens</strong></span> <span class='ocrx_word' id='word_1_374' title='bbox 1488 2521 1598 2556; x_wconf 86' lang='lat' dir='ltr'><strong>usque</strong></span> <span class='ocrx_word' id='word_1_375' title='bbox 1614 2513 1750 2555; x_wconf 85' lang='lat' dir='ltr'><strong>tempus</strong></span> 
     </span>
     <span class='ocr_line' id='line_1_39' title="bbox 265 2553 1749 2605; baseline 0.001 -16"><span class='ocrx_word' id='word_1_376' title='bbox 265 2553 516 2596; x_wconf 82' lang='lat' dir='ltr'><strong>conservanda,</strong></span> <span class='ocrx_word' id='word_1_377' title='bbox 539 2556 670 2592; x_wconf 74' lang='lat' dir='ltr'><strong>temere</strong></span> <span class='ocrx_word' id='word_1_378' title='bbox 688 2554 884 2592; x_wconf 84' lang='lat' dir='ltr'><strong>elaborasse</strong></span> <span class='ocrx_word' id='word_1_379' title='bbox 901 2570 974 2601; x_wconf 89' lang='lat' dir='ltr'><strong>eos,</strong></span> <span class='ocrx_word' id='word_1_380' title='bbox 994 2559 1053 2605; x_wconf 93' lang='lat' dir='ltr'><strong>qui</strong></span> <span class='ocrx_word' id='word_1_381' title='bbox 1073 2559 1304 2604; x_wconf 77' lang='lat' dir='ltr'><strong>scripserunt3</strong></span> <span class='ocrx_word' id='word_1_382' title='bbox 1328 2557 1390 2592; x_wconf 89' lang='lat' dir='ltr'><strong>sed</strong></span> <span class='ocrx_word' id='word_1_383' title='bbox 1409 2568 1450 2592; x_wconf 90' lang='lat' dir='ltr'><strong>eo</strong></span> <span class='ocrx_word' id='word_1_384' title='bbox 1466 2560 1507 2591; x_wconf 87' lang='lat' dir='ltr'><strong>ut</strong></span> <span class='ocrx_word' id='word_1_385' title='bbox 1522 2568 1585 2591; x_wconf 88' lang='lat' dir='ltr'><strong>nos</strong></span> <span class='ocrx_word' id='word_1_386' title='bbox 1602 2556 1749 2590; x_wconf 83' lang='lat' dir='ltr'><strong>habere—</strong></span> 
     </span>
     <span class='ocr_line' id='line_1_40' title="bbox 265 2600 1749 2649; baseline 0.001 -14"><span class='ocrx_word' id='word_1_387' title='bbox 265 2610 340 2640; x_wconf 81' lang='lat' dir='ltr'><strong>mus</strong></span> <span class='ocrx_word' id='word_1_388' title='bbox 358 2600 564 2637; x_wconf 84' lang='lat' dir='ltr'><strong>monimenta</strong></span> <span class='ocrx_word' id='word_1_389' title='bbox 582 2605 620 2637; x_wconf 89' lang='lat' dir='ltr'><strong>et</strong></span> <span class='ocrx_word' id='word_1_390' title='bbox 637 2601 854 2644; x_wconf 87' lang='lat' dir='ltr'><strong>documenta,</strong></span> <span class='ocrx_word' id='word_1_391' title='bbox 878 2604 1004 2649; x_wconf 89' lang='lat' dir='ltr'><strong>quibus</strong></span> <span class='ocrx_word' id='word_1_392' title='bbox 1021 2605 1057 2640; x_wconf 89' lang='lat' dir='ltr'><strong>in</strong></span> <span class='ocrx_word' id='word_1_393' title='bbox 1077 2603 1236 2641; x_wconf 87' lang='lat' dir='ltr'><strong>similium</strong></span> <span class='ocrx_word' id='word_1_394' title='bbox 1255 2615 1369 2640; x_wconf 88' lang='lat' dir='ltr'><strong>rerum</strong></span> <span class='ocrx_word' id='word_1_395' title='bbox 1390 2603 1610 2645; x_wconf 82' lang='lat' dir='ltr'><strong>tractatione,</strong></span> <span class='ocrx_word' id='word_1_396' title='bbox 1635 2601 1666 2637; x_wconf 88' lang='lat' dir='ltr'><strong>si</strong></span> <span class='ocrx_word' id='word_1_397' title='bbox 1683 2613 1749 2636; x_wconf 85' lang='lat' dir='ltr'><strong>un-</strong></span> 
     </span>
     <span class='ocr_line' id='line_1_41' title="bbox 266 2646 1750 2699; baseline 0 -16"><span class='ocrx_word' id='word_1_398' title='bbox 266 2658 369 2692; x_wconf 85' lang='lat' dir='ltr'><strong>quam</strong></span> <span class='ocrx_word' id='word_1_399' title='bbox 389 2646 560 2684; x_wconf 88' lang='lat' dir='ltr'><strong>incideret</strong></span> <span class='ocrx_word' id='word_1_400' title='bbox 578 2648 729 2691; x_wconf 86' lang='lat' dir='ltr'><strong>occasio,</strong></span> <span class='ocrx_word' id='word_1_401' title='bbox 744 2652 936 2684; x_wconf 83' lang='lat' dir='ltr'><strong>uteremur:</strong></span> <span class='ocrx_word' id='word_1_402' title='bbox 959 2651 1011 2686; x_wconf 86' lang='lat' dir='ltr'><strong>ita</strong></span> <span class='ocrx_word' id='word_1_403' title='bbox 1027 2656 1067 2688; x_wconf 90' lang='lat' dir='ltr'><strong>ut</strong></span> <span class='ocrx_word' id='word_1_404' title='bbox 1085 2650 1275 2699; x_wconf 86' lang='lat' dir='ltr'><strong>praeterita</strong></span> <span class='ocrx_word' id='word_1_405' title='bbox 1295 2650 1450 2696; x_wconf 77' lang='lat' dir='ltr'><strong>exempla</strong></span> <span class='ocrx_word' id='word_1_406' title='bbox 1466 2654 1626 2695; x_wconf 77' lang='lat' dir='ltr'><strong>tanquam</strong></span> <span class='ocrx_word' id='word_1_407' title='bbox 1644 2659 1750 2696; x_wconf 83' lang='lat' dir='ltr'><strong>regu-</strong></span> 
     </span>
     <span class='ocr_line' id='line_1_42' title="bbox 266 2693 1750 2744; baseline 0.003 -15"><span class='ocrx_word' id='word_1_408' title='bbox 266 2693 319 2729; x_wconf 84' lang='lat' dir='ltr'><strong>las</strong></span> <span class='ocrx_word' id='word_1_409' title='bbox 337 2696 378 2730; x_wconf 70' lang='lat' dir='ltr'><strong>et</strong></span> <span class='ocrx_word' id='word_1_410' title='bbox 395 2693 604 2742; x_wconf 78' lang='lat' dir='ltr'><strong>archetypos</strong></span> <span class='ocrx_word' id='word_1_411' title='bbox 623 2694 722 2730; x_wconf 86' lang='lat' dir='ltr'><strong>nobis</strong></span> <span class='ocrx_word' id='word_1_412' title='bbox 743 2696 982 2741; x_wconf 84' lang='lat' dir='ltr'><strong>proponendo,</strong></span> <span class='ocrx_word' id='word_1_413' title='bbox 1006 2698 1094 2733; x_wconf 85' lang='lat' dir='ltr'><strong>haec</strong></span> <span class='ocrx_word' id='word_1_414' title='bbox 1112 2698 1248 2744; x_wconf 79' lang='lat' dir='ltr'><strong>quidem</strong></span> <span class='ocrx_word' id='word_1_415' title='bbox 1266 2697 1485 2742; x_wconf 84' lang='lat' dir='ltr'><strong>fugeremus,</strong></span> <span class='ocrx_word' id='word_1_416' title='bbox 1506 2696 1566 2735; x_wconf 80' lang='lat' dir='ltr'><strong>illa</strong></span> <span class='ocrx_word' id='word_1_417' title='bbox 1584 2707 1670 2732; x_wconf 15' lang='lat' dir='ltr'><strong>vero?</strong></span> <span class='ocrx_word' id='word_1_418' title='bbox 1687 2694 1750 2733; x_wconf 75' lang='lat' dir='ltr'><strong>eli-</strong></span> 
     </span>
     <span class='ocr_line' id='line_1_43' title="bbox 265 2739 1750 2791; baseline 0 -15"><span class='ocrx_word' id='word_1_419' title='bbox 265 2739 469 2786; x_wconf 79' lang='lat' dir='ltr'><strong>geremus”=</strong></span> <span class='ocrx_word' id='word_1_420' title='bbox 494 2746 530 2776; x_wconf 84' lang='lat' dir='ltr'><strong>et</strong></span> <span class='ocrx_word' id='word_1_421' title='bbox 548 2752 638 2787; x_wconf 84' lang='lat' dir='ltr'><strong>quae</strong></span> <span class='ocrx_word' id='word_1_422' title='bbox 657 2741 790 2788; x_wconf 86' lang='lat' dir='ltr'><strong>pariter</strong></span> <span class='ocrx_word' id='word_1_423' title='bbox 809 2753 951 2787; x_wconf 88' lang='lat' dir='ltr'><strong>magnus</strong></span> <span class='ocrx_word' id='word_1_424' title='bbox 963 2744 1115 2780; x_wconf 85' lang='lat' dir='ltr'><strong>Basilius</strong></span> <span class='ocrx_word' id='word_1_425' title='bbox 1135 2744 1327 2791; x_wconf 79' lang='lat' dir='ltr'><strong>disputavit</strong></span> <span class='ocrx_word' id='word_1_426' title='bbox 1347 2744 1385 2780; x_wconf 90' lang='lat' dir='ltr'><strong>in</strong></span> <span class='ocrx_word' id='word_1_427' title='bbox 1403 2755 1446 2778; x_wconf 86' lang='lat' dir='ltr'><strong>ea</strong></span> <span class='ocrx_word' id='word_1_428' title='bbox 1457 2768 1470 2786; x_wconf 86' lang='lat'><strong>,</strong></span> <span class='ocrx_word' id='word_1_429' title='bbox 1486 2754 1587 2789; x_wconf 72' lang='lat' dir='ltr'><strong>quam</strong></span> <span class='ocrx_word' id='word_1_430' title='bbox 1605 2741 1649 2777; x_wconf 88' lang='lat' dir='ltr'><strong>de</strong></span> <span class='ocrx_word' id='word_1_431' title='bbox 1660 2740 1750 2778; x_wconf 84' lang='lat' dir='ltr'><strong>Fide</strong></span> 
     </span>
     <span class='ocr_line' id='line_1_44' title="bbox 268 2785 1751 2840; baseline 0.004 -20"><span class='ocrx_word' id='word_1_432' title='bbox 268 2785 426 2832; x_wconf 85' lang='lat' dir='ltr'><strong>scripsit,</strong></span> <span class='ocrx_word' id='word_1_433' title='bbox 444 2787 622 2827; x_wconf 81' lang='lat' dir='ltr'><strong>oratione:</strong></span> <span class='ocrx_word' id='word_1_434' title='bbox 671 2787 854 2825; x_wconf 85' lang='lat' dir='ltr'><strong>arcendum</strong></span> <span class='ocrx_word' id='word_1_435' title='bbox 865 2800 1008 2825; x_wconf 87' lang='lat' dir='ltr'><strong>monens</strong></span> <span class='ocrx_word' id='word_1_436' title='bbox 1027 2790 1072 2826; x_wconf 85' lang='lat' dir='ltr'><strong>iis</strong></span> <span class='ocrx_word' id='word_1_437' title='bbox 1090 2802 1230 2838; x_wconf 90' lang='lat' dir='ltr'><strong>quoque</strong></span> <span class='ocrx_word' id='word_1_438' title='bbox 1248 2789 1440 2826; x_wconf 81' lang='lat' dir='ltr'><strong>nominibus</strong></span> <span class='ocrx_word' id='word_1_439' title='bbox 1461 2794 1498 2825; x_wconf 89' lang='lat' dir='ltr'><strong>et</strong></span> <span class='ocrx_word' id='word_1_440' title='bbox 1506 2787 1637 2831; x_wconf 65' lang='lat' dir='ltr'><strong>¹verbis,</strong></span> <span class='ocrx_word' id='word_1_441' title='bbox 1659 2799 1751 2840; x_wconf 57' lang='lat' dir='ltr'><strong>quae</strong></span> 
     </span>
     <span class='ocr_line' id='line_1_45' title="bbox 267 2831 1750 2885; baseline 0.001 -17"><span class='ocrx_word' id='word_1_442' title='bbox 267 2831 303 2867; x_wconf 87' lang='lat' dir='ltr'><strong>in</strong></span> <span class='ocrx_word' id='word_1_443' title='bbox 319 2844 422 2869; x_wconf 86' lang='lat' dir='ltr'><strong>sacra</strong></span> <span class='ocrx_word' id='word_1_444' title='bbox 437 2833 622 2882; x_wconf 80' lang='lat' dir='ltr'><strong>Scriptura</strong></span> <span class='ocrx_word' id='word_1_445' title='bbox 669 2834 678 2843; x_wconf 85' lang='grc'><em>“</em></span> <span class='ocrx_word' id='word_1_446' title='bbox 700 2837 776 2871; x_wconf 83' lang='lat' dir='ltr'><strong>erte</strong></span> <span class='ocrx_word' id='word_1_447' title='bbox 795 2834 934 2883; x_wconf 81' lang='lat' dir='ltr'><strong>quidem</strong></span> <span class='ocrx_word' id='word_1_448' title='bbox 952 2840 989 2873; x_wconf 86' lang='lat' dir='ltr'><strong>et</strong></span> <span class='ocrx_word' id='word_1_449' title='bbox 1009 2849 1175 2885; x_wconf 83' lang='lat' dir='ltr'><strong>expresse</strong></span> <span class='ocrx_word' id='word_1_450' title='bbox 1191 2848 1260 2874; x_wconf 89' lang='lat' dir='ltr'><strong>non</strong></span> <span class='ocrx_word' id='word_1_451' title='bbox 1279 2841 1438 2880; x_wconf 85' lang='lat' dir='ltr'><strong>exstant,</strong></span> <span class='ocrx_word' id='word_1_452' title='bbox 1461 2835 1531 2872; x_wconf 84' lang='lat' dir='ltr'><strong>vim</strong></span> <span class='ocrx_word' id='word_1_453' title='bbox 1547 2838 1660 2872; x_wconf 84' lang='lat' dir='ltr'><strong>autem</strong></span> <span class='ocrx_word' id='word_1_454' title='bbox 1676 2845 1750 2870; x_wconf 87' lang='lat' dir='ltr'><strong>eam</strong></span> 
     </span>
    </p>
   </div>
  </div>
 </body>
</html>
