1794 3172
256 148 358 198 830
666 151 984 200 NICEPHORI
1011 150 1338 199 GREGORAE

38 271 74 305 A.
91 270 134 303 Μ.
152 268 246 307 6856
256 263 395 310 αὐτῶν
422 259 692 322 πεπράξεται,
726 258 856 306 πιστά
887 279 933 306 τε
963 262 1031 305 καὶ
1054 258 1437 320 ἀναμφισβητήτως
1468 259 1568 320 ἡμῖν
1589 261 1736 319 ἔχοντα

93 318 196 355 Ind'l
258 336 419 395 φανείη,
441 336 475 378 εἰ
493 333 575 391 ἄρα
597 334 666 376 καὶ
687 330 815 383 αὗτός
832 349 905 388 μοι
925 334 1158 390 ξυμφωνεΐν
1180 332 1483 390 ἐπαγγέλλοιτο,
1501 332 1606 390 πρὸς
1631 333 1659 376 ἃ
1682 334 1735 390 δὴ

257 407 327 449 καὶ
350 403 613 459 πειθομένοις
635 399 734 458 ὖμΐν
760 399 951 459 ἐχρώμην
960 434 974 455 ,
1008 405 1068 462 τῷ
1096 401 1262 459 μεγέθει
1293 405 1371 458 τῆς
1400 401 1517 453 ἀξίας
1545 406 1735 446 πλεῖστον

252 472 370 530 ὑμῶν
397 470 656 527 λειπόμενος,
691 472 761 514 καὶ
791 471 879 526 ἅμα
908 474 960 529 τῇ
984 474 1069 514 τῶν
1103 469 1272 529 τρόπων
1301 472 1494 515 αῗδοῒκαὶ
1518 470 1736 528 σεμνότητι

251 542 358 587 πολὺ
379 542 427 586 τὸ
447 541 578 592 ἐνδεές
596 559 641 586 τε
665 542 733 584 καὶ
757 538 974 599 ὑφειμένον
997 540 1042 583 ἐκ
1059 535 1226 585 πολλῶν
1247 538 1446 591 πολλάκις
1469 539 1701 596 ἐνδεδειχώς
1714 552 1763 597 35

125 618 165 653 Ρ.
175 618 244 655 523
253 613 337 672 (ΙΓ
333 611 366 670 )
384 611 506 671 Πρὸς
525 610 630 668 ἅπερ
650 608 671 655 ὃ
690 613 918 666 Παλαμᾶς,
942 609 1076 664 ,,οὗδ’
1105 610 1239 666 ἐμοὶ”,
1268 611 1385 668 φησὶ,
1406 610 1655 664 ,,διαλέξεων
1675 612 1741 654 δεῖ

252 683 321 726 καὶ
341 681 561 740 κριτηρίων
578 680 730 735 ἄλλων,
745 679 856 732 ἅπαξ
876 677 1060 738 εἰληφότι
1079 679 1134 724 τὰ
1153 679 1258 737 πρὸς
1273 680 1484 724 δικαίωσιν
1501 681 1568 723 καὶ
1592 677 1735 738 ἀσφά-

251 755 366 795 λειαν
395 750 582 810 ἕγγραφα
617 754 703 795 τῶν
736 751 827 806 ἐμοὶ
858 749 1129 806 λαληθέντων
1158 747 1377 794 ὂπώσποτε
1408 749 1513 807 πρὸς
1539 747 1734 793 Ἰωάννου

232 825 327 865 τοῦ
347 818 605 879 πατριάρχου
640 821 709 864 καὶ
739 823 823 863 τῶν
851 816 946 864 τότε
981 817 1309 877 συνεδρευόντων
1339 815 1571 862 ἐπισκόπων
1595 819 1734 878 ἐκείνῳ

249 890 559 949 ψηφι’σματα.”
599 890 703 948 πρὸς
731 888 834 948 ἅπερ
869 890 960 946 ἐμοὶ
991 887 1155 934 τοιάνδε
1179 892 1390 931 ποιεῖσθαι
1417 888 1492 944 τὴν
1512 886 1733 947 ὖποφορᾶν
1744 896 1790 933 10

250 960 501 1012 ξυνέπιπτεν.
538 961 608 1014 »εἴ
618 961 694 1016 μὲν
715 959 765 1016 δὴ
786 959 985 1018 καὶμέχρι
1006 961 1075 1002 καὶ
1093 958 1135 1009 ἐς
1148 957 1265 1008 τέλος
1285 955 1367 1001 ὑπὸ
1388 961 1464 1002 τοῦ
1484 956 1734 1017 δεδρακότος

209 1030 404 1075 Βέκείνου
427 1029 475 1074 τὸ
493 1034 618 1088 κῦρος
639 1027 740 1085 εἶχεν
760 1029 906 1083 ε’κεΐνα,
941 1029 1008 1072 καὶ
1026 1026 1086 1084 μὴ
1106 1026 1181 1070 οὐκ
1201 1028 1259 1078 εἷς
1279 1027 1446 1085 μακρὰν
1467 1024 1620 1087 ἑτέροις
1639 1030 1733 1071 δια-

248 1098 459 1143 σέσεισταί
472 1116 515 1144 τε
535 1099 614 1143 κάκ
634 1097 814 1157 βάθρων
836 1093 1191 1153 ἇναμεμόχλευται
1214 1097 1496 1156 στεᾷῥοτέροις
1515 1095 1733 1156 γράμμασι

249 1170 318 1213 καὶ
342 1170 614 1227 ψηφίσμασι,
648 1170 714 1213 σοὶ
732 1168 808 1224 μὲν
827 1165 943 1221 ἴσως,
971 1168 1007 1210 εἰ
1034 1168 1103 1210 καὶ
1124 1166 1183 1223 μὴ
1207 1171 1260 1225 τῇ
1287 1166 1488 1228 ἀληθείᾳ,
1519 1167 1568 1211 τὸ
1592 1164 1733 1226 παρά-

247 1256 333 1281 παν
361 1236 439 1294 εἶχε
467 1238 516 1282 τὸ
548 1237 730 1296 εὔλογον.
767 1237 804 1281 εἶ
834 1236 879 1280 δ’
911 1235 1026 1296 αὐτῷ
1044 1253 1088 1294 γε
1108 1234 1243 1293 δήπου
1266 1241 1325 1298 τῷ
1346 1234 1589 1295 δεδρακότι,
1624 1236 1730 1293 μετὰ
1741 1246 1787 1282 15

247 1305 447 1352 πλειόνων
471 1306 498 1364 ἢ
520 1306 722 1366 πρότερον
741 1301 871 1358 αὖθις
888 1310 974 1350 τῶν
992 1303 1225 1351 ἐπισκόπων
1247 1306 1563 1367 συσκεψαμένῳ,
1592 1307 1661 1349 καὶ
1680 1305 1728 1350 τό

248 1376 293 1421 ἓν
309 1383 396 1428 τοῖς
415 1378 683 1435 ψηφίσμασιν
705 1376 871 1427 ἐκείνοις
891 1373 1098 1432 πολύχουν
1117 1381 1193 1434 τῆς
1213 1376 1388 1427 ἀτοπίας
1410 1381 1558 1435 σαφῶς
1580 1378 1731 1428 ’ξυνεω-

246 1443 391 1503 ρακότι
402 1479 417 1500 ,
445 1444 600 1498 πάσαις
619 1445 767 1505 ῥοπαῖς
783 1449 859 1503 τῆς
884 1450 1026 1503 ψυχῆς
1049 1443 1261 1504 γράμματι
1280 1444 1470 1505 γράμμα,
1498 1447 1567 1489 καὶ
1590 1447 1730 1503 ψηφί-

205 1518 374 1571 Οσματι
393 1513 620 1574 ψήφισμα,
651 1515 1004 1574 περιεσκεμμένως
1022 1533 1065 1560 τε
1089 1517 1158 1560 καὶ
1185 1517 1376 1573 νομίμοις
1391 1515 1445 1559 τὰ
1469 1516 1562 1559 λίαν
1586 1515 1730 1573 ἀπερί-

244 1582 401 1628 σκεπτά
420 1602 464 1629 τε
485 1586 553 1629 καὶ
573 1587 749 1642 μηδαμῆ
769 1602 870 1630 ποτε
891 1582 1074 1641 νόμιμα,
1095 1585 1244 1637 τελέως
1267 1584 1463 1644 ἀνέτρεπέ
1488 1602 1532 1628 τε
1553 1586 1620 1628 καὶ
1641 1583 1728 1640 ἅμα
1738 1597 1787 1632 20

244 1651 487 1711 συγγνώμην
500 1658 575 1711 τῆς
591 1654 759 1712 ἀγνοίας
774 1656 817 1708 ἐξ
827 1653 947 1711 ἡμῶν
964 1671 1008 1698 τε
1030 1657 1100 1699 καὶ
1120 1653 1210 1700 ὅσοι
1225 1660 1300 1713 τῆς
1319 1655 1455 1714 ὀρθῆς
1476 1654 1551 1698 οὗκ
1563 1654 1729 1710 ἐξέστη-

244 1737 325 1766 σαν
344 1720 468 1781 δόξης
485 1722 639 1780 ὅμοίως
659 1724 733 1769 οὒκ
753 1724 895 1781 ἠμέλει
914 1725 1061 1781 ζητῶν,
1082 1729 1167 1769 ποῦ
1189 1726 1347 1769 δίκαιον
1364 1724 1411 1768 τό
1433 1728 1508 1781 τῆς
1525 1724 1729 1781 ἀληθείας

244 1792 599 1852 παραδραμόντας
616 1798 708 1852 φῶς
729 1799 789 1855 τῷ
809 1798 885 1851 τῆς
904 1794 1051 1846 κακίας
1071 1792 1240 1846 ἑκόντας
1261 1797 1504 1838 πλανᾶσθαι
1528 1792 1666 1853 σκότῳ
1680 1793 1726 1849 ;”

121 1867 160 1901 V.
169 1864 237 1904 423
247 1860 368 1921 (IA.)
388 1862 533 1916 ,,Ἀλλ’
555 1862 688 1921 ἔμοιγε
703 1863 757 1908 τὰ
776 1865 872 1921 πρὶν
883 1861 1133 1922 βεβαιότερα
1153 1868 1238 1908 τῶν
1259 1862 1444 1922 ὖστέρων
1463 1865 1579 1907 δοκεῖ
1591 1880 1728 1921 γραμ-

338 1949 395 1985 15.
421 1945 526 1995 αὐτῷ
550 1961 615 1985 em.
639 1949 742 1984 Boiv.
767 1961 832 1995 pro
857 1946 964 1986 αὐτό.

244 2016 373 2063 biguae
397 2016 480 2052 fidei
503 2030 581 2053 esse
600 2017 831 2060 videbuntur,
855 2018 885 2052 si
907 2017 1001 2052 forte
1018 2029 1257 2054 concessurum
1277 2031 1316 2054 se
1336 2018 1420 2054 mihi
1441 2017 1500 2054 illa
1518 2018 1727 2064 promiserit,

245 2064 291 2098 de
310 2063 438 2109 quibus
458 2075 522 2099 vos
547 2068 649 2100 antea
668 2064 751 2098 mihi
772 2064 990 2106 assensistis3
1015 2076 1092 2099 cum
1114 2064 1191 2111 ipse
1210 2065 1392 2111 dignitatis
1418 2065 1642 2112 amplitudine
1663 2078 1726 2100 vo-

243 2110 299 2144 bis
327 2110 469 2144 multum
494 2110 640 2145 inferior
665 2110 733 2153 sit3
757 2110 941 2147 honestate
967 2115 1081 2146 autem
1109 2117 1144 2146 et
1171 2123 1300 2148 morum
1331 2113 1507 2158 gravitate
1531 2112 1634 2157 longe
1658 2113 1726 2146 ab-

243 2168 341 2198 esse,
365 2155 467 2202 longe
483 2157 640 2202 superari
664 2168 742 2191 sese
772 2168 795 2192 a
811 2157 932 2199 vobis,
958 2169 1064 2204 saepe
1081 2162 1117 2192 et
1140 2159 1253 2193 multis
1276 2158 1489 2205 argumentis
1510 2158 1727 2194 ostenderit?

242 2202 382 2247 (xm.)
405 2203 459 2237 Ad
477 2203 563 2237 haec
579 2203 757 2248 Palamas,
782 2215 872 2246 „nec
893 2203 1017 2247 mihi’',
1041 2204 1176 2250 inquit,
1202 2205 1308 2248 „aliis
1328 2205 1617 2251 disputationibus
1639 2217 1725 2251 opus

243 2253 321 2290 est,
345 2249 467 2284 aliisve
485 2249 645 2292 iudiciis,
670 2261 745 2284 cum
765 2250 810 2284 ad
827 2262 963 2293 eorum,
989 2262 1078 2296 quae
1104 2253 1343 2298 quoquomodo
1368 2252 1462 2295 dixi,
1487 2252 1724 2298 probationem

243 2295 603 2341 confirmationemque
627 2295 759 2341 scripta
775 2296 1030 2343 impetraverim
1055 2299 1199 2333 decreta
1222 2310 1244 2333 a
1257 2299 1385 2334 Ioanne
1403 2298 1603 2344 patriarcha
1623 2303 1659 2333 et
1679 2300 1724 2333 ab

242 2341 300 2384 iis,
309 2341 369 2388 qui
382 2354 459 2377 cum
468 2342 527 2376 illo
538 2348 619 2377 tunc
633 2342 813 2386 sedebant,
825 2342 1033 2390 episcopis.‘'
1057 2344 1136 2390 Ego
1154 2356 1238 2380 vero
1256 2346 1341 2381 haec
1361 2345 1504 2380 subieci.
1530 2345 1595 2387 „Si
1610 2357 1652 2380 ea
1662 2345 1725 2379 de-

243 2393 343 2423 creta
365 2388 409 2431 is,
429 2389 489 2435 qui
503 2389 649 2432 fecerat,
673 2389 717 2424 ad
736 2394 923 2425 extremum
944 2394 1022 2425 rata
1041 2390 1231 2437 habuisset,
1252 2392 1283 2426 si
1299 2403 1367 2427 non
1386 2392 1506 2426 eadem
1523 2391 1626 2437 paulo
1646 2395 1725 2436 post

240 2434 451 2470 firmioribus
472 2434 550 2470 aliis
576 2435 715 2481 scriptis
743 2448 784 2471 ac
809 2436 961 2471 decretis
988 2437 1201 2472 labefactata
1227 2443 1263 2473 et
1281 2438 1434 2472 funditus
1454 2438 1616 2473 convulsa
1636 2438 1725 2472 fuis-

242 2484 335 2524 sent,
360 2481 425 2516 tibi
444 2481 581 2528 quidem
602 2482 764 2526 fortasse,
789 2483 856 2517 etsi
871 2494 939 2518 non
957 2483 1118 2526 veritati,
1147 2485 1336 2530 probabilis
1355 2484 1447 2519 ratio
1462 2484 1722 2530 suffragaretur.

244 2527 350 2569 Quod
369 2528 401 2562 si
421 2528 499 2575 ipse
524 2527 585 2574 qui
609 2528 762 2571 fecerat,
786 2541 825 2564 re
847 2541 961 2564 coram
986 2530 1161 2576 episcopis
1188 2531 1368 2577 pluribus,
1392 2542 1494 2577 quam
1516 2535 1601 2576 quot
1621 2535 1723 2565 antea

241 2578 486 2617 convenerant,
503 2574 617 2609 denuo
629 2575 834 2618 examinata,
854 2580 891 2610 et
900 2576 1080 2623 multiplici
1098 2578 1314 2612 decretorum
1325 2577 1458 2613 illorum
1473 2577 1561 2612 vitio
1580 2589 1722 2624 perspe-

208 2636 212 2640 .
240 2626 325 2664 cto,
348 2621 440 2656 omni
464 2620 581 2656 studio
601 2620 637 2656 in
656 2621 693 2656 id
710 2621 887 2664 incubuit,
915 2628 954 2657 ut
972 2628 1010 2658 et
1033 2623 1199 2669 scriptum
1226 2624 1356 2670 scripto
1369 2649 1379 2666 ,
1404 2628 1441 2658 et
1460 2623 1636 2659 decretum
1660 2624 1723 2658 de-

241 2671 361 2711 creto,
386 2667 710 2715 circumspectisque
733 2672 770 2703 et
784 2668 954 2714 ‘legitimis
981 2670 1287 2705 constitutionibus
1315 2670 1587 2705 inconsideratas
1605 2675 1641 2704 et
1657 2669 1721 2704 mi-

242 2713 333 2748 nime
361 2713 535 2759 legitimas
560 2725 702 2760 prorsus
719 2715 956 2758 rescinderet3
981 2716 1013 2750 si
1031 2716 1250 2762 ignorantiae
1269 2728 1353 2752 suae
1369 2718 1505 2752 veniam
1526 2728 1603 2752 cum
1621 2728 1642 2751 a
1659 2728 1721 2750 no-

240 2758 308 2802 bis,
333 2763 404 2795 tum
423 2762 468 2796 ab
486 2760 531 2796 iis
546 2760 716 2804 omnibus,
735 2761 797 2808 qui
816 2774 837 2796 a
860 2773 946 2797 vera
964 2762 1124 2808 opinione
1142 2763 1231 2798 haud
1252 2763 1488 2806 recessissent,
1512 2768 1632 2809 petere
1653 2774 1720 2797 non

241 2805 435 2850 dubitavit;
459 2805 544 2853 quid
558 2807 626 2843 iam
635 2819 763 2843 causae
781 2813 846 2850 est,
865 2820 939 2850 cur,
964 2809 1126 2845 veritatis
1145 2809 1270 2845 lumine
1290 2809 1426 2852 omisso,
1450 2808 1647 2845 intenebris
1667 2820 1721 2842 er-

241 2852 330 2888 roris
341 2853 451 2900 palari
467 2855 577 2891 libeat
584 2852 626 2891 '3’'
650 2854 786 2902 (XIV.)
806 2855 880 2902 „At
898 2855 981 2891 mihi
999 2855 1118 2903 priora
1128 2855 1269 2896 decreta
1286 2856 1448 2894 videntur
1457 2867 1536 2892 esse
1551 2854 1721 2903 posterio-
