1794 3172
350 157 666 203 HISTORIAE
692 157 1065 203 BYZANTINAE
1090 157 1208 202 XVI.
1236 161 1278 203 3.
1450 151 1547 198 811

79 274 159 312 θεν
181 267 250 319 εἶς’
265 267 363 318 τοὺς
385 264 584 324 ἐσχάτους
609 266 811 325 ὀλέθρους
830 264 1086 323 ὥλισθηκῶς.
1124 265 1176 310 σὺ
1200 265 1248 308 δ’
1270 263 1364 310 οὕτε
1385 262 1617 362 βλάβηνῐὲρ
1627 271 1773 353 ‘1:⁰25-

78 345 167 388 τοῖς
180 336 393 393 Ῥωμαίων
416 338 611 392 οὐδεμίαν
631 337 831 394 παρέσχες
848 334 1097 392 πράγμασιν,
1131 334 1217 379 οὔθ
1225 334 1246 401 ’ἧ
1257 333 1394 392 ὅρκοις
1413 335 1550 378 οὐδέσι
1589 371 1694 403 menz·
1705 367 1725 402 1

79 408 246 462 δέσμιον
267 406 442 450 σεαυτὸν
467 406 814 464 προκατέστησας.
850 409 983 449 ταῦτα
1000 404 1080 461 γὰρ
1101 402 1265 447 ἅπαντα
1285 408 1554 462 προκατειλη-

79 483 183 533 φυῖα
203 469 403 533 λαμπρῶς
421 473 448 532 ἦ
470 480 545 531 τῆς
562 477 662 531 ἐμῆς
683 475 858 532 ἀφίξεως
877 474 1126 529 ἀνεχαίτισεν
1143 473 1248 530 αὕτη
1270 472 1455 530 σπουδή·
1497 472 1553 525 ὥς

51 543 185 593 5εἶναί
210 562 275 588 σοι
297 546 428 600 μηδὲν
459 544 650 599 ἐμποδῶν
680 549 763 587 τῶν
785 542 980 587 ἁπάντων
1001 549 1094 592 ταῖς
1119 549 1338 599 μητρυιαῖς
1358 544 1595 599 nagawi-c

81 631 168 657 σεσι
204 615 439 658 πείθεσθαι.
468 613 638 657 Ἔπειθ’
676 611 777 674 ὁρᾷς
811 614 878 655 καὶ
908 614 965 663 εἷς
1005 611 1104 655 ὅσον
1132 613 1208 666 μὲν
1239 611 1502 669 βραχύτητος
1527 610 1554 669 ἦ

75 681 287 738 Ῥωμαίων
312 682 419 739 ἀρχὴ
447 680 697 737 συνεστάλη,
737 684 795 732 εἷς
826 681 924 725 ὅσον
946 681 991 724 δὲ
1016 682 1156 731 πενίας
1182 681 1235 724 τὰ
1249 679 1460 736 Ῥωμαίων
1484 682 1556 740 ἕρ-

80 750 159 810 ῥύη
183 750 418 809 πράγματα·
442 749 498 802 ὥς
516 752 622 807 μηδὲ
642 751 765 808 λέγειν
783 751 957 808 θαρῥεῖν
982 752 1121 808 φειδοῖ
1133 754 1208 806 τῆς
1224 755 1308 794 τῶν
1327 751 1557 805 ἀκουσομέ-

78 839 162 865 νων
184 824 338 872 αι’δοῦς.
379 820 491 876 ὅμως
509 822 553 872 ἐξ
575 818 665 870 ἑνός
685 821 734 877 γε’
761 838 835 864 του
858 818 1031 875 δηλώσω
1052 836 1118 863 σοι
1138 817 1310 877 τρόπου.
1346 819 1460 863 ἴσασι
1479 820 1556 875 μὲν

25 904 70 938 1ο
80 891 159 948 γὰρ
187 895 270 934 τῶν
301 889 512 945 Ῥωμαίων
540 891 607 933 καὶ
635 887 864 946 βαρβάρων
896 889 936 932 οἱ
963 892 1143 932 πλεῖστοι
1172 888 1246 932 τὸν
1269 892 1448 932 πλοῦτον
1475 889 1556 946 πρὸ

78 964 156 1015 τῆς
187 958 420 1016 συγχύσεως
451 961 518 1002 καὶ
542 963 625 1002 τῶν
650 961 841 1015 διωγμῶν
870 959 1050 1010 ἐκείνων,
1085 955 1241 1009 findam,-
1262 965 1350 1009 τοῖς
1375 965 1464 1008 σοῖς
1480 966 1599 1014 γο-Ι)

78 1034 215 1072 νεῦσιν
246 1027 426 1085 ὑπῆρχεν
456 1026 576 1084 ἡμῖν,
623 1026 666 1070 ἕν
691 1045 735 1070 τε
761 1032 905 1086 χρυσῷ
936 1029 1003 1069 καὶ
1033 1025 1200 1086 ἀργύρῳ
1231 1029 1299 1070 καὶ
1329 1028 1463 1070 λίθων
1488 1028 1558 1070 καὶ

78 1095 305 1155 μαργάρων
323 1099 574 1157 πολυτελείᾳ,
601 1096 643 1140 ἕν
659 1114 703 1140 τε
722 1098 913 1151 ποίμναις
931 1097 998 1138 καὶ
1028 1097 1262 1150 βουκολίοις
1292 1097 1360 1139 καὶ
1383 1094 1559 1154 μυριάσι

79 1169 287 1210 παντοίων
319 1164 575 1223 θρεμμάτων
605 1169 672 1209 καὶ
697 1163 986 1221 βοσκημάτων.
1025 1164 1137 1208 ἴσασι
1171 1166 1218 1208 δὲ
1237 1167 1305 1208 καὶ
1323 1169 1409 1209 τῶν
1427 1182 1559 1222 παρε-

26 1247 71 1282 15
82 1235 251 1280 στώτων
278 1236 318 1279 οἳ
338 1237 501 1286 πλείους
523 1235 571 1278 τὸ
593 1239 676 1278 τῶν
699 1233 907 1291 ἡμετέρων
925 1238 1091 1290 πλῆθος
1119 1233 1372 1291 ἀποθηκῶν,
1403 1235 1456 1277 αἳ
1470 1241 1560 1284 τοῖς

80 1307 126 1349 ἐκ
155 1310 230 1362 γῆς
259 1307 539 1355 παντοδαποῖς
567 1302 811 1361 γεννήμασιν
838 1302 1167 1361 ὖπερεξεχέοντο,
1208 1305 1277 1347 καὶ
1318 1303 1372 1347 τὰ
1393 1310 1556 1358 ταμιεῖα

81 1377 234 1428 ἐκεῖνα,
268 1372 402 1418 ὁπόσα
422 1375 630 1429 βρίθοντα
661 1376 809 1431 κομιδῇ
828 1379 916 1423 τοῖς
934 1373 1110 1429 ἐτησίοις
1129 1379 1300 1430 καρποῖς
1318 1389 1362 1416 τε
1382 1374 1451 1416 καὶ
1470 1377 1558 1429 θη-

81 1451 252 1501 σαυροῖς
274 1444 635 1500 ε’στενοχωροῢντο.
671 1448 747 1499 τῆς
774 1444 820 1486 δὲ
838 1441 947 1486 καθ’
978 1440 1136 1499 ἡμέραν
1158 1440 1334 1497 ἑκάστην
1352 1441 1594 1499 τραπέζηςΕ

79 1514 157 1570 τὴν
178 1514 390 1571 ἀφθονίαν
411 1514 480 1555 καὶ
500 1513 786 1565 πολυτέλειαν,
825 1510 930 1554 ἀλλὰ
950 1513 1018 1553 καὶ
1042 1509 1224 1566 ταύτην,
1262 1509 1350 1554 ὅσοι
1371 1517 1556 1566 μετεῖχον

24 1576 234 1638 2οἔκείνης
261 1584 328 1624 καὶ
361 1581 673 1637 παραπὲλαυον,
717 1581 854 1623 ἴσασιν
886 1579 1087 1633 ἅπαντες,
1118 1578 1172 1623 τά
1201 1596 1245 1622 τε
1275 1579 1382 1622 ἄλλα
1413 1581 1481 1622 καὶ
1501 1577 1559 1630 ὥς

82 1651 178 1695 οὐδ’
203 1650 296 1707 ἄχρι
317 1652 384 1693 καὶ
404 1651 447 1700 ἒς
465 1649 513 1692 τὸ
535 1654 609 1693 τοῦ
630 1648 801 1692 δεκάτου
821 1648 948 1706 μέρος
965 1648 1115 1704 ἐκείνης
1132 1646 1292 1704 ἀνήκειν
1312 1647 1366 1691 τὰ
1383 1653 1459 1704 τῆς
1474 1652 1560 1703 βοι-

81 1724 240 1775 σιλικῆς
267 1718 367 1775 ἡμῖν
403 1719 605 1776 τραπέζης
633 1717 805 1761 δύναται
835 1715 1025 1775 τήμερον.
1063 1716 1195 1768 οὕτως
1227 1716 1417 1767 ἀσθενῶς
1450 1716 1555 1772 ἴσχε,

82 1791 151 1832 καὶ
186 1791 227 1839 ἒς
256 1792 457 1832 τοσοῦτον
488 1787 593 1846 ἴῤῥει
631 1789 699 1830 καὶ
732 1784 1014 1843 κατενήνεκται
1043 1786 1264 1841 δυστυχίας
1279 1786 1332 1829 τὰ
1346 1783 1558 1841 Ῥωμαίων

80 1856 305 1914 πράγματα
324 1862 572 1914 προφανῶς·
608 1854 664 1907 ὥς
682 1857 826 1907 ε”ξεῖναι
846 1861 1009 1899 σκοπεῖν
1029 1872 1099 1907 σε,
1137 1853 1360 1910 γλυκύτατε
1371 1887 1386 1907 ,
1420 1856 1466 1898 τί
1479 1872 1557 1898 κα-

24 1927 332 1976 25ταλελοιπὼς
351 1930 411 1986 τῷ
432 1927 558 1984 πατρὶ
575 1927 642 1968 καὶ
660 1933 749 1976 τοῖς
769 1942 812 1982 γε
831 1923 945 1983 ἄμφ’
977 1923 1105 1968 αὐτὸν
1123 1922 1229 1979 ὅμοῧ
1245 1925 1313 1967 καὶ
1329 1923 1407 1967 σὺν
1422 1923 1550 1983 affingi,
1562 1929 1594 1964 F

80 2013 278 2060 quantulum
297 2013 394 2048 visus
413 2015 506 2048 esset
524 2011 686 2054 elusisse,
708 2011 745 2046 in
762 2011 879 2046 ultima
897 2009 985 2046 mala
1002 2009 1200 2056 imprudens
1218 2010 1378 2056 delapsus
1395 2013 1462 2046 est.
1494 2010 1554 2045 Tu

79 2072 164 2096 vero
181 2072 245 2094 nec
265 2059 460 2095 detrimenti
477 2059 661 2106 quidquam
677 2059 730 2093 rei
746 2059 920 2093 Romanae
938 2057 1096 2099 attulisti,
1118 2069 1184 2092 nec
1200 2061 1238 2092 te
1261 2057 1342 2092 ullis
1358 2057 1558 2092 iuramentis

79 2106 345 2153 praepedivisti.
392 2106 465 2140 Ista
483 2105 572 2140 euim
591 2105 704 2140 omnia
730 2105 831 2150 plane
857 2104 1043 2139 antevertit
1066 2107 1104 2139 et
1124 2102 1273 2138 inhibuit
1297 2103 1468 2138 adventus
1489 2103 1557 2137 mei

77 2153 257 2195 celeritas3
280 2152 331 2187 ita
348 2155 389 2186 ut
405 2151 492 2186 nihil
509 2151 690 2197 quidquam
706 2150 771 2186 tibi
788 2151 913 2192 obstet,
937 2151 1114 2196 quominus
1130 2149 1249 2185 matris
1265 2149 1559 2184 exhortationibus

78 2210 217 2245 pareas.
252 2199 359 2233 Vides
381 2202 572 2244 praeterea,
595 2209 694 2243 quam
710 2198 748 2232 in
765 2201 945 2243 angustum
962 2201 1139 2232 contracta
1155 2196 1255 2230 huius
1268 2195 1406 2241 imperii
1423 2195 1559 2241 magni-

79 2245 176 2287 tudo,
200 2257 268 2291 quo
287 2245 428 2291 inopiae
444 2244 588 2279 redacta
606 2244 653 2277 sit
669 2245 820 2278 Romana
838 2255 906 2279 res.
953 2243 1088 2278 Vereor
1107 2242 1266 2288 equidem
1285 2242 1415 2283 dicere,
1439 2246 1479 2276 ut
1495 2252 1560 2276 an-

79 2291 244 2326 dientium
266 2291 386 2336 pudori
406 2302 554 2336 parcam.
602 2290 735 2324 Tamen
752 2290 790 2324 id
807 2289 874 2325 tihi
895 2301 965 2325 una
981 2301 1020 2325 re
1037 2289 1232 2324 declarabo.
1277 2289 1417 2324 Norunt
1430 2289 1558 2322 Rona-

81 2349 200 2372 norum
234 2343 270 2372 et
288 2338 510 2372 barbarorum
538 2336 715 2382 plerique,
739 2341 890 2381 quantae
915 2335 1012 2371 nobis
1038 2335 1241 2382 parentibus
1257 2334 1328 2369 tuis
1347 2344 1453 2380 opes,
1475 2336 1558 2368 ante

81 2385 313 2418 confusionem
328 2389 517 2429 temporum
535 2388 572 2417 et
591 2382 820 2417 calamitosam
837 2381 928 2418 illam
951 2383 1068 2428 sugam
1079 2406 1090 2424 ‚
1115 2381 1151 2415 in
1170 2392 1255 2416 auro
1271 2380 1420 2421 fuerint,
1443 2379 1480 2414 in
1498 2389 1558 2413 ar-

82 2435 199 2476 gento,
222 2430 259 2464 in
276 2430 416 2475 gemmis
438 2435 475 2464 et
494 2429 689 2474 margaritis
707 2428 974 2474 pretiosissimis,
997 2428 1034 2462 in
1051 2427 1217 2474 gregibus
1236 2433 1273 2461 et
1290 2425 1472 2467 armentis,
1494 2424 1560 2460 de-

81 2476 187 2521 nique
202 2476 239 2510 in
257 2476 391 2511 infinita
417 2477 648 2521 quorumlibet
676 2475 818 2510 altilium
845 2486 1072 2521 pecorumque
1090 2474 1139 2508 vi.
1186 2474 1326 2508 Norunt
1349 2472 1454 2507 etiam
1477 2470 1559 2516 plu-

81 2521 158 2556 rimi
178 2533 221 2556 ex
236 2522 293 2561 iis,
315 2522 374 2568 qui
391 2522 448 2556 hic
465 2522 602 2564 adsunt,
625 2526 709 2567 quot
726 2521 913 2566 apothecas
930 2521 1020 2556 omni
1036 2532 1164 2566 genere
1182 2530 1298 2555 earum
1312 2528 1449 2559 rerum,
1472 2527 1559 2562 quas

81 2573 177 2602 terra
193 2568 316 2614 giguit,
334 2568 586 2610 redundantes3
610 2579 698 2614 quae
716 2568 853 2610 horrea,
877 2567 999 2602 annuis
1017 2566 1187 2601 fructibus
1205 2572 1242 2600 et
1259 2563 1395 2599 acervis
1410 2562 1558 2610 gravida

83 2623 120 2648 et
141 2619 335 2655 coarctata,
358 2614 584 2648 habuerimus.
630 2614 702 2648 Iam
720 2613 765 2648 de
783 2613 919 2649 lautitia
941 2619 979 2648 et
1002 2612 1256 2658 magnificentia
1282 2621 1418 2645 meusne
1441 2608 1558 2655 quoti-

82 2659 226 2701 dianae,
248 2660 308 2705 qui
326 2660 402 2694 eius
428 2661 616 2706 participes
634 2659 808 2705 nobiscum
834 2661 991 2700 fuerunt,
1015 2660 1043 2693 ii
1063 2658 1179 2694 edunt
1197 2668 1275 2692 oum
1290 2656 1381 2697 alia,
1402 2659 1474 2689 nm
1491 2665 1558 2689 uec

81 2705 127 2740 ad
144 2705 308 2740 decimam
329 2710 460 2751 partem
485 2706 653 2752 pristinae
675 2706 768 2740 illius
786 2706 1061 2751 magnificentiae
1079 2715 1180 2751 posse
1198 2701 1362 2749 progredi
1380 2712 1442 2735 eos
1464 2711 1558 2735 sum-

80 2756 176 2798 ptus,
195 2751 255 2797 qui
270 2751 305 2786 iu
322 2763 468 2787 mutuam
484 2752 739 2798 imperatoriam
758 2752 860 2787 hodie
873 2765 896 2788 a
912 2752 1011 2788 nobis
1027 2751 1139 2792 fiunt;
1158 2759 1268 2795 usque
1282 2759 1324 2783 eo
1341 2746 1558 2787 debilitatae,

81 2809 124 2832 eo
142 2797 349 2832 ealamitatis
368 2798 487 2844 lapsae
512 2803 595 2833 sunt
621 2810 663 2832 ac
687 2799 864 2833 demersae
935 2799 1000 2833 lam
1020 2809 1078 2832 res
1099 2797 1283 2831 Romanae.
1325 2793 1436 2828 Potes
1454 2803 1558 2833 nunc,

81 2843 287 2887 dulcissime,
309 2844 518 2891 expendere,
541 2844 624 2892 quid
644 2849 681 2880 et
699 2844 812 2891 patri,
834 2848 872 2880 et
887 2846 945 2887 iis,
968 2855 1055 2890 quos
1070 2853 1184 2878 secum
1201 2852 1245 2876 ac
1261 2839 1357 2876 circu
1374 2850 1414 2874 se
1433 2839 1553 2878 lubet,
