1794 3172
283 142 415 193 1064
693 147 1010 194 NICEPHORI
1037 146 1362 196 GREGORAE

58 271 98 307 A.
117 272 161 306 Μ.
178 271 270 308 6859
281 261 422 318 ψυχὴν
441 259 592 304 ἐκείνου
616 262 691 302 τοῦ
711 255 918 314 σώματος.
964 257 1014 303 οὗ
1033 258 1113 318 γὰρ
1134 257 1186 304 ἃν
1206 256 1362 318 ἐνήργει
1388 258 1492 305 καθ’
1516 257 1638 304 ἑαυτὸ
1649 293 1664 314 ,
1700 260 1761 317 μὴ

99 316 221 383 ,1¹¹⁶'4
240 330 328 400 Βόν
362 327 714 374 αὗθυπόστατον·
761 328 856 372 οὐδ’
888 327 940 372 ἂν
974 327 1302 374 αὖθυπόστατον
1333 326 1409 387 ἦν,
1453 329 1512 386 μὴ
1547 328 1594 373 ὃν
1624 329 1757 382 οὐσία.

214 399 220 408 “
281 399 339 452 ὥς
367 400 445 456 γὰρ
477 402 617 441 πᾶσαν
648 397 794 442 οὐσίαν
825 396 1152 444 αὗθυπόστατον
1192 398 1294 443 εἶναι
1335 398 1539 458 ὁρίζονται
1569 403 1754 455 πρᾶγμα,

279 469 389 513 οὕτω
412 468 463 524 δὴ
486 469 553 510 καὶ
574 465 686 512 ἅπαν
709 467 1036 513 αὖθυπόστατον
1063 474 1260 527 πρᾶγμα,
1294 469 1451 514 οὗσιάν.
1497 470 1583 512 ἐπεὶ
1616 463 1689 511 οὖν
1709 468 1756 511 τὸ

252 535 383 589 ἐἶδος
417 539 623 581 ἐνταυθοῖ
644 542 719 582 τοῦ
746 536 890 594 ἡλίου,
930 538 1006 582 εἴτ’
1043 534 1115 582 οὗν
1148 539 1197 583 τὸ
1234 544 1347 596 φῶς,
1386 537 1407 583 ὅ
1437 538 1550 595 ἅγιος
1581 539 1648 581 καὶ
1674 537 1788 594 πρό5

273 613 350 665 τῆς
371 606 473 664 ὕλης
496 607 676 667 (δηλαδὴ
697 612 771 651 τοῦ
794 606 981 666 σκεύους)
1006 610 1207 653 δείκνυσιν
1228 601 1329 665 ἕχεῦ
1348 608 1508 666 ἴνεργον
1529 607 1605 663 τὴν
1626 625 1758 665 φωτι-

275 677 419 733 στικὴν
438 675 669 721 ὖπόστασιν
689 680 755 720 καὶ
775 676 951 735 ὕπαρξιν
971 678 1153 734 οἴκοθεν,
1189 681 1365 735 μηδαμῆ
1391 683 1466 735 τῆς
1483 676 1586 734 ὕλης
1603 674 1760 733 ταύτης

238 748 451 804 Οδεηθὲν,
489 746 565 804 τὴν
628 747 641 763 ²
672 746 776 804 ὕλην
804 751 964 803 μᾶλλον
992 754 1067 792 τοῦ
1088 753 1340 807 φωτιστικοῦ
1365 750 1587 805 δεηθεῖσαν
1609 747 1757 799 εἴδους,

269 817 346 871 ἵν’,
373 815 429 868 ὥς
449 819 584 870 εἰπεῖν,
606 815 796 876 οὖσιωθῇ
814 822 1068 874 ψυχωθεῖσα
1085 832 1096 842 ·
1122 822 1283 873 μᾶλλον
1302 817 1354 862 ἂν
1376 818 1436 875 εἴη
1452 818 1572 862 ’τουτὶ
1596 815 1644 860 τὸ
1667 833 1758 874 φω-

272 887 455 931 τιστικὸν
479 885 586 938 εἶδος
617 885 643 943 ’ἧ
665 887 808 941 οὐσία,
847 886 873 944 ἢ
897 888 944 931 τὸ
973 885 1143 945 ’ἡλιακὸν
1166 892 1309 939 σκεῦος
1333 889 1458 932 ἐκεῖνο
1469 921 1483 942 ,
1525 885 1547 930 ὃ
1576 885 1680 942 ὕλην
1702 883 1757 928 ⁶2⁵-
1772 895 1794 931 κ

272 958 346 1001 ναί
365 973 519 1015 φησιν,
558 954 661 1000 οἷονο
676 954 856 1001 ἀνείδεόν
881 975 924 1000 τε
951 960 1018 1001 καὶ
1040 956 1342 1002 ἀνυπόστατον.
1389 956 1492 1002 εἶναι
1517 957 1656 1000 τοίνυν
1689 954 1757 998 διὰ

273 1031 409 1071 ταῦτα
438 1029 504 1070 δεῖ
519 1028 586 1070 καὶ
608 1026 655 1070 τὸ
675 1031 794 1070 θεῖον
824 1026 968 1070 οὐσίαν
991 1026 1316 1072 αὗθυπόστατον
1350 1028 1418 1071 καὶ
1446 1027 1615 1070 ἀνενδεᾶ
1652 1043 1760 1068 παν-

270 1094 444 1141 ’τάπασα
483 1095 531 1140 τὸ
558 1095 636 1154 γὰρ
656 1096 785 1140 ἄλλου
819 1095 1011 1152 δεόμενον
1040 1096 1215 1156 ὕστερον
1244 1096 1344 1141 εἶναι
1376 1097 1554 1155 πέφυκεν
1596 1089 1645 1138 οἷ)
1676 1096 1760 1138 δεῒ-

276 1183 371 1220 ται,
402 1165 570 1225 κάκείνῳ
600 1164 807 1210 δουλεύειν
827 1167 870 1218 ἐξ
890 1165 1092 1224 ἀνάγκης,
1127 1162 1175 1211 οὗ
1198 1168 1308 1210 ἔστιν
1329 1167 1471 1217 ἐνδεές.
1514 1166 1583 1208 καὶ
1617 1162 1760 1220 δεήσε-

276 1253 347 1279 ται
377 1235 521 1280 λοιπὸν
559 1236 743 1294 θατέρου
780 1233 974 1294 θάτερον.
1030 1242 1082 1295 τῇ
1113 1238 1157 1280 δὲ
1187 1238 1338 1294 κυρίως
1373 1235 1480 1294 ἀρχῇ
1509 1232 1675 1291 γνήσιον
1709 1233 1790 1279 ‘cdl

207 1327 209 1331 ⁴
236 1305 478 1361 Βάνενδεὲς,
505 1306 573 1348 καὶ
594 1307 745 1364 κυρίως
765 1304 864 1349 εἶναι
885 1296 1056 1363 ἀνάγκη,
1081 1308 1149 1350 καὶ
1171 1304 1373 1365 πρότερον
1391 1309 1467 1350 τοῦ
1488 1305 1662 1354 ἐνδεοῦς.
1701 1305 1766 1346 δεῖ

273 1375 354 1434 γὰρ
376 1375 451 1432 τὴν
472 1375 604 1432 ἀρχὴν
631 1375 734 1419 αὐτὸ
760 1379 882 1419 τοῦτο
905 1374 1005 1419 εἶναι
1026 1374 1156 1431 μόνον
1164 1410 1178 1430 ,
1217 1376 1370 1434 ἀρχὴν,
1407 1377 1475 1418 καὶ
1499 1373 1558 1430 μὴ
1595 1375 1761 1416 δεῖσθαι

272 1443 462 1502 μηδενός.
504 1446 615 1500 Φησὶ
633 1445 711 1502 γὰρ
726 1447 794 1488 καὶ
817 1443 838 1488 ὃ
860 1450 977 1496 θεῖος
993 1445 1202 1502 Μάξιμος·
1229 1443 1370 1502 ,,μόνη
1385 1443 1495 1500 ἁπλῆ
1516 1444 1759 1498 καὶμονοει-

275 1515 352 1571 δὴς
380 1517 448 1558 καὶ
481 1513 671 1571 ἀνενδεὴς
703 1517 771 1558 καὶ
804 1514 1058 1572 ἄτρεπτοςῆ
1088 1515 1356 1573 δημιουργικὴ
1391 1519 1474 1558 τῶν
1498 1512 1605 1557 ὅλων
1637 1512 1758 1556 οὖσία

237 1598 241 1601 ·
275 1589 352 1641 τῆς
378 1583 499 1642 ἁγίας
522 1582 718 1642 Τριάδος.
758 1588 875 1628 πᾶσα
895 1586 941 1628 δὲ
962 1587 1091 1636 κτίσις
1111 1583 1315 1636 σύνθετός
1334 1586 1444 1628 ἐστιν
1461 1585 1505 1634 ἐξ
1525 1582 1669 1633 οὗσίας
1689 1584 1757 1625 καὶ
1768 1591 1794 1627 2<

241 1669 244 1672 ’
275 1651 589 1712 συμβεβηκότος
622 1656 690 1699 καὶ
722 1654 884 1712 ἐπιδεὴς
911 1655 972 1700 ἀεὶ
998 1660 1074 1713 τῆς
1095 1656 1216 1707 θείας
1234 1657 1453 1715 προνοίας,
1478 1650 1534 1704 ὡς
1552 1652 1626 1697 οὗκ
1645 1653 1759 1696 ἐλευ-

276 1845 343 1870 ma.
388 1833 468 1870 Nec
492 1832 580 1868 enim
597 1845 662 1880 per
677 1846 716 1869 se
733 1836 938 1881 operaretur
955 1833 1049 1869 istud
1067 1834 1197 1877 lumen,
1222 1832 1288 1868 nisi
1307 1844 1370 1879 per
1390 1844 1428 1867 se
1447 1831 1671 1873 subsisteret3
1695 1841 1759 1865 nec

280 1893 345 1928 per
364 1892 401 1915 se
423 1881 648 1923 subsisteret,
673 1881 740 1916 nisi
763 1885 856 1916 esset
878 1882 1084 1916 substantia.
1123 1882 1213 1916 Nam
1227 1879 1509 1926 quemadmodum
1526 1890 1656 1913 omnem
1676 1878 1760 1912 sub-

280 1927 441 1962 stantiam
471 1927 638 1962 definiunt
660 1940 732 1962 rem
750 1940 813 1974 per
839 1939 877 1962 se
898 1928 1160 1970 subsistentem,
1184 1927 1235 1961 ita
1260 1927 1418 1972 profecto
1441 1937 1513 1960 rem
1538 1936 1668 1959 omnem
1695 1934 1760 1969 per

280 1986 320 2008 se
337 1973 576 2008 subsistentem
601 1974 771 2009 definiunt
798 1974 1034 2009 substantiam.
1083 1974 1171 2009 Cum
1196 1974 1305 2020 igitur
1322 1973 1481 2008 hocloco
1508 1972 1546 2006 S.
1564 1971 1760 2017 Gregorius

279 2020 362 2055 solis
389 2020 551 2062 formam,
576 2033 637 2055 seu
658 2021 791 2063 lumen,
815 2024 896 2055 ante
923 2020 1100 2055 materiam
1123 2022 1208 2066 (hoc
1234 2025 1287 2055 est
1314 2025 1396 2054 ante
1415 2019 1528 2054 solare
1550 2018 1760 2053 instrumen-

278 2067 370 2111 tum)
394 2066 549 2101 declaret
572 2068 703 2102 habere
731 2079 795 2113 per
813 2079 852 2101 se
871 2070 908 2101 et
934 2079 977 2101 ex
1003 2067 1146 2113 propria
1165 2072 1289 2102 natura
1307 2066 1525 2101 existentiam
1546 2069 1582 2100 et
1599 2066 1760 2099 substan-

277 2113 362 2147 tiam
381 2114 594 2159 operativam
612 2126 653 2148 ac
670 2113 947 2156 illuminativam,
971 2126 1084 2160 neque
1099 2115 1159 2149 illa
1177 2115 1281 2150 solari
1302 2112 1446 2148 materia
1462 2112 1671 2157 indiguisse,
1696 2110 1759 2145 sed

277 2159 368 2194 hanc
390 2160 506 2205 potius
529 2161 707 2195 materiam
722 2159 949 2195 illuminativa
974 2161 1115 2206 eguisse
1130 2162 1262 2203 forma,
1286 2172 1355 2206 qua
1374 2161 1431 2205 (ut
1449 2159 1500 2194 ita
1518 2159 1657 2204 loquar)
1685 2157 1761 2192 ani-

277 2211 371 2242 mata
396 2206 706 2242 substantiaretur:
730 2219 825 2249 cum,
848 2206 1004 2253 inquam,
1029 2208 1080 2242 ita
1103 2220 1140 2243 se
1165 2220 1223 2243 res
1245 2208 1393 2249 habeat,
1418 2207 1505 2241 haec
1534 2204 1761 2239 illuminativa

277 2253 388 2287 forma
409 2252 515 2298 longe
534 2253 663 2298 potiori
681 2253 816 2289 ratione
841 2254 1033 2289 substantia
1057 2254 1143 2297 erit,
1174 2266 1274 2301 quam
1306 2254 1418 2288 solare
1442 2252 1526 2286 illud
1551 2252 1761 2286 instrumen-

277 2304 369 2342 tum;
394 2299 509 2345 quod,
531 2300 641 2334 veluti
671 2312 734 2347 per
757 2313 794 2335 se
819 2300 953 2335 minime
976 2302 1168 2336 subsistens
1195 2306 1300 2347 atque
1316 2300 1479 2341 informe,
1504 2298 1542 2332 S.
1566 2297 1761 2342 Gregorius

279 2345 457 2381 materiam
484 2357 561 2380 esse
582 2346 741 2381 affirmat.
791 2347 1015 2393 Quapropter
1042 2360 1184 2382 necesse
1210 2351 1263 2382 est
1287 2347 1397 2381 Deum
1423 2357 1501 2380 esse
1519 2344 1759 2385 substantiam,

281 2404 372 2439 quae
396 2392 537 2438 propria
562 2392 692 2438 polleat
720 2393 965 2435 subsistentia,
988 2406 1051 2430 nec
1076 2395 1178 2429 ullius
1201 2394 1303 2440 plane
1326 2392 1378 2428 rei
1406 2391 1453 2426 sit
1481 2391 1611 2437 indiga.
1668 2390 1760 2425 Nam

281 2440 377 2486 quod
395 2439 502 2474 altero
522 2438 674 2484 indiget,
696 2440 901 2475 naturaliter
920 2453 960 2475 eo
981 2441 1152 2487 posterius
1169 2445 1242 2482 est,
1267 2451 1335 2485 quo
1352 2438 1510 2484 indiget3
1534 2443 1571 2473 et
1588 2438 1621 2472 ei
1639 2448 1762 2471 neces-

283 2486 376 2521 sario
404 2485 571 2528 inservit,
596 2486 694 2521 cuius
719 2486 872 2532 indigum
901 2490 966 2522 est.
1013 2488 1106 2522 Hinc
1123 2490 1294 2533 superest,
1313 2489 1354 2520 ut
1375 2486 1520 2520 alterum
1543 2485 1652 2519 altero
1670 2482 1761 2517 indi-

283 2538 377 2578 geat.
425 2533 535 2567 Porro
557 2533 633 2567 veri
653 2545 694 2567 ac
709 2534 850 2580 proprie
865 2533 951 2568 dicti
973 2534 1134 2580 principii
1151 2545 1235 2568 vera
1253 2537 1308 2568 est
1327 2544 1367 2566 ac
1385 2532 1536 2577 genuina
1549 2531 1760 2578 proprietas,

281 2579 374 2614 nulla
389 2591 428 2614 re
446 2578 605 2625 indigere
617 2605 626 2621 ,
652 2583 688 2614 et
707 2580 902 2616 huiusmodi
925 2581 1133 2627 principium
1152 2580 1257 2615 debet
1276 2579 1416 2625 proprie
1436 2590 1533 2620 esse,
1559 2582 1594 2612 et
1611 2575 1700 2612 omni
1718 2587 1760 2610 eo

281 2625 401 2671 prius,
425 2625 516 2672 quod
539 2625 693 2672 indigum
718 2630 783 2661 est.
831 2628 982 2673 Oportet
1002 2628 1089 2662 enim
1105 2630 1144 2662 ut
1163 2626 1368 2672 principium
1397 2625 1443 2660 sit
1458 2625 1522 2659 hoc
1539 2624 1650 2670 ipsum
1671 2623 1761 2657 dun-

281 2676 394 2714 taxat,
417 2684 540 2719 nempe
559 2672 777 2719 principium,
801 2685 865 2708 nec
885 2673 1010 2709 ulla·re
1031 2674 1099 2708 alia
1118 2673 1284 2718 indigeat.
1334 2672 1410 2715 „Et
1432 2669 1554 2713 vero,''
1579 2675 1619 2705 ut
1644 2669 1695 2704 ait
1714 2668 1761 2703 D.

282 2717 467 2761 Maximus,
490 2724 657 2762 „sanctae
674 2719 862 2755 Trinitatis
880 2720 1073 2755 substantia
1092 2720 1328 2755 universarum
1346 2729 1458 2754 rerum
1477 2717 1595 2763 opifex
1611 2720 1678 2758 est,
1702 2727 1762 2750 so-

283 2764 319 2800 la
337 2765 503 2811 simpleX,
527 2765 611 2801 nihil
638 2767 768 2806 habens
790 2767 974 2802 admixtum
999 2767 1119 2813 dispar
1145 2767 1197 2801 sui
1227 2771 1332 2811 atque
1351 2763 1537 2806 dissimile,
1560 2762 1613 2798 rei
1632 2762 1761 2797 nullius

284 2810 406 2856 indiga
431 2815 469 2847 et
495 2812 733 2848 immutabilis:
765 2814 873 2848 omnis
900 2818 1012 2848 autem
1037 2816 1196 2848 creatura
1221 2824 1264 2847 ex
1289 2811 1484 2847 substantia
1512 2813 1548 2844 et
1579 2809 1761 2843 accidente

282 2857 475 2905 composita
498 2862 552 2896 est
574 2871 617 2896 ac
639 2855 757 2897 divina
773 2870 907 2908 semper
933 2865 1015 2907 eget
1033 2859 1277 2908 providentia,
1304 2858 1433 2907 quippe
1457 2867 1549 2905 quae
1574 2866 1643 2892 uon
1669 2855 1717 2890 sit
1737 2865 1760 2889 a
