1794 3172
423 80 449 99 .-

252 116 355 165 .786
547 171 549 173 v
668 121 984 168 NICEPHORI
1013 119 1337 167 GREGORAE

39 243 74 276 A.
92 242 135 275 M.
153 240 245 278 6855
256 231 451 290 κουζηνόν
471 233 528 285 εἷς
551 230 662 277 ἅπαν
683 232 731 275 τὸ
761 231 878 289 σφίσι
909 228 1187 286 βουλόμενον,
1224 229 1307 289 ἀφ’
1334 225 1383 274 οὗ
1405 233 1453 278 τὸ
1468 235 1678 290 βασίλειον
1700 236 1741 287 ἐς

64 289 149 330 Jnd.
166 289 209 324 1⁵
256 303 305 348 τὸ
336 303 491 353 ἐντελὲς
529 303 801 360 περιεζῶσθαι
832 298 1030 358 ξυνερῥύη
1063 298 1227 357 κράτος.
1286 300 1379 360 (B)
1415 303 1559 356 Δόξαν
1595 300 1667 349 οὖν
1699 306 1741 367 ἒς

258 373 357 424 τοὺς
377 374 508 423 ῗδιόυς
525 377 584 431 τῷ
622 374 811 431 Hastam}
839 368 1020 427 τρόπους
1048 367 1361 424 ἀνυσιμώτατον
1387 373 1502 416 δυοῖν
1536 374 1741 431 πεπραχέ-

258 461 325 489 ναι
348 440 552 499 θάτερον·
588 440 614 497 ἢ
640 439 810 493 ἑαυτὸν,
852 442 887 483 εἷ
918 441 1139 495 δυνηθείη,
1173 446 1261 490 τοῖς
1289 451 1598 500 πατριαρχικοῖς
1619 445 1742 500 ἓγκα..

257 515 457 570 θιδρῦσαι
483 508 681 567 θρόνοις,
718 509 744 566 ἢ
773 513 871 566 γοῦν
901 513 975 565 τῆς
994 510 1174 567 φατρίας
1189 506 1237 552 τό
1258 526 1300 566 γε
1323 509 1513 569 δεύτερον
1536 514 1606 556 ἕνα
1627 511 1769 557 ὄντι-5

257 586 374 626 νοῦν·
398 578 610 636 ἐπειδήπερ
629 579 743 639 αὐτῷ
761 580 837 634 μὲν
858 577 1005 634 ἣκιστα
1021 578 1128 622 κατὰ
1151 579 1306 622 σκοπὸν
1325 579 1466 639 ἐχώρει
1486 582 1533 626 τὸ
1553 586 1738 639 πρᾶγμα,

222 651 566 707 Οάντεισενεγκεΐν
579 649 789 706 Ἰσίδωρον
808 648 1019 705 ἐξεγένετο,
1047 647 1093 699 ὃς
1112 650 1418 704 ,Μονεμβασίας
1435 652 1509 706 μὲν
1533 650 1740 710 ἐψήφιστο

257 719 479 778 πρότερον·
517 718 653 762 ἔπειτα
678 719 747 762 διά
769 718 816 761 τὸ
841 725 931 769 ταῖς
950 722 1025 761 τοῦ
1046 721 1236 773 Παλαμᾶ
1257 721 1324 762 καὶ
1347 720 1475 764 αὐτὸν
1496 719 1742 764 ἁλίσκεσθαι

258 790 549 847 καινοφωνιάις
580 786 822 846 καθῄρηταί
849 805 892 831 τε
929 789 996 830 καὶ
1018 792 1091 844 τῆς
1112 789 1223 846 ἱερᾶς
1252 787 1486 847 ἀφώρισται
1514 793 1740 842 κοινωνίας·

260 860 323 906 δι’
348 859 394 903 ὃν
417 858 469 915 δὴ
500 860 569 901 καὶ
598 855 981 915 πατριαρχεύσαντα
1005 862 1079 900 νῦν
1111 857 1158 901 τὸ
1189 863 1264 914 τῆς
1285 860 1500 916 ἐκκλησίας
1523 860 1653 911 εὐθὺς
1673 862 1794 919 {gi-10

252 927 365 986 ,ῥάγη
386 926 590 984 σύστημα.
650 930 708 986 (Γ
706 927 737 985 )
774 929 859 971 Καὶ
878 931 1044 985 πρῶτον
1063 928 1139 983 μὲν
1160 932 1242 971 τῶν
1262 928 1492 973 ἐπισκόπων
1512 930 1552 973 οἷ
1578 932 1742 981 πλείους

260 1000 302 1050 ἐς
324 999 370 1042 τὸ
400 1002 483 1042 τῶν
513 999 639 1041 θείων
663 995 905 1041 ἀποστόλων
929 997 1230 1055 ἀθροισθέντες
1257 998 1423 1054 τέμενος
1431 1032 1445 1053 ,
1479 998 1670 1057 δεύτερον
1693 999 1739 1042 δ’

218 1070 302 1119 Βές
322 1068 398 1124 τὴν
417 1065 633 1125 Στεφάνου
654 1072 727 1110 τοῦ
747 1069 865 1110 θειόυ
887 1065 1242 1125 πρωτομάρτυρος
1263 1068 1408 1125 μονὴν,
1432 1068 1559 1113 αὐτόν
1578 1087 1620 1112 τε
1635 1069 1743 1112 Ἰσί-

260 1141 396 1195 δωρον
424 1139 491 1181 καὶ
532 1136 620 1180 ὅσοι
662 1135 890 1195 ὁμόφρονες
931 1135 1007 1180 εἶεν
1045 1137 1279 1192 ἀναθὲματι
1315 1143 1513 1198 κανονικῷ
1555 1139 1742 1182 καθυπέ-

258 1210 432 1264 βαλλον,
462 1208 529 1250 καὶ
548 1206 635 1262 ἅμα
659 1207 733 1263 τὴν
750 1211 898 1265 ψῆφον
926 1205 1188 1264 ὗπογραφαΐς
1211 1208 1334 1259 ἰδίαις
1352 1206 1610 1266 κυρώσαντες
1632 1210 1742 1266 παρ-
1752 1216 1794 1252 15

261 1277 386 1337 ῥησίᾳ
421 1278 562 1335 σφίσιν
599 1274 915 1334 ἐπεπόμφεισαν.
954 1276 1023 1334 ἐφ’
1055 1274 1116 1328 οἷς
1150 1276 1429 1332 ἀχθεσθέντες
1474 1276 1639 1336 σφόδρα
1670 1278 1742 1321 τὸν

259 1346 462 1402 βασιλέως
483 1346 624 1402 θυμὸν
645 1345 833 1398 ὀξύνουσι
850 1346 947 1390 κατ’
972 1346 1122 1391 αὐτῶν.
1159 1346 1384 1390 κάντεῦθεν
1401 1354 1488 1398 τοῖς
1506 1349 1582 1403 μὲν
1603 1365 1742 1406 παρα-

259 1420 516 1473 θεωρεΐσθαι
546 1417 776 1471 ξυνέβαινε,
809 1416 887 1468 κάξ
920 1414 1095 1467 ἐνδόξων
1130 1415 1294 1468 ἀδόξοις
1318 1419 1632 1471 καθίστασθαι,
1665 1417 1742 1469 κάξ

264 1484 449 1542 εῧπόρων
479 1481 532 1528 αὖ
567 1488 770 1544 αἰφνίδιον
800 1484 994 1543 ἀπόροις·
1031 1493 1118 1536 τοῖς
1147 1486 1191 1529 δ’
1210 1484 1442 1545 ὑπερορίοις
1460 1489 1648 1544 γίνεσθαι
1666 1491 1742 1543 τῆς

218 1554 438 1612 Εμεγάλης
459 1554 638 1609 πόλεως,
672 1553 734 1606 οἷς
761 1557 836 1611 μὲν
859 1555 1019 1599 ἑκοῦσιν
1028 1589 1042 1610 ,
1077 1553 1139 1606 οἷς
1170 1557 1194 1598 δ
1203 1556 1215 1572 ²
1242 1555 1304 1600 οὗ.
1365 1555 1461 1616 (A.)
1497 1558 1584 1600 Καὶ
1602 1556 1653 1600 τὰ
1676 1557 1794 1601 ἐπὶΞΟ

260 1623 424 1676 τούτοις
450 1625 536 1669 ἔστι
558 1626 832 1682 διηγουμένων
863 1624 1010 1683 ἑτέρων
1032 1623 1191 1669 ἀκούειν
1223 1624 1499 1684 πλατύτερον·
1538 1625 1648 1676 ὅπως
1666 1627 1742 1681 μὲν
1762 1664 1764 1667 ,

263 1694 390 1745 ἄλλος
418 1694 570 1738 ἄλλοθι
602 1694 880 1754 διεσπάρησαν
912 1694 1110 1749 ἅπαντες,
1148 1697 1215 1738 καὶ
1235 1696 1520 1754 ἀπερρίφησαν
1537 1696 1643 1751 μετὰ
1668 1699 1742 1751 τῆς

262 1764 497 1824 παρρησίας
516 1766 583 1808 καὶ
601 1770 685 1808 τῶν
706 1766 876 1822 ἐλέγχων
889 1779 899 1789 ·
936 1763 1048 1815 ὅπως
1067 1765 1113 1807 δ’
1137 1760 1189 1807 αὖ
1209 1770 1290 1808 τῶν
1309 1770 1497 1822 πανταχῆ
1520 1764 1744 1821 θαλάσσης

136 1840 177 1875 V.
189 1837 310 1886 400st
342 1836 409 1877 καὶ
434 1838 509 1891 γῆς
539 1833 780 1893 ὀρθοδόξων
809 1836 850 1886 ἐς
880 1833 1107 1888 Βυζάντιον
1135 1835 1264 1890 συχνὰ
1285 1837 1475 1893 ἐσεφοίτα
1496 1833 1740 1893 γράΔιιμοιτα,>

266 1945 299 1982 is
319 1943 548 1991 plenissimam
569 1945 807 1981 auctoritatem
834 1944 1089 1991 imperatoriam
1108 1943 1242 1986 induit,
1265 1944 1323 1979 vix
1342 1945 1385 1979 ab
1403 1945 1447 1980 iis
1463 1957 1619 1991 magnum
1633 1948 1742 1991 puta-

265 1992 382 2029 batur.
429 1991 512 2036 (ΙΙ.)
533 1994 584 2027 Ac
600 1993 757 2027 Palamas
780 1992 916 2039 quidem
939 1992 989 2025 sic
1007 1991 1203 2033 statuebat,
1228 1991 1421 2027 conducere
1440 1993 1617 2027 admodum
1634 1993 1743 2026 ratio-

267 2037 368 2072 nibus
389 2038 473 2079 suis,
498 2038 638 2073 duorum
655 2039 800 2073 alterum
822 2038 934 2080 esfici3
958 2043 997 2072 ut
1013 2042 1072 2072 aut
1089 2050 1127 2072 se
1144 2037 1272 2083 ipsum,
1297 2039 1326 2072 si
1347 2044 1477 2084 posset,
1501 2039 1576 2073 sedi
1594 2039 1743 2085 patriar-

267 2084 359 2119 chali
375 2084 585 2130 imponeret;
616 2089 675 2120 aut
698 2085 853 2131 quemvis
874 2085 995 2119 saltem
1015 2097 1035 2119 e
1056 2084 1127 2118 suis
1145 2085 1383 2120 sectatoribus.
1432 2086 1524 2127 Quia
1543 2086 1652 2130 igitur
1673 2085 1744 2130 ipsi

267 2142 332 2177 pro
349 2142 388 2164 se
411 2130 528 2176 agenti
546 2132 680 2166 minime
701 2144 743 2166 ex
763 2131 935 2166 sententia
955 2131 1184 2173 succedebat,
1206 2130 1334 2166 idcirco
1354 2131 1524 2167 Isidorum
1542 2144 1744 2178 promoven-

268 2177 347 2211 dum
367 2177 474 2210 duxit.
522 2177 593 2211 Hic
608 2178 862 2223 Monembasiae
879 2178 1009 2212 electus
1028 2178 1174 2212 antehac
1192 2178 1371 2225 episcopus
1395 2191 1471 2213 mox
1490 2191 1652 2213 novorum
1674 2179 1743 2213 Pa-

266 2223 376 2259 lamae
395 2234 546 2258 errorum
567 2235 641 2258 cum
668 2229 703 2258 et
725 2224 802 2270 ipse
819 2225 995 2259 convictus
1015 2224 1159 2266 fuisset,
1184 2224 1340 2260 deiectus
1362 2225 1531 2270 dignitate
1551 2226 1683 2268 fuerat,
1706 2229 1743 2259 et

268 2282 291 2309 a
308 2281 405 2304 sacra
423 2270 655 2304 communione
671 2274 887 2316 segregatus.
921 2270 1052 2305 Eodem
1071 2282 1159 2305 nunc
1173 2272 1439 2316 patriarchatum
1459 2272 1647 2313 obtinente,
1660 2272 1744 2306 scis-

267 2328 342 2355 sum
364 2321 422 2351 est
448 2315 562 2350 statim
591 2317 758 2351 ecclesiae
784 2329 919 2363 corpus.
967 2317 1068 2362 (111.)
1093 2321 1207 2364 Atque
1229 2318 1382 2364 episcopi
1405 2318 1581 2364 plerique,
1606 2330 1681 2352 cum
1706 2318 1744 2352 in

267 2368 461 2398 sanctorum
479 2362 719 2408 Apostolorum
743 2363 862 2398 aedem
880 2364 1046 2409 primum,
1069 2364 1193 2400 deinde
1208 2365 1243 2399 in
1261 2365 1343 2399 Divi
1361 2365 1532 2410 Stephani
1548 2365 1745 2398 Protomar-

268 2409 358 2455 tyris
375 2409 614 2444 monasterium
631 2410 883 2454 convenissent,
908 2410 1071 2445 canonico
1088 2413 1303 2446 anathemate
1320 2411 1497 2452 Isidorum,
1522 2415 1557 2445 et
1576 2415 1744 2456 quotquot

267 2455 320 2491 illi
341 2455 598 2498 assentirentur,
621 2456 853 2502 perculerunt.
900 2457 1034 2492 Deinde
1056 2458 1240 2497 decretum,
1265 2457 1415 2503 propriis
1436 2457 1744 2502 subscriptionibus

269 2502 521 2546 confirmatum,
545 2502 755 2538 confidenter
773 2503 841 2537 illis
858 2504 1030 2538 miserunt.
1080 2505 1183 2546 Quod
1205 2504 1256 2538 illi
1275 2516 1380 2548 aegre
1400 2503 1577 2538 admodum
1594 2504 1745 2538 ferentes

268 2547 486 2595 imperatoris
502 2548 645 2584 animum
663 2549 699 2583 in
719 2549 782 2584 hos
800 2549 991 2585 stimulant:
1017 2563 1126 2596 eoque
1143 2552 1290 2593 sactum,
1314 2556 1352 2584 ut
1371 2551 1489 2584 horum
1507 2550 1565 2585 alii
1586 2550 1743 2595 despice-

268 2596 406 2638 rentur,
431 2600 469 2630 et
485 2607 527 2630 ex
545 2595 732 2631 illustribus
753 2597 911 2639 obscuri,
938 2608 981 2631 ex
997 2597 1169 2643 opulentis
1185 2597 1304 2642 inopes
1320 2596 1436 2631 statim
1453 2597 1660 2638 existerent3
1685 2595 1743 2630 alii

269 2653 394 2687 magna
408 2643 492 2678 urbe
511 2643 700 2684 exularent,
722 2642 875 2678 volentes
897 2643 1046 2689 quidam,
1069 2644 1221 2678 nonnulli
1239 2643 1352 2678 inviti.
1385 2643 1485 2688 (IV.)
1503 2644 1601 2685 Quae
1618 2642 1744 2676 deinde

270 2693 369 2736 gesta
393 2693 497 2730 sunt,
521 2700 564 2723 ea
579 2689 623 2723 ab
644 2689 720 2724 aliis
747 2694 888 2725 narrata
912 2690 1020 2724 fusius
1049 2690 1209 2735 accipere
1230 2695 1303 2724 est:
1327 2692 1366 2724 ut
1384 2701 1503 2735 nempe
1523 2701 1636 2724 omnes
1656 2689 1743 2723 alius

271 2734 338 2773 alio
361 2734 510 2781 dispersi
531 2735 601 2771 sint
620 2740 656 2771 et
674 2735 796 2778 eiecti,
819 2748 881 2771 sua
900 2748 976 2770 cum
996 2736 1132 2771 dicendi
1151 2736 1310 2771 libertate
1328 2736 1468 2781 suisque
1492 2736 1561 2770 illis
1585 2735 1742 2770 crimina-

269 2780 447 2823 tionibus3
471 2785 510 2816 ut
528 2793 656 2818 rursusv
672 2783 715 2819 ab
738 2782 960 2825 orthodoxis,
984 2783 1113 2829 ubique
1138 2783 1242 2817 maris
1270 2788 1305 2817 et
1331 2786 1501 2817 terrarum
1527 2781 1742 2827 degentibus,

270 2827 467 2874 {frequentes
485 2828 624 2866 litterae
639 2829 844 2877 Byzantium
861 2829 1076 2873 ventitarint,
1099 2829 1164 2865 zeli
1184 2828 1293 2865 divini
1309 2829 1443 2877 plenae,
1469 2840 1557 2877 quae
1575 2828 1743 2864 Palamam
