1794 3172
505 153 986 202 ANNOTATIONES.
1386 146 1515 196 1171

0 265 120 312 sanis,
170 270 213 305 et
244 264 522 316 Genuensibus
554 263 605 303 ae]
644 261 914 302 habitandum
946 276 969 300 a
1003 261 1198 303 michaele
1237 274 1428 301 concessa
1457 261 1523 312 sit,

0 322 128 363 multis
157 323 310 375 egimus
339 323 408 364 lib.
436 323 467 362 1.
505 320 874 374 Constantinopolis
906 317 1154 360 Christianae
1178 326 1275 360 sect.
1303 319 1439 358 XXII.
1475 319 1527 359 de

0 380 239 432 singulorum
276 393 376 419 vero
414 379 630 434 praefectis
656 377 725 417 hic
756 377 990 426 recensitis,
1029 391 1249 430 eorumque
1283 376 1527 428 nominibus,

0 444 79 477 tum
101 451 150 476 ex
175 438 377 489 Gregora,
403 444 490 477 tum
518 451 570 476 ex
590 434 838 488 Pachymere
862 434 934 476 lib.
958 435 1010 478 ΙΙ.
1031 449 1119 489 cap.
1142 434 1333 476 XXXIII.
1353 441 1395 475 et
1420 434 1524 485 aliis,

0 495 35 534 in
56 495 262 534 Glossario
281 495 386 536 med.
412 494 587 534 Graecit.
646 506 821 532 nocane.

107 551 210 606 Peg.
239 555 309 602 98,
338 555 381 595 2.
437 548 651 605 Ἐκήδευσε
676 553 737 605 τῷ
763 549 859 604 (imi,
883 552 956 601 τῆς
979 545 1143 598 Ἰταλίας
1170 544 1395 604 Καρούλῳ]
1425 547 1530 589 Vide

0 607 199 649 Historiae
221 609 674 662 franco-Byzantinae
693 608 766 648 lib.
786 608 835 648 V.
854 621 893 646 n.
912 607 1089 648 XLVIII.
1109 608 1254 646 XLIX.
1314 619 1494 647 nucame-

109 665 149 706 P
147 682 213 719 ag·
244 668 314 717 98,
344 671 384 710 7.
437 670 477 708 Γ
473 667 590 715 ἑνους
623 668 698 707 τοῦ
726 667 1032 718 Γασμουλικοῦ]
1086 664 1323 718 Pachymer.
1355 664 1431 705 lib.
1463 663 1532 705 IV.

0 737 90 777 cap.
109 724 256 763 XXVL
314 723 420 765 Vide
441 725 618 764 Glossar.
640 722 744 763 med.
765 723 939 762 Graecit.
966 723 1009 762 in
1028 721 1104 762 hac
1125 736 1239 764 voce.
1296 735 1474 762 nuento-

65 792 67 794 ’
110 779 150 820 Ρ
146 796 210 835 ag·
243 784 314 833 98,
346 786 413 825 13.
475 778 719 832 Τζάκωνας]
751 780 904 819 Horum
927 779 1128 820 Laconum
1156 780 1337 820 meminit
1364 778 1533 832 Pachy-

0 851 130 879 meres
147 839 219 879 lib.
238 839 313 881 III.
339 837 429 894 cap.
452 839 525 881 IX.
584 839 687 879 Vide
706 839 858 891 pariter
883 837 991 878 idem
1025 838 1200 880 Glossar.
1235 838 1280 877 in
1308 837 1386 877 hac
1416 846 1531 877 voce.

0 908 174 937 nucum.

111 951 210 1007 Pag-
240 956 311 1004 98,
341 956 410 998 13.
467 952 513 996 ‘O
538 956 641 1009 γοῦν
659 951 866 1008 fiammis
895 949 1060 1006 στόλος]
1101 951 1339 1006 Pachymer.
1367 951 1441 991 lib.
1461 950 1532 990 ΠΙ.

0 1023 86 1065 cap.
105 1011 195 1051 XV.
250 1025 431 1052 nocane».

113 1066 214 1124 Pflg·
243 1073 313 1118 98,
339 1069 410 1114 25.
474 1066 527 1111 Τὸ
554 1066 600 1110 δὲ
628 1062 685 1123 ἦν
720 1063 927 1123 κομήτης]
971 1066 1212 1121 Pachymer.
1244 1066 1316 1106 lib.
1347 1065 1417 1107 111.
1444 1079 1533 1119 cap.

0 1125 151 1166 XXIII.
208 1139 389 1167 noema.

114 1182 215 1238 Pag.
244 1187 315 1235 99,
345 1187 415 1227 21.
474 1182 797 1241 Κωνσταντίνῳ]
827 1181 1065 1236 Pachymer.
1092 1183 1165 1224 lib.
1187 1182 1259 1222 111.
1287 1196 1380 1236 cap.
1403 1180 1535 1223 XXV.

0 1253 175 1280 Ducmc.

113 1297 213 1354 Pag.
246 1301 340 1346 100,
372 1298 416 1342 5.
472 1293 819 1352 Διαμηνύσασθαι
841 1297 1163 1354 Κωνσταντίνῳ]
1193 1297 1375 1338 Verbum
1395 1299 1537 1351 διαμη-

1 1351 180 1398 vescam
199 1356 310 1410 apud
328 1356 550 1408 Gregoram
562 1370 645 1395 non
662 1357 784 1396 semel
802 1358 993 1407 occurrit,
1011 1370 1088 1409 pro
1119 1355 1402 1410 μεταπέμπειν.
1433 1356 1537 1397 Vide

0 1413 72 1454 lib.
89 1413 195 1453 vm,
218 1428 310 1467 cap.
326 1413 397 1454 VI.
419 1420 517 1454 sect.
538 1419 579 1458 2.
600 1421 677 1454 etc.
732 1428 892 1455 amm.

117 1469 219 1524 Pag.
251 1474 347 1517 101.
377 1475 448 1515 21.
503 1471 548 1514 ‘0
579 1475 654 1525 τῆς
681 1469 891 1525 Αἰγύπτου
914 1470 986 1512 καὶ
1013 1466 1198 1524 Ἀραβίας
1223 1468 1432 1523 Σονλτᾶν]
1462 1471 1537 1510 Pa-

4 1528 188 1581 chymer.
218 1530 288 1568 lib.
312 1529 381 1568 111.
399 1543 488 1583 cap.
511 1529 563 1571 V.
620 1529 661 1568 Is
684 1543 807 1581 porro
829 1535 891 1568 est
911 1541 1029 1581 quem
1050 1531 1178 1567 nostri
1193 1527 1445 1568 Noradimam
1465 1541 1537 1567 vo-

6 1592 123 1636 cant,
155 1586 384 1626 Chronicon
411 1600 512 1626 vero
541 1586 748 1625 Orientale
776 1586 826 1625 ab
848 1585 1076 1626 Echellensi
1104 1586 1279 1635 editum,
1308 1583 1538 1625 Almana-

6 1659 93 1684 rum
113 1641 417 1693 Nuraddinum,
447 1644 516 1683 ubi
538 1657 703 1694 regnum
727 1644 860 1683 iniisse
889 1644 1038 1683 dicitur
1064 1657 1169 1682 anno
1190 1643 1359 1694 Hegirae
1385 1643 1536 1683 DCLV.

6 1700 178 1755 proinde
213 1700 361 1740 Christi
390 1701 618 1741 MCCLVII.
653 1717 676 1740 a
712 1715 793 1752 quo
820 1701 975 1740 scilicet
1004 1707 1249 1753 expugnatas
1279 1714 1379 1752 quas
1404 1700 1537 1739 nostri

7 1761 51 1798 in
67 1758 182 1810 Syria
200 1757 437 1798 obtinebant
460 1760 643 1799 civitates
663 1765 828 1798 narrant
850 1760 1070 1812 scriptores
1090 1771 1225 1798 rerum
1243 1757 1537 1811 Hierosolymi-

7 1823 204 1857 tanarum.
258 1829 435 1856 nucum.

123 1873 227 1928 Peg·
259 1877 354 1921 102,
386 1878 429 1918 7.
483 1873 629 1915 Ἡτῶν
655 1873 811 1929 γονέων
835 1869 1130 1926 ἐξωνούμενοι]
1163 1871 1430 1926 Pachymeres
1448 1875 1537 1920 ταῖς

10 1930 191 1984 συνεχέσι
216 1932 496 1986 μετακομίσεσι
521 1935 606 1973 τῶν
633 1931 835 1985 βορέαθεν
861 1932 1130 1983 μειρακίσκων
1159 1930 1307 1969 Arabes
1346 1943 1441 1968 suos
1467 1942 1537 1968 au-

9 1990 120 2030 xisse
143 1990 344 2028 exercitus
367 1989 523 2030 scribit.
578 1989 788 2041 Haytonus
808 1989 852 2028 in
871 1988 975 2029 Hist.
998 1988 1191 2027 Orientali
1216 2001 1303 2040 cap.
1318 1987 1354 2027 Ι.
1376 1987 1427 2026 de
1443 1987 1538 2026 Sol-

13 2047 108 2087 dani
132 2046 307 2098 Aegypti
337 2049 540 2099 potentia:
598 2046 743 2087 Maio·-
766 2060 863 2100 ραι-,ς
890 2046 1087 2086 emere-itus
1114 2045 1291 2098 Aegypti
1317 2054 1408 2084 sunt
1436 2044 1538 2083 serin'

12 2104 134 2158 empti
147 2105 287 2157 pretio,
313 2119 413 2157 quos
434 2103 535 2143 mali
554 2103 771 2143 Christiani
790 2119 904 2156 saepe
919 2113 1081 2156 portant
1099 2101 1317 2157 cupiditate
1336 2099 1535 2147 lucrandi,

12 2162 147 2208 autin
162 2159 328 2213 praeliis
347 2162 556 2215 acquisiti,
584 2176 683 2215 quos
711 2159 950 2214 compellunt
968 2175 1097 2199 eorum
1122 2169 1247 2200 seciae
1266 2168 1303 2198 et
1325 2156 1427 2212 fidei
1456 2156 1537 2196 ud-

13 2217 182 2257 haerere.
240 2215 292 2255 Et
311 2215 376 2256 illi
392 2219 462 2272 qui
482 2220 602 2271 empti
623 2219 750 2270 pretio
764 2218 954 2270 pecuniae
970 2218 1225 2266 exstiterunt,
1255 2217 1427 2256 cariores
1447 2223 1538 2254 sunt

14 2284 51 2314 et
87 2263 296 2324 buterum,
343 2284 380 2313 et
404 2273 499 2328 plus
523 2274 617 2314 aliis
646 2274 900 2314 honorantur.
952 2274 1077 2327 ‘Apud
1107 2274 1259 2313 Turcos
1283 2281 1380 2312 vero
1407 2273 1537 2310 Euro-

13 2344 138 2384 paeos
168 2331 244 2369 alia
268 2331 435 2371 inducta
462 2332 581 2371 simili
615 2332 701 2371 sere
723 2332 843 2370 modo
867 2334 1067 2372 exercitus
1087 2331 1259 2384 augendi
1286 2327 1536 2368 consuetudo

15 2390 208 2428 Amurate
230 2390 451 2441 imperante
468 2390 541 2428 sub
564 2403 654 2428 ann.
676 2389 901 2429 MCCCLX.
929 2390 1138 2429 cuiusdam
1162 2387 1367 2428 Caramani
1390 2385 1537 2424 docto-

15 2446 74 2486 ris
97 2446 221 2484 Carae
243 2447 431 2486 Rustenis
449 2453 488 2486 et
510 2443 903 2486 Zmderlu-'Chelilis
936 2447 1116 2495 consilio,
1149 2460 1227 2499 qua
1245 2445 1468 2492 inductum,
1490 2445 1538 2479 ut

17 2503 70 2542 de
94 2503 305 2555 mancipiis
320 2505 515 2556 puerilem
537 2510 705 2544 aetatem
726 2504 916 2555 egressis,
954 2518 1056 2557 quae
1085 2505 1192 2543 bello
1221 2508 1336 2553 capta
1354 2500 1535 2547 fuissent,

19 2560 205 2612 quintum
233 2561 425 2614 quodque
452 2569 573 2614 caput
600 2562 765 2600 Sultano
784 2561 1018 2602 offerretur:
1048 2562 1109 2600 sin
1146 2561 1222 2600 tria
1253 2559 1450 2597 duntaxat
1468 2560 1538 2593 aut

19 2623 194 2669 quatuor
212 2624 344 2656 essent
368 2620 580 2672 mancipia,
605 2619 853 2670 singulorum
876 2619 1035 2658 nomine
1054 2618 1182 2657 XXV.
1207 2615 1313 2668 aspri
1332 2613 1539 2652 solveren-

18 2679 98 2713 tur.
153 2674 207 2713 Hi
227 2674 473 2715 Nomadibus
493 2691 564 2716 seu
582 2676 766 2728 agricolis
786 2675 1003 2716 traduntur
1029 2673 1241 2715 discendae
1259 2672 1418 2722 linguae
1439 2669 1539 2707 Tur-

23 2730 135 2770 cicae
157 2737 198 2769 et
222 2731 427 2783 religionis
447 2733 750 2773 Mahumetanae
770 2746 911 2783 causa,
942 2742 982 2773 et
1001 2733 1114 2772 annis
1137 2731 1292 2783 aliquot
1313 2726 1467 2767 exactis
1486 2724 1538 2764 ad

18 2787 181 2827 Portam
208 2797 474 2842 revocantur,
515 2791 822 2831 Genitzarorum
849 2791 984 2830 officio
1003 2788 1196 2829 functuri.
1251 2785 1367 2825 Hanc
1391 2795 1539 2836 puero-

19 2853 111 2885 rum
146 2845 426 2889 collectionem
447 2843 746 2902 παιδομᾶζωμα
770 2855 893 2889 vocat
924 2850 1115 2888 Contares
1140 2846 1183 2885 iu
1210 2843 1316 2884 Hist.
1345 2840 1538 2882 Athenar-
