1794 3172
228 158 360 206 1132
611 159 944 207 {NICEPHom
971 123 1302 204 GREGORAE

7 284 43 317 A.
62 282 107 316 Μ.
125 279 216 317 6859
228 273 298 318 τὸν
317 277 540 330 μονογενῆ,
574 268 846 329 γεννηθέντα,
878 269 927 314 οὗ
949 268 1200 326 ποιηθέντα,
1235 264 1455 324 ὃμοοῦσιον
1473 271 1532 328 τῷ
1557 269 1698 326 πατρὶ,

62 327 167 364 Ind'4
227 343 286 387 δι’
312 338 360 386 οὗ
381 342 435 385 τὰ
466 340 599 384 πάντα
627 340 823 397 ἓγένετο.”
868 339 991 398 δρᾶτε
1011 343 1099 389 πῶς
1119 338 1281 383 ἄνωθεν
1306 341 1373 381 καὶ
1401 340 1444 389 ἐξ
1466 338 1595 395 ἀρχῆς
1617 345 1703 387 τοῖς

75 423 119 459 V.
142 422 211 458 571
232 414 363 462 θείοις
391 411 614 468 ἄναιρεῖται
642 407 825 467 πατράσι
854 406 1082 467 διαρρήδην
1104 408 1152 452 τὸ
1166 440 1180 462 ,
1217 409 1374 464 ποίημα
1407 405 1507 451 εἶναι
1538 407 1609 450 τὸν
1640 404 1700 449 δι’

189 476 281 528 cha
298 481 350 524 τὰ
370 477 506 522 πάντα
527 479 756 535 πεποίηται.
804 478 1055 536 γεννηθέντα
1081 475 1159 536 γάρ
1188 493 1339 535 φησιν,
1379 477 1427 520 οὗ
1458 476 1700 532 ποιηθέντα.

226 548 324 610 (Η.)
341 548 465 591 Ἀλλὰ
485 551 552 592 καὶ
574 547 595 592 ὅ
617 548 744 605 μέγας
757 546 1009 598 Ἀθανάσιος
1030 548 1071 591 ἓν
1093 551 1144 606 τῇ
1168 547 1271 604 πρὸς
1290 546 1536 603 Σεραπίωνα
1558 543 1737 603 πρώτῃ5

224 618 323 663 ’τάδε
345 618 526 670 διέξεισιν
548 620 740 676 ἐπιστολῇ
757 631 767 643 ·
804 619 884 673 ,,ἔν
905 615 1086 677 τούτῳ,”
1106 615 1292 674 φάσκων,
1313 617 1388 676 (τῷ
1411 613 1610 671 πνεύματι
1627 616 1704 669 δη-

147 740 149 742 ,
192 711 195 714 ·
225 674 352 745 λὀίδη)
388 688 500 744 ,,τὴν
523 690 653 732 κτίσιν
677 686 698 731 ὃ
724 685 844 744 λόγος
876 686 1035 740 δοξάζει
1062 690 1291 740 θεοποιῶν,
1338 687 1406 729 καὶ
1433 685 1629 728 υἱοποιῶν
1659 683 1705 726 δὲ

226 755 424 814 προσάγει
453 762 511 816 τῷ
538 758 686 815 πατρί·
723 757 771 802 τὸ
805 758 850 801 δὲ
880 754 1128 809 συνδοξάζον
1144 761 1204 815 τῷ
1229 753 1337 815 λόγῳ
1366 754 1441 811 τὴν
1472 756 1600 798 κτίσιν
1628 752 1704 796 οὐκ

228 826 279 871 ἂν
300 827 359 883 εἴη
383 827 482 870 αὐτὸ
501 831 584 871 τῶν
606 825 883 883 κτισμάτων.”
920 828 987 870 καὶ
1008 826 1103 881 μετ’
1130 825 1245 883 ὀλίγα
1261 839 1271 849 ·
1301 822 1357 879 ,,ὃ
1377 825 1454 882 γὰρ
1475 823 1610 881 πατὴρ
1636 821 1705 865 διὰ

188 901 302 941 Ετοῦ
325 894 448 952 λόγου
473 898 519 939 ἔν’
538 894 737 952 πνεύματι
756 895 858 955 ἁγίῳ
883 896 936 940 τὰ
958 895 1093 939 πάντα
1111 902 1240 949 ποιεῖ,
1271 896 1338 938 καὶ
1361 893 1493 944 οὕτως
1513 891 1540 949 ἡ
1562 889 1704 947 ἑνότης
1717 900 1759 935 10

224 971 301 1023 τῆς
320 964 436 1022 ἁγίας
451 965 620 1024 τριάδος
633 965 848 1019 σώζεται.”
870 968 938 1009 καὶ
953 964 1097 1009 πάλιν·
1120 967 1191 1019 »εἴ
1211 964 1264 1008 τὰ
1285 961 1496 1020 ποιήματα
1508 960 1705 1017 βουλήσει

228 1038 295 1079 καὶ
318 1035 482 1096 εὐδοκία
502 1034 657 1092 ὑπέστη
690 1038 758 1079 καὶ
786 1034 812 1092 ἡ
844 1037 972 1087 κτίσις
996 1039 1111 1079 πᾶσα
1135 1032 1341 1091 θελήματι
1369 1034 1549 1090 γέγονεν,
1589 1029 1706 1080 ἐκτός
1767 1076 1773 1082 ,

228 1106 339 1149 ἐστιν
367 1099 487 1156 οἶτος
515 1109 599 1149 τῶν
625 1103 819 1161 βουλήσει
841 1103 1087 1162 γεγονότων,
1122 1107 1189 1148 καὶ
1212 1107 1371 1160 μᾶλλον
1396 1097 1518 1152 οὗτός
1547 1097 1704 1155 ἒστινῆ

227 1176 340 1227 ζῶσα
357 1175 489 1230 βουλὴ
510 1179 585 1218 τοῦ
607 1174 777 1232 πατρὸς,
809 1175 850 1217 ἓν
872 1169 899 1233 ᾗ
922 1175 975 1218 τὰ
995 1172 1130 1218 πάντα
1150 1174 1326 1231 γέγονε.”
1361 1174 1428 1215 καὶ
1454 1169 1600 1214 πάλιν·
1631 1171 1706 1223 ,,εἲ

227 1245 269 1287 ἓν
290 1246 392 1301 χειρὶ
414 1249 517 1287 θεοῦ
537 1244 590 1287 τὰ
610 1242 820 1300 ποιήματα
842 1242 1044 1302 εἶργάσθη
1079 1244 1318 1302 (γέγραπται
1343 1242 1421 1299 γὰρ
1446 1240 1507 1284 ὅτι
1532 1240 1600 1283 διὰ
1627 1243 1703 1282 τοῦ
1718 1249 1759 1284 15

73 1321 116 1356 P.
133 1321 203 1358 709
227 1311 352 1370 λόγου
384 1312 519 1356 πάντα
543 1313 702 1370 γέγονε,
741 1316 809 1357 καὶ
830 1316 957 1372 χωρὶς
976 1313 1105 1356 αὐτοῦ
1127 1313 1278 1370 ἐγένετο
1300 1311 1395 1355 οὐδὲ
1420 1309 1495 1367 ἕν),
1531 1308 1703 1364 εὔδηλον

222 1381 284 1433 ’ὥς
306 1381 381 1425 οὐκ
403 1382 454 1426 ἂν
482 1383 542 1438 εἴη
566 1381 586 1426 ὅ
609 1383 698 1433 υἱὸς
720 1381 858 1440 ἔργον·
910 1383 1005 1426 ἀλλ’
1035 1381 1161 1433 αὗτός
1186 1383 1295 1426 ἐστιν
1324 1379 1352 1437 ἦ
1378 1382 1467 1437 χεὶρ
1499 1383 1572 1422 τοῦ
1599 1381 1703 1421 θεοῦ

223 1454 297 1496 καὶ
316 1452 487 1510 σοφία.”
532 1453 599 1494 καὶ
623 1453 666 1495 τί
683 1454 748 1495 δεῖ
765 1454 855 1510 περὶ
876 1452 930 1496 τὰ
954 1452 1060 1495 αὐτὰ
1083 1455 1274 1513 διηνεκῶς
1294 1449 1602 1504 ἀνειλουμένους
1628 1447 1705 1497 τὰς

227 1520 346 1577 ὖμῶν
371 1521 499 1572 ἀκοὰς
530 1521 789 1578 ἇποκναίειν;
825 1527 1030 1582 παριστζιν
1055 1522 1204 1572 ἱκανῶς
1225 1525 1308 1564 τῶν
1334 1519 1564 1575 λεχθέντων
1589 1514 1707 1573 ἐχόν-

206 1608 337 1644 -των,
377 1589 432 1641 ὦς
468 1588 661 1649 διῄρηταί
687 1609 729 1635 τε
763 1595 976 1647 πανταχοῦ
1008 1595 1082 1647 τῆς
1109 1595 1274 1650 γραφῆς
1302 1590 1355 1633 τὰ
1383 1586 1595 1644 ποιήματα
1629 1590 1762 1643 τῆςΞΟ

228 1658 428 1716 ποιούσης
457 1661 625 1710 οὐσίας·
662 1662 729 1704 καὶ
758 1659 814 1711 ὥς
841 1662 1046 1715 κτίσματα
1079 1661 1139 1717 εἴη
1169 1648 1380 1715 ποιῆματα
1410 1656 1601 1707 πάντως·
1637 1658 1707 1699 καὶ

230 1726 288 1780 ὥς
316 1730 416 1780 τούς
440 1730 581 1780 θείους
612 1727 824 1786 διαβάλλει
846 1730 1048 1788 πατέρας,
1086 1730 1164 1774 δέει
1195 1731 1271 1785 μὲν
1294 1733 1378 1773 τῶν
1408 1729 1566 1772 οἰκείων
1597 1726 1707 1782 ἐλέγ-

322 1817 357 1852 7.
370 1818 559 1854 θεοποιῶν
569 1814 608 1853 δὲ
618 1816 680 1852 καὶ
693 1815 748 1852 ed.
796 1819 830 1853 8.
848 1816 1036 1854 συνάπτον
1048 1817 1102 1853 ed.
1150 1819 1205 1854 13.
1224 1815 1338 1859 αὐτὸς
1350 1816 1404 1852 ed.
1421 1828 1483 1862 pro
1494 1817 1622 1860 poster.
1641 1809 1708 1850 οὗ·

320 1876 398 1906 τος.
454 1862 511 1901 14.
527 1865 648 1900 ταῦτα
667 1864 723 1899 ed.
799 1865 854 1901 15.
877 1865 948 1901 τοῦ
963 1865 1060 1901 θεοῦ
1080 1864 1134 1899 ed.
1205 1863 1246 1900 δὲ
1267 1864 1321 1899 ed.
1393 1866 1448 1899 18.
1473 1860 1496 1909 ἦ
1520 1863 1637 1907 σοφία
1648 1861 1703 1898 ed.

230 1936 332 1975 stum,
350 1932 457 1967 filium
474 1932 540 1967 Dei
558 1933 792 1979 unigenitum,
818 1933 981 1980 genitum,
1005 1944 1072 1968 non
1091 1933 1233 1976 factum,
1255 1933 1353 1969 Patri
1369 1929 1704 1974 consubstantialem

258 1990 296 2014 er
315 1990 414 2025 quem
439 1980 551 2014 omnia
574 1980 670 2015 facta
692 1980 805 2016 sunt.”
852 1980 990 2015 Videtis
1011 1984 1050 2014 ut
1068 1980 1134 2014 iam
1159 1980 1240 2014 inde
1269 1980 1312 2014 ab
1332 1979 1428 2014 initio
1446 1979 1554 2013 divini
1579 1979 1704 2013 Patres

205 2043 213 2051 ·
230 1991 381 2061 Ricaeni
397 2025 510 2067 illum,
535 2037 597 2072 per
621 2038 720 2073 quem
740 2027 852 2060 omnia
878 2027 1020 2061 fuerunt
1043 2027 1157 2069 facta,
1181 2027 1310 2061 factum
1338 2037 1415 2060 esse
1444 2026 1574 2060 diserte
1594 2037 1704 2070 nega-

231 2071 316 2106 rint.
373 2071 537 2106 Genitum
561 2073 657 2107 -enim
687 2072 869 2118 inquiunt,
911 2084 979 2107 non
1008 2073 1148 2110 factum.
1214 2073 1369 2118 (VIII.)
1404 2072 1475 2106 Sed
1502 2077 1538 2106 et
1561 2083 1707 2117 magnus

231 2117 437 2152 Athanasius
459 2118 493 2152 in
511 2117 629 2163 prima,
649 2130 751 2164 quam
771 2119 815 2153 ad
839 2120 1062 2165 Serapionem
1083 2119 1309 2165 conscripsit,
1333 2119 1478 2165 epistola
1501 2118 1588 2153 haec
1613 2118 1706 2152 edis-

230 2164 330 2198 serit.
356 2163 422 2205 „In
442 2163 541 2206 hoc‚’'
565 2165 700 2211 inquit,
724 2164 877 2211 (Spiritu
894 2166 1076 2210 videlicet)
1102 2166 1279 2209 „Verbum
1299 2178 1357 2201 res
1381 2169 1517 2200 creatas
1534 2164 1707 2210 glorificat

231 2209 417 2252 deificans,
442 2210 527 2244 etin
548 2210 636 2245 filios
660 2211 829 2257 adoptans
846 2212 945 2247 Patri
963 2213 1116 2249 adducit.
1162 2213 1272 2247 Porro
1291 2213 1350 2258 qui
1371 2212 1470 2246 simul
1490 2223 1565 2246 cum
1589 2211 1704 2244 Verbo

231 2260 366 2291 creatas
391 2267 448 2290 res
468 2255 660 2301 glorificat,
687 2257 764 2302 ipse
780 2258 978 2304 neutiquam
1008 2263 1126 2294 creata
1149 2270 1206 2294 res
1234 2271 1311 2294 esse
1330 2257 1477 2304 potest.'’
1533 2258 1583 2291 Et
1603 2257 1705 2303 paulo

231 2306 330 2348 post:
345 2302 462 2344 „Nam
472 2303 577 2337 Pater
585 2314 647 2348 per
654 2303 804 2338 Verbum
822 2305 858 2339 in
876 2309 993 2340 sancto
1003 2305 1136 2351 Spiritu
1151 2305 1263 2340 omnia
1277 2306 1375 2347 facit,
1393 2315 1501 2350 eoque
1516 2303 1613 2338 modo
1623 2314 1705 2337 san-

232 2351 312 2383 ctae
330 2348 516 2384 Trinitatis
538 2350 653 2384 unitas
680 2350 874 2385 servatur.”
921 2352 971 2386 Et
985 2352 1125 2386 iterum:
1148 2351 1215 2394 „Si
1234 2355 1371 2386 creatae
1391 2362 1447 2385 res
1465 2351 1642 2384 voluntate
1662 2361 1704 2384 ac

233 2406 326 2429 mero
344 2395 410 2430 Dei
430 2394 645 2440 beneplacito
663 2396 873 2440 subsistunt,
898 2402 934 2432 et
950 2398 1057 2433 omnis
1073 2403 1234 2433 creatura
1250 2398 1428 2433 voluntate
1445 2396 1510 2431 Dei
1528 2397 1622 2431 facta
1637 2401 1703 2438 est,

234 2441 327 2475 haud
348 2440 452 2477 dubie
469 2441 563 2476 istud
583 2441 731 2477 Verbum
750 2448 851 2479 extra
873 2456 988 2479 eorum
1014 2456 1190 2479 numerum
1211 2448 1284 2486 est,
1308 2455 1397 2490 quae
1418 2443 1526 2479 libera
1548 2443 1616 2477 Dei
1641 2453 1703 2478 vo—

234 2486 366 2522 luntate
381 2488 476 2523 facta
499 2490 596 2529 sunt,
619 2489 675 2523 vel
700 2490 816 2534 potius
840 2490 960 2525 vivens
989 2494 1044 2525 est
1071 2491 1188 2525 Patris
1211 2490 1369 2525 voluntas
1388 2493 1424 2525 et
1447 2489 1643 2531 consilium,
1666 2489 1704 2523 in

235 2544 303 2579 quo
323 2534 418 2569 sacta
439 2538 517 2569 sunt
543 2533 686 2568 omnia.'’
743 2536 794 2570 Et
812 2548 950 2571 rursusz
976 2537 1034 2579 „si
1061 2548 1124 2583 per
1142 2536 1209 2571 Dei
1227 2548 1359 2572 manum
1377 2538 1471 2572 facta
1493 2539 1572 2571 sunt
1591 2534 1704 2581 ipsius

235 2591 363 2625 opera,
387 2582 552 2627 scriptum
569 2585 680 2616 autem
699 2585 775 2624 est,
799 2584 910 2617 omnia
927 2595 990 2628 per
1006 2584 1158 2618 Verbum
1177 2595 1252 2618 esse
1269 2584 1383 2626 facta,
1407 2587 1443 2618 et
1460 2582 1534 2617 sine
1553 2582 1629 2628 ipso
1651 2582 1706 2615 fa-

236 2630 327 2661 ctum
346 2638 422 2661 esse
437 2627 541 2669 nihil,
566 2626 694 2662 clarum
714 2633 767 2663 est
784 2629 902 2675 utique
916 2629 1021 2664 fllium
1036 2641 1105 2664 non
1122 2641 1199 2665 esse
1215 2641 1301 2675 opus
1312 2655 1322 2672 ,
1347 2629 1409 2664 sed
1425 2628 1492 2664 Dei
1517 2639 1649 2663 manum
1670 2632 1706 2661 et

236 2672 478 2718 sapientiam.”
500 2674 550 2708 Et
566 2684 649 2708 sane
674 2674 756 2720 quid
776 2686 918 2710 necesse
936 2682 990 2712 est
1010 2680 1071 2719 ut,
1094 2676 1130 2710 in
1146 2675 1268 2711 iisdem
1286 2680 1455 2723 perpetuo
1477 2674 1621 2716 versati,
1643 2685 1706 2709 ve-

235 2724 327 2753 stras
345 2730 444 2754 aures
461 2720 704 2763 obtundamus,
728 2731 806 2755 cum
823 2733 866 2756 ex
890 2733 996 2769 supra
1013 2721 1117 2757 dictis
1136 2722 1269 2757 abunde
1289 2723 1476 2767 probetur,
1501 2721 1630 2767 ubique
1647 2731 1705 2754 sa-

235 2764 305 2800 cris
320 2765 357 2799 in
374 2765 566 2812 Scripturis
582 2767 695 2801 factas
712 2778 768 2801 res
787 2778 808 2801 a
828 2779 931 2803 causa
949 2780 1012 2803 sua
1031 2767 1202 2803 efficiente
1221 2768 1410 2815 distingui,
1434 2778 1547 2813 neque
1567 2769 1705 2801 creatas

235 2821 292 2845 res
311 2811 401 2846 inter
420 2817 455 2847 et
481 2813 595 2848 factas
611 2813 796 2858 quidquam
822 2825 898 2849 esee
915 2813 1152 2850 discriminis?
1175 2814 1278 2849 -Satis
1305 2815 1407 2850 etiam
1436 2814 1704 2849 demonstratum

235 2859 310 2901 est,
333 2858 500 2905 quomodo
527 2861 663 2895 sanctos
690 2859 815 2896 Patres
834 2860 1062 2898 calumnietur
1079 2861 1254 2905 Palmae,
1279 2872 1394 2898 eorum
1413 2860 1536 2903 verba,
1557 2859 1606 2895 'ue
1626 2859 1706 2906 ipse
