1794 3172
266 152 584 201 HISTORIAE
608 151 983 198 BYZANTINAE
1010 150 1172 197 XXIII.
1189 157 1230 199 2.
1357 144 1492 191 1107

3 261 66 322 μά
92 282 137 309 τε
164 264 232 308 καὶ
250 262 467 322 mianum·
501 266 632 318 „3⁶02
651 267 765 308 θεῶν
775 263 822 317 ,”
840 263 989 319 λέγων,
1019 255 1114 316 „ezr
1136 261 1214 318 ἐγὼ
1240 260 1488 317 δημιουργὸς
1510 268 1550 302 Δ.
1566 268 1603 303 C.
1621 266 1709 304 1351

4 333 144 392 πατήρ
164 352 206 378 τε
226 334 366 391 ἔργων,
388 334 415 377 ἃ
436 334 494 377 δι’
518 335 621 390 ἐμοῦ
637 334 785 391 γέγονε,
800 333 1001 389 τρέπεσθε
1015 331 1122 375 κατὰ
1142 329 1268 388 φύσιν
1287 329 1403 386 ὑμεῖς
1423 316 1712 396 ἔπὶῐωξζέξξέψ

4 404 81 460 τὴν
105 409 190 447 τῶν
220 403 332 457 ζώων
361 405 652 460 δημιουργίαν,
689 401 934 458 μιμούμενοι
963 401 1040 458 τὴν
1068 401 1170 457 ἐμὴν
1191 399 1365 456 δύναμιν
1395 402 1525 458 περὶΙ)

5 474 82 529 τὴν
103 472 221 528 ὑμῶν
241 474 408 530 γε’νεσιν,
440 476 507 517 καὶ
533 465 812 529 ἀπεργάζεσθε
835 474 933 525 ζῶα,
967 474 1034 514 καὶ
1055 475 1231 528 γεννᾶτε,
1267 469 1428 527 τροφήν
1447 488 1490 514 τε

6 542 189 593 διδόντες
216 541 434 595 αὐξάνετε·
471 545 538 586 καὶ
564 544 773 601 φθίνοντα
804 540 927 584 πάλιν
948 541 1162 596 δέχεσθε.”
1233 539 1309 600 (I.)
1341 538 1490 596 Ὁρᾶτε

5 613 129 656 τίνων
147 613 346 668 μαθητὴς
361 610 533 670 ,ἐγεγόνει
545 646 558 665 ,
597 614 664 655 καὶ
685 609 747 662 οἷς
766 609 1029 667 ἠκολούθησε
1058 609 1257 666 δόγμασι,
1295 613 1361 654 καὶ
1389 609 1491 654 ὅθεν

7 679 266 739 ἀρυσάμενος
289 679 532 738 ε’ξηρεύξατο
557 684 625 725 καὶ
650 681 777 731 αὐτὸς
808 681 1049 738 ἀνατροπὴν
1077 680 1261 736 θολεράν
1289 680 1395 723 κατὰ
1418 684 1494 736 τῆς

6 756 82 795 τοῦ
102 756 206 794 θεοῦ
229 752 443 807 ἐκκλησίας
452 786 466 805 ,
500 751 579 795 ὅσα
600 751 653 794 τὰ
676 750 777 795 ὄντα
795 751 891 794 κατ’
915 749 1044 804 εἶδος,
1085 748 1256 807 φάσκων
1277 747 1534 801 τοσαύταςΙῑ..Ι

7 819 109 864 εἶναι
139 822 206 863 καὶ
239 821 313 872 τὰς
342 819 562 879 ὑφειμένοις
589 839 632 864 τε
655 823 723 864 καὶ
747 821 965 871 ἀκτίστους
988 818 1220 882 θεότητας,
1260 817 1346 862 οἷον
1379 820 1490 871 ἰδέας
1517 829 1560 866 V.
1575 829 1646 867 560

7 890 309 944 Πλατωνικὰς,
348 895 408 950 τῷ
443 893 679 949 δημιουργῷ
713 889 1000 947 συνανάρχους
1031 891 1108 945 μὲν
1137 891 1205 932 καὶ
1238 891 1491 943 συναΐδιόυς,

7 958 241 1017 ἔτεροφυεΐς
259 961 327 1003 δέ·
364 963 431 1004 καὶ
452 961 581 1012 ἄλλας
602 961 740 1004 ἄλλων
759 962 946 1017 γίνεσθαι
966 959 1180 1015 ποιητικὰς
1201 958 1404 1002 ἀκτίστων
1424 962 1494 1002 καὶ

7 1034 182 1073 κτιστῶν
218 1031 360 1089 (τοῦτο
390 1030 442 1086 δὴ
471 1031 518 1074 τὸ
554 1035 630 1087 τῆς
662 1030 792 1073 αὐτοῦ
820 1020 1047 1086 συνηθείας
1073 1028 1366 1086 προσθετικόν)
1405 1027 1493 1072 οἷον

6 1104 82 1154 τῆς
105 1100 180 1153 μὲν
200 1100 306 1155 ζωῆς
327 1099 402 1155 τὴν
422 1101 549 1156 ζωὴν,
588 1104 664 1151 τῆς
687 1101 731 1143 δὲ
751 1101 903 1156 σοφίας
924 1099 1000 1155 τὴν
1023 1100 1175 1156 σοφίαν
1186 1132 1199 1151 ,
1239 1103 1314 1155 τῆς
1340 1099 1386 1141 δὲ
1415 1101 1492 1143 δυ-

6 1167 170 1224 νάμεως
192 1168 269 1224 τὴν
288 1167 477 1224 δύναμιν,
505 1171 573 1212 καὶ
592 1169 725 1212 τᾶλλα
749 1167 912 1224 ὁμοίως.
951 1168 974 1212 ὃ
992 1169 1070 1226 γὰρ
1092 1167 1291 1212 Πλάτωνι
1315 1172 1534 1225 agmon-F

10 1239 190 1282 θεικέναι
220 1237 269 1280 οὗ
299 1238 434 1295 γέγονε
462 1239 531 1282 διὰ
560 1238 749 1295 μνήμης,
795 1243 919 1282 τοῦτο
953 1241 1220 1296 προσεξεῦρεν
1253 1238 1402 1291 αὐτὸς,
1440 1239 1502 1282 τὰ

7 1312 92 1352 τῶν
120 1308 323 1351 ἀκτίστων
353 1309 537 1364 δηλαδὴ,
584 1310 627 1351 ἐν
655 1317 742 1359 τοῖς
767 1316 906 1359 κακοῖς
929 1309 989 1351 ἀεὶ
1011 1306 1352 1366 φιλοτιμούμενος
1387 1308 1489 1363 ἔχειν

8 1383 92 1421 τῶν
112 1381 249 1420 κακῶν
271 1377 323 1420 τὰ
345 1385 548 1434 πρωτεῖα,
575 1378 634 1420 ‘lv’
661 1379 722 1435 εἴη
738 1379 980 1435 σαφέστατα
1003 1382 1138 1421 κακῶν
1157 1375 1350 1421 ἁπάντων
1372 1376 1394 1420 ὃ
1414 1376 1490 1419 κά-

8 1464 160 1498 κιστος.
200 1446 296 1490 οόδὲ
313 1447 392 1504 γὰρ
415 1447 507 1491 οὐδ’
525 1445 729 1503 Ἑλλήνων
754 1447 890 1491 οὐδέσι
914 1445 1160 1503 τετόλμηται
1181 1445 1358 1500 πώποτε,
1392 1444 1487 1489 δεύ-
1511 1446 1553 1481 P·
1574 1446 1642 1483 695

7 1534 127 1573 τερον
147 1516 340 1560 ἄκτιστον
363 1518 427 1559 ἐπὶ
446 1522 544 1560 νοῦν
564 1517 796 1575 εἰληφέναι,
834 1517 948 1573 παρὰ
963 1517 1039 1573 τὴν
1057 1516 1110 1560 τὰ
1129 1514 1265 1559 πάντα
1287 1517 1490 1559 κτίσασαν

8 1589 110 1642 μιάν
130 1584 317 1640 δύναμιν.
363 1588 578 1636 πλείστους
597 1588 622 1629 δ
632 1587 644 1602 ²
671 1586 773 1641 ἔχων
806 1585 1004 1642 παράγειν
1036 1588 1093 1636 εἷς
1123 1587 1358 1643 μαρτυρίαν
1389 1586 1490 1628 ἐκεῖ-

6 1660 84 1699 θεν
120 1657 296 1712 παρίημι
337 1657 560 1709 συντομίας
594 1653 796 1711 ἐχόμενος.
854 1654 1131 1713 Πλούταρχος
1167 1658 1192 1699 δ
1199 1655 1212 1671 ’
1248 1654 1361 1709 ὅμως
1394 1652 1415 1697 ὅ
1447 1655 1491 1697 ἐκ

6 1727 270 1783 Χαιρωνείας
300 1727 479 1781 Νουμᾶν
505 1725 577 1769 τὸν
609 1723 859 1782 Πομπήλιον
891 1724 1167 1784 ἀναγράφων,
1212 1722 1260 1776 ὃς
1278 1722 1491 1780 Ῥωμαίων

101 1815 158 1850 10.
184 1812 440 1860 συνανάρχους
463 1825 526 1848 em.
549 1814 662 1860 Capp.
687 1826 751 1861 pro
776 1813 995 1860 συνάρχους.

8 1882 98 1918 turis
121 1883 278 1919 omnibus
303 1884 476 1931 repleant.
522 1885 621 1919 Haec
643 1887 723 1918 sunt
743 1882 898 1918 Platonis
918 1883 1040 1917 verba.
1088 1880 1173 1924 „Dii
1192 1881 1343 1916 Deorum
1364 1890 1509 1927 proge-‘

9 1929 106 1972 aies,
130 1942 273 1976 quorum
291 1943 357 1976 ego
376 1931 495 1977 opifex
523 1943 563 1965 ac
586 1941 709 1975 parens
728 1942 880 1975 operum,
906 1942 994 1975 quae
1015 1940 1077 1975 per
1095 1940 1148 1963 me
1170 1928 1262 1963 facta
1283 1933 1383 1969 sunt,
1409 1939 1493 1961 con-

8 1978 139 2011 vertite
163 1978 407 2024 vosmetipsos
428 1988 470 2012 ex
489 1982 633 2012 naturae
658 1976 794 2022 legibus
814 1977 858 2012 ad
883 1975 1077 2011 animalium
1102 1976 1329 2016 creationem,
1364 1979 1399 2008 et
1422 1973 1492 2009 vim

8 2033 117 2057 meam
131 2050 141 2064 ‚
165 2035 267 2068 quam
290 2025 334 2059 ad
354 2035 415 2058 vos
435 2023 666 2070 procreandos
685 2024 841 2065 exserui,
865 2022 1062 2057 imitemini:
1087 2021 1253 2057 efficitote
1271 2026 1306 2055 et
1326 2024 1492 2066 generate

10 2069 193 2111 animalia3
217 2076 254 2104 et
277 2071 438 2105 alimenta
466 2070 609 2111 dantes,
641 2070 773 2105 nutrite
805 2083 846 2105 ac
871 2076 1015 2116 augete:
1047 2071 1422 2114 cumque*consumpta
1455 2068 1492 2101 et

10 2122 176 2162 corrupta
195 2116 344 2159 fuerint,
367 2116 492 2151 iterum
518 2116 699 2162 recipite?
754 2117 840 2161 (X.)
863 2116 999 2151 Videtis
1027 2126 1243 2161 quorumnam
1267 2114 1314 2149 sit
1335 2113 1492 2159 discipu-

10 2163 64 2198 lus
86 2164 267 2206 Palamas,
295 2168 462 2209 quaenam
480 2164 706 2208 amplectatur
724 2163 907 2208 dogmata,
931 2169 967 2198 et
990 2164 1083 2197 unde
1105 2163 1280 2203 hauserit,
1307 2172 1408 2206 quam
1427 2159 1491 2194 ad-

9 2220 134 2244 versus
162 2210 227 2244 Dei
251 2211 429 2245 ecclesiam
450 2210 603 2245 evomuit
625 2210 852 2244 turbulentam
879 2210 1011 2252 labem,
1045 2210 1123 2244 dum
1149 2209 1200 2243 ait
1228 2208 1341 2243 omnia
1369 2218 1493 2241 secun-

11 2255 94 2291 dum
115 2268 211 2292 suam
239 2258 390 2302 speciem
413 2256 525 2299 entia,
549 2255 692 2290 totidem
715 2268 792 2291 esse
811 2257 995 2291 inferiores
1017 2262 1054 2291 et
1076 2256 1250 2290 increatas
1275 2254 1489 2294 divinitates,

11 2314 102 2348 quae
119 2308 282 2349 tanquam
307 2304 509 2339 Platonicae
534 2303 634 2337 ideae
653 2303 730 2337 Deo
754 2303 904 2338 creatori
930 2303 999 2338 sint
1021 2307 1242 2344 coaeternae,
1267 2307 1304 2336 et
1330 2298 1491 2346 principii

10 2350 145 2395 pariter
164 2349 354 2396 expertesf
369 2351 470 2385 aliam
489 2356 602 2385 tamen
624 2351 667 2384 ab
688 2349 764 2395 ipso
789 2354 943 2384 naturam
969 2350 1140 2391 babeant,
1163 2354 1200 2383 et
1227 2348 1316 2382 aliae
1342 2347 1484 2380 aliarum

10 2401 81 2430 tum
99 2395 327 2451 increatarqn
347 2403 418 2432 tum
437 2402 630 2432 creatarum
652 2408 778 2431 causae
797 2397 869 2431 sint
887 2396 1081 2431 effectrices
1103 2396 1222 2442 (quod
1240 2394 1396 2429 Palamas
1421 2402 1483 2437 pro

11 2454 75 2477 suo
95 2454 187 2477 more
210 2443 363 2483 Platonis
381 2443 599 2489 dogmatibus
617 2443 777 2487 addidit)
799 2442 848 2477 ita
865 2448 923 2485 ut,
947 2443 1045 2478 verbi
1065 2443 1202 2488 gratia,
1228 2441 1300 2475 vita
1317 2439 1364 2472 sit
1390 2438 1484 2472 vitae

10 2500 117 2524 causa
136 2490 305 2533 efficiens,
331 2490 502 2536 sapientia
521 2488 725 2537 sapientiae,
754 2490 911 2536 potentia
926 2490 1114 2535 potentiae,
1141 2494 1178 2523 et
1194 2488 1245 2522 sic
1265 2487 1308 2520 de
1324 2483 1483 2519 caeteris.

11 2535 117 2576 Quod
130 2536 218 2570 enim
229 2537 362 2572 Platoni
375 2537 411 2571 in
428 2542 571 2572 mentem
583 2548 650 2571 non
664 2537 763 2571 venit
779 2541 818 2571 ut
830 2536 905 2582 ipse
917 2536 1072 2578 adderet,
1091 2536 1154 2570 hoc
1175 2535 1328 2568 Palamas
1342 2530 1483 2584 proprio

9 2581 127 2617 Marte
149 2583 337 2625 adinvenit,
359 2583 450 2619 illam
470 2583 634 2618 videlicet
651 2583 878 2618 increatarum
895 2583 1061 2617 deitatum
1078 2580 1337 2617 multitudinem·
1371 2577 1432 2611 Sic
1447 2587 1484 2609 ¹¹¹

11 2629 110 2663 malis
129 2629 254 2674 primas
273 2635 413 2672 tenere,
435 2630 541 2665 multo
557 2630 623 2664 sibi
643 2630 765 2664 honori
791 2641 868 2665 esse
883 2630 999 2671 ducit3
1025 2634 1064 2664 ut
1090 2627 1233 2663 omnium
1254 2624 1485 2669 improborum

12 2675 271 2710 evidentissime
292 2676 339 2710 sit
355 2676 638 2723 improbissimus.
688 2677 777 2711 Nam
797 2687 842 2710 ne
867 2676 1044 2722 gentilium
1066 2675 1203 2721 quidem
1228 2671 1316 2706 ullus
1338 2679 1486 2714 unquam

10 2732 118 2756 ausus
141 2727 195 2756 est
219 2722 400 2758 secundam
426 2723 613 2757 increatam
633 2722 834 2766 excogitare
865 2723 1050 2764 virtutem,
1076 2726 1215 2766 praeter
1233 2717 1363 2752 unicam
1382 2715 1487 2756 illam,

10 2779 103 2848 puae
124 2768 237 2802 omnia
255 2770 401 2804 creavit.
447 2770 548 2804 Licet
575 2776 686 2804 autem
711 2769 828 2815 plures
847 2768 884 2803 in
909 2770 1052 2804 huiusce
1069 2767 1122 2802 rei
1147 2763 1377 2801 testimonium
1406 2773 1487 2807 pro-

27 2825 106 2848 erre
131 2826 286 2860 possem,
314 2815 359 2850 iis
386 2815 610 2851 recensendis
641 2815 698 2850 hic
724 2815 956 2860 supet-sedem
987 2814 1078 2861 quod
1112 2810 1276 2847 brevitati
1302 2808 1487 2844 consulam.

11 2859 233 2897 Plutarchum
254 2866 370 2898 tamen
394 2862 674 2898 Chaeronensem
699 2862 862 2900 laudabo.
910 2860 1129 2908 Conscripsit
1151 2857 1207 2894 hic
1225 2857 1330 2892 vitam
1349 2855 1487 2892 Numae
