1794 3172
296 542 906 604 NIKHtDOPOY
958 542 1150 603 ΤΟΥ
1200 543 1702 605 ΓΡΗΓΟΡΑ

446 686 991 736 ΡῼΜΛΙΚΗΣ
1055 684 1548 736 ΙΣΤΟΡΙΑΣ

785 805 828 843 Λ
859 804 1091 843 oros
1145 803 1219 842 m.

255 946 951 1009 NICEPHORI
1057 945 1733 1008 GREGORAE

468 1084 1002 1138 BYZANTINAE
1073 1085 1521 1136 HISTORIAE

580 1218 769 1260 LIBER
803 1217 1090 1258 DECIMUS
1123 1216 1422 1267 QUINTUS.

734 1436 1258 1473 ARGUMENTUM.

351 1507 486 1551 Crales,
514 1506 678 1542 Romanis
694 1507 949 1551 dissidentibus,
969 1508 1163 1544 invalescit.
1199 1508 1308 1542 Urbes
1323 1508 1454 1543 multas
1468 1507 1618 1544 invadit.
1654 1508 1738 1543 Ser-

253 1554 340 1590 rhas
362 1556 458 1599 ipsas
481 1555 529 1588 ad
552 1555 762 1590 deditionem
785 1557 930 1603 subigit.
971 1556 1169 1590 Romanum
1192 1567 1229 1589 se
1251 1556 1496 1600 imperatorem
1519 1557 1739 1600 pronunciat.

254 1603 443 1647 Imperium
473 1613 550 1636 cum
568 1603 648 1646 filio
668 1604 834 1647 partitur.
889 1604 1068 1647 Quantam
1092 1615 1130 1638 co
1153 1608 1309 1647 tempore
1333 1603 1598 1637 Cantacuzenus
1623 1603 1740 1637 'Phra-

254 1651 331 1683 ciae
359 1653 498 1694 partem
530 1651 693 1685 tenuerit.
741 1651 895 1685 Thracia
928 1651 1113 1685 Persarum
1144 1650 1394 1684 incursionibus
1429 1650 1556 1684 crebris
1585 1655 1741 1685 vastata.

253 1697 490 1731 Cantacuzeni
518 1696 656 1741 inopia.-
691 1697 775 1731 item
799 1698 1085 1741 Byzantinorum.
1142 1698 1249 1731 Anna
1278 1697 1484 1741 imperatrix
1513 1697 1662 1741 pessime
1684 1709 1741 1732 res

252 1744 490 1778 administrat.
538 1744 655 1778 Sacris
685 1744 900 1790 imaginibus
929 1757 998 1779 non
1026 1744 1155 1790 parcit.
1205 1744 1342 1778 Diuites
1363 1749 1480 1778 vexat.
1529 1744 1583 1777 Ex
1605 1745 1678 1788 ipso
1703 1747 1741 1779 S.

251 1791 405 1835 Sophiae
427 1791 553 1835 templo
577 1790 737 1835 abreptos
760 1793 798 1826 in
818 1793 961 1826 vincula
980 1793 1129 1828 coniicit.
1172 1792 1340 1826 Galataei
1360 1793 1532 1836 profugos
1556 1791 1740 1836 excipiunt.

253 1838 355 1881 Asyli
384 1838 439 1870 ius
460 1838 751 1873 vetustissimum.-
786 1840 881 1884 apud
913 1851 1029 1874 omnes
1059 1844 1184 1884 gentes
1214 1843 1373 1873 sanctum
1398 1844 1432 1874 et
1455 1839 1684 1872 inviolatum:
1717 1849 1742 1872 a

258 1884 467 1918 Christianis
495 1886 702 1930 neglectum.
750 1886 887 1920 Eversa
919 1887 1084 1921 ecclesiae
1116 1886 1296 1932 dogmata.
1347 1885 1396 1919 Ob
1423 1896 1482 1919 eas
1506 1896 1630 1918 causas
1653 1891 1743 1920 tem-

250 1931 350 1975 plum
372 1931 489 1964 subita
511 1932 615 1964 ruina
638 1933 871 1976 deformatum
894 1934 1001 1980 (Cap.
1020 1933 1072 1978 1).
1115 1934 1295 1978 Templum
1318 1937 1461 1967 sanctae
1482 1932 1647 1977 Sophiae,
1670 1944 1742 1977 qua

251 1983 357 2022 parte
379 1978 545 2011 orientem
567 1984 723 2022 spectat,
755 1981 903 2026 collapso
928 1981 1182 2026 hemisphaerio
1206 1980 1363 2014 dehiscit.
1418 1979 1507 2014 Eius
1530 1980 1641 2013 cladis
1664 1991 1743 2013 ma-

255 2024 406 2069 gnitudo
435 2025 550 2058 verbis
580 2027 805 2070 amplificata.
856 2029 991 2063 Civium
1021 2039 1204 2062 concursus
1238 2032 1272 2062 et
1301 2027 1536 2071 comploratio.
1583 2026 1742 2071 Ipsorum

255 2071 440 2112 nobilium,
470 2082 512 2104 ac
534 2072 691 2116 inprimis
705 2075 944 2117 foeminarum
967 2076 1004 2109 in
1026 2075 1249 2120 exportandis
1269 2074 1452 2108 ruderibus
1471 2075 1536 2118 pia
1560 2074 1741 2108 sedulitas.

256 2118 462 2152 Substructa
486 2118 529 2151 ab
553 2119 760 2163 imperatore
780 2122 974 2157 Andronico
990 2122 1229 2167 fundamenta
1251 2122 1391 2155 ruinam
1414 2121 1551 2155 sistunt.
1586 2120 1654 2154 Rei
1671 2121 1743 2165 By-

256 2165 423 2199 zantinae
445 2169 559 2199 status
581 2167 801 2202 miserrimus,
851 2169 1122 2204 Lacedaemonii
1143 2174 1220 2214 post
1236 2168 1467 2210 Leuctricam,
1491 2167 1644 2201 Romani
1663 2172 1743 2212 post

260 2210 473 2245 Cannensem
493 2223 672 2256 pugnam,
703 2216 902 2251 mulieribus
925 2228 1049 2252 aurum
1072 2216 1293 2251 interdixere.
1340 2215 1531 2259 Byzantini
1553 2226 1613 2248 cur
1635 2215 1742 2248 vesti-

257 2257 322 2292 bus
339 2258 446 2303 pullis
461 2259 593 2302 passim
612 2261 665 2294 uti
681 2264 862 2306 coeperint.
898 2264 993 2299 Deus
1010 2264 1185 2297 hominum
1204 2262 1330 2297 morbis
1353 2263 1444 2297 lente
1463 2262 1632 2296 medetur.
1668 2262 1741 2295 Fa-

257 2305 358 2339 cilius
372 2305 546 2349 aedzfieat,
564 2318 668 2350 quam
685 2308 829 2343 destruit
853 2310 926 2357 (2).
974 2311 1226 2356 Imperantium
1241 2310 1363 2354 culpae
1383 2314 1602 2350 excusantur,
1624 2320 1742 2343 rerum.

257 2352 374 2386 causis
400 2351 448 2385 ad
470 2363 637 2386 arcanam
660 2354 726 2388 Dei
744 2357 1000 2400 providentiam
1025 2358 1159 2393 relatis.
1207 2357 1468 2391 Cantacuzenus
1490 2356 1635 2389 nimium
1659 2366 1740 2399 sup-

254 2399 337 2443 plex
361 2403 394 2432 et
419 2399 571 2433 abiectus
595 2400 632 2433 in
650 2402 812 2445 epistolis.
861 2405 1011 2439 Multum
1035 2405 1103 2439 sibi
1120 2409 1154 2439 ct
1169 2404 1378 2449 reipublicae
1402 2403 1513 2448 obfuit
1535 2403 1742 2438 cunctando.

261 2445 437 2488 Quasnam
458 2446 551 2480 viros
572 2448 722 2481 maxime
744 2449 877 2484 imitari
893 2452 1061 2488 debuerit.
1094 2452 1271 2497 Gregoras
1289 2451 1470 2496 epistolam
1489 2450 1562 2484 eius
1577 2450 1742 2483 selectam

255 2493 470 2536 prolaturus,
492 2504 563 2538 qua
575 2494 652 2537 fide
671 2507 748 2528 eam
768 2497 978 2532 exhibiturus
996 2500 1053 2542 sit,
1079 2499 1189 2532 docet.
1235 2498 1396 2542 Epistola
1419 2497 1468 2531 ad
1487 2497 1743 2542 patriarcham.

257 2540 400 2584 Scripta
414 2540 490 2584 fuit
513 2540 627 2575 rubris
650 2542 790 2584 litteris,
813 2544 921 2588 ipsius
947 2545 1183 2580 Cantacuzeni
1204 2556 1323 2579 manu.
1370 2544 1498 2578 Recisa
1521 2548 1621 2586 sunt,
1653 2555 1744 2589 quae

261 2586 312 2620 ad
332 2598 406 2620 rem
428 2587 542 2621 minus
567 2589 801 2632 pertinebant.
850 2591 999 2626 Caetera
1022 2593 1179 2627 ornatius
1204 2592 1391 2626 enunciata
1416 2591 1488 2636 (3).
1538 2591 1745 2624 Patriarcha

260 2633 394 2667 minore
422 2634 565 2668 tandem
588 2637 694 2680 fastu
726 2638 920 2680 respondet.
968 2641 1050 2674 Sese
1075 2645 1109 2674 et
1135 2639 1416 2673 Cantacuzenum
1435 2639 1568 2683 partim
1592 2643 1745 2680 excusat,

255 2680 390 2724 partim
413 2681 570 2715 damnat.
618 2682 735 2717 Rebus
758 2684 867 2728 lapsis
884 2687 1151 2721 succurrendum
1169 2691 1293 2720 censet.
1336 2685 1460 2719 Pacem
1474 2686 1653 2719 suadendo
1669 2685 1745 2718 An-

258 2738 343 2761 nam
365 2728 522 2772 offendit.
569 2728 686 2764 Huius
708 2730 746 2764 in
766 2730 1045 2766 Cantacuzenum
1069 2739 1104 2768 et
1122 2734 1247 2767 Irenen
1265 2732 1394 2774 odium,
1419 2744 1460 2766 cx
1481 2733 1653 2777 zelotypia
1676 2742 1745 2765 na-

258 2777 355 2815 tum;
382 2777 468 2818 fons
488 2775 660 2810 malorum
682 2778 846 2812 omnium.
893 2778 1125 2814 Patriarchae
1147 2785 1267 2814 tamen
1290 2784 1325 2814 et
1342 2779 1447 2814 totius
1469 2780 1588 2813 curiae
1605 2779 1746 2823 Byzan.-

258 2820 357 2855 tinae
389 2821 536 2866 gravior
566 2835 673 2869 quam
695 2825 819 2859 Annae
851 2826 953 2869 culpa
981 2824 1051 2871 (4).
1113 2827 1376 2861 Cantacuzenus
1398 2827 1591 2871 Selybriam
1622 2827 1660 2860 in
1683 2826 1747 2860 de-

259 2866 427 2903 ditionem
445 2869 583 2916 accipit.
617 2871 798 2908 Orestiade
817 2871 862 2907 ab
880 2872 1195 2919 Hierosolymitano
1214 2873 1423 2920 patriarcha
1445 2878 1643 2910 coronatur.
1673 2873 1746 2917 By-
