1794 3172
274 157 407 207 1146
463 165 695 210 NICEPH.
725 164 902 210 GREG.
933 163 1081 210 mssr.
1110 145 1358 212 ΒῩΖΑΝΤ,
1388 165 1549 213 xxlv.
1566 175 1605 216 2.

51 280 89 315 A.
106 281 152 316 Μ.
172 279 263 318 6859
276 274 325 320 ἂν
347 272 506 335 φθάνοι
527 274 603 326 τὰς
622 273 819 326 Μωσέως
837 276 906 319 καὶ
922 275 1068 332 Δαβὶδ
1085 276 1153 320 καὶ
1172 272 1313 328 ποῖσας
1333 274 1566 329 ’Ῑουδαῖκᾶς
1587 277 1759 337 διαγρά-

69 325 368 412 ΑἸῐὲἒδὸιφων
394 348 593 402 βίβλους,
627 343 699 389 ἅτε
721 344 889 404 χρόνοις
908 344 1083 402 ὕστερον
1104 344 1355 404 ἔκκηρύκτου
1377 345 1664 399 καταστάντος
1685 354 1760 393 τοῦ

57 417 482 465 ῐωρ-ῐο-Οῆῐι-Ἰουδαίων
502 414 652 465 ἔθνους
669 413 780 471 ἡμῖν.
818 417 891 459 καί
907 434 980 470 μοι
999 414 1231 472 θαυμάζειν
1250 418 1452 474 περίεστι,
1487 421 1576 468 πῶς
1595 417 1758 461 Νεστό-

87 472 194 502 tacuz.
208 467 266 548 51„
279 504 367 545 ριον
393 486 469 540 μὲν
498 486 567 528 καὶ
586 483 897 541 Εἶκονομάχους
922 485 1054 529 τᾶλλα
1077 489 1267 543 ζηλοῦσιν
1304 486 1469 540 αὐτοῖς,
1510 480 1543 547 ᾧ
1576 485 1759 543 μάλιστά

274 574 318 614 γε
339 557 461 613 ἐχρῆν
487 553 678 599 ὁπωσοῦν
700 556 879 615 ἐχομένῳ
905 557 1124 617 φιλαυτία,
1159 555 1202 600 ἓν
1230 552 1367 616 τούτῳ
1393 554 1578 612 μάλιστα
1610 559 1788 614 ζηλοῦν5

271 626 320 670 οὐ
342 626 548 683 γεγένηται
568 629 654 669 νῦν.
701 625 779 682 τὴν
797 626 877 683 γὰρ
902 630 978 668 τοῦ
1001 630 1106 670 θεοῦ
1127 623 1252 683 λόγου
1274 626 1512 684 συγχέοντες
1541 626 1759 685 ε’νανθριό-

271 713 396 752 πησιν
427 697 592 749 ἐκεῖνοι,
637 696 705 739 καὶ
732 695 809 747 τὰς
837 696 958 746 θείας
987 697 1031 739 ἐκ
1056 696 1186 751 με’σου
1215 701 1428 747 ποιοῦντες
1451 694 1611 747 εἰκόνας
1620 730 1633 750 ,
1678 696 1758 741 ὅσα

117 778 160 814 Ρ.
181 774 249 814 717
271 767 528 823 μουσουργοὶ
547 766 614 808 καὶ
636 764 887 824 λογογράφοι
918 769 971 824 τῇ
1002 766 1195 827 ἐκκλησίᾳ
1214 767 1558 810 καταλελοίπασιν
1588 766 1758 828 ᾄσματα

271 838 340 882 καὶ
358 833 529 893 λόγους,
564 833 724 879 τούτων
754 836 797 878 δ’
832 835 951 879 οὐδὲν
978 835 1142 892 οὐδαμῆ
1164 833 1483 893 συνεξώθησαν·
1527 836 1626 879 ἀλλ’
1653 833 1758 895 ᾖδον

269 908 338 951 καὶ
362 907 538 962 ἐτησίοις
566 905 773 963 ἐγέραιρον
791 904 1078 963 πανηγύρεσιν.
1117 900 1231 950 οὗτοι
1262 907 1331 960 δὲ,
1365 903 1415 950 τό
1434 923 1576 964 σφισιν
1600 907 1751 958 εἰωθὸς
1765 917 1794 952 1(

272 976 494 1022 κάνταῦθα.
529 982 657 1018 ποιεῖν
685 975 848 1033 οὐδαμῆ
878 992 920 1033 γε
947 976 1159 1027 ὀκνοῦντες
1168 1009 1182 1029 ,
1217 978 1286 1019 καὶ
1306 974 1440 1034 ταύτῃ
1463 975 1674 1027 κάκείνους
1702 981 1755 1034 τῇ

271 1047 395 1107 κακίᾳ
419 1049 692 1104 φιλονεικοῦσι
713 1049 888 1102 νικῆσαι.
935 1043 1108 1102 αἰσχύνη
1128 1046 1207 1103 γὰρ
1230 1050 1379 1100 τοῦτο,
1417 1047 1486 1089 καὶ
1507 1044 1623 1101 μάλα
1650 1044 1757 1090 ἀπό-

269 1121 425 1172 βλητον
447 1114 547 1159 εἶναι
576 1115 780 1170 νομίζεται
802 1119 992 1176 Παλαμᾷ
1005 1147 1018 1169 ,
1051 1116 1165 1173 καθή
1190 1114 1323 1160 ὁπόσα
1346 1123 1433 1166 τοῖς
1457 1115 1652 1174 ἆρχηγοῖς
1672 1120 1756 1160 τῶν

218 1195 260 1230 Β
273 1186 467 1242 αἱρέσεων
499 1183 667 1241 εῧρηται
697 1185 860 1241 σπέρμα
885 1187 1127 1240 δυσσεβείας
1152 1186 1393 1243 ἀρκεῖσθαι,
1435 1187 1472 1229 εἷ
1492 1186 1552 1241 μὴ
1579 1187 1646 1229 καὶ
1678 1185 1756 1242 τὴν

265 1256 370 1314 παρ’
408 1254 558 1299 ἑαυτοῦ
589 1255 846 1313 συνεισφέροι
876 1256 1021 1298 κακίαν
1052 1256 1115 1297 ἐπὶ
1147 1257 1282 1316 κακίᾳ.
1329 1254 1490 1312 ε’νεργόν
1513 1255 1592 1312 γὰρ
1616 1254 1677 1298 ἀεὶ
1701 1255 1750 1299 τὸ
1767 1264 1794 1300 1ἐ

268 1323 486 1385 φιλότιμον
509 1322 531 1368 ὅ
551 1324 657 1384 ἀνὴρ
676 1326 923 1370 ἐνδείκνυται
932 1358 946 1380 ,
980 1330 1170 1383 πανταχῆ
1191 1323 1352 1376 πάντας
1379 1324 1532 1376 κακοὺς
1549 1325 1592 1368 ἐν
1611 1332 1753 1376 κακοῖς

265 1393 555 1454 ὑπερβάλλων.

265 1531 378 1578 piam,
401 1528 479 1564 fieri
496 1541 564 1564 non
581 1531 724 1576 posset,
745 1529 827 1576 quin
853 1528 1012 1575 protinus
1032 1527 1167 1572 Mosis,
1200 1527 1366 1571 Davidis‚
1400 1530 1436 1563 et
1463 1539 1580 1564 omnes
1604 1527 1754 1564 Iudaeo-

264 1588 340 1613 rum
367 1577 472 1611 libros
500 1577 738 1619 oblitteraret,
769 1583 889 1623 utpote
918 1589 992 1611 cum
1022 1577 1223 1623 iampridem
1249 1576 1454 1611 Iudaeorum
1486 1588 1571 1621 gens
1597 1588 1618 1611 a
1648 1577 1748 1610 nobis

266 1625 426 1659 damnata
448 1627 483 1658 et
503 1624 698 1670 proscripta
715 1624 833 1658 fuerit.
882 1624 928 1658 Et
947 1625 1011 1658 hoc
1036 1624 1116 1658 mihi
1140 1624 1244 1659 valde
1271 1624 1392 1658 mirum
1410 1623 1559 1664 accidit,
1582 1623 1752 1669 quomodo

263 1671 465 1707 Nestorium
489 1675 524 1704 et
541 1670 783 1705 Iconomachos
798 1671 834 1705 in
854 1671 931 1705 aliis
951 1671 1184 1712 aemulentur,
1207 1683 1270 1705 nec
1288 1675 1402 1705 tamen
1420 1669 1557 1704 eosdem
1579 1682 1669 1704 nunc
1687 1681 1749 1704 ae-

265 1718 383 1752 mulati
402 1717 551 1759 fuerint,
576 1718 639 1752 hac
659 1718 862 1764 praesertim
879 1717 913 1751 in
932 1728 993 1760 re,
1020 1718 1057 1752 in
1077 1729 1145 1764 qua
1166 1717 1243 1752 iilos
1264 1716 1428 1752 aemulari
1448 1715 1592 1751 deberet
1613 1716 1643 1750 is
1658 1741 1669 1758 ‚
1691 1715 1753 1762 qui

265 1765 500 1811 qualicunque
533 1764 585 1798 sui
623 1776 738 1799 amore
762 1768 952 1801 teneretur.
1009 1765 1100 1799 Nam
1127 1763 1210 1799 licet
1240 1764 1306 1798 Dei
1341 1763 1450 1797 Verbi
1480 1763 1750 1797 incarnationem

266 1816 464 1845 everterent
479 1811 696 1846 Iconomachi
708 1837 719 1854 ‚
741 1816 778 1846 et
796 1812 930 1846 divinas
952 1811 1120 1856 imagines
1138 1823 1158 1846 e
1177 1811 1289 1846 medio
1308 1810 1481 1851 tollerent,
1505 1814 1656 1844 attamen
1676 1809 1755 1843 nul-

265 1858 317 1892 los
334 1858 498 1902 bymnw,
523 1858 632 1892 nullas
660 1858 837 1900 homilias,
864 1859 956 1892 nulla
983 1857 1142 1900 cantica,
1166 1871 1211 1893 ex
1237 1858 1280 1891 iis
1307 1869 1398 1903 quae
1416 1857 1608 1902 scriptores
1630 1857 1753 1890 huius-

266 1904 360 1939 modi
377 1916 517 1949 operum
537 1904 706 1940 ecclesiae
726 1905 959 1950 reiiquerunt,
984 1905 1186 1939 abolevere:
1212 1904 1311 1939 immo
1340 1904 1507 1938 canebant
1531 1907 1567 1937 et
1591 1903 1753 1938 anniver-

267 1950 370 1984 sariis
389 1951 601 1986 honorabant
619 1952 902 1988 solemnitatibus,
950 1955 996 1986 At
1012 1963 1094 1986 vero
1111 1962 1187 1986 cum
1206 1951 1394 1986 Paiamitas
1406 1975 1417 1993 ,
1443 1949 1535 1995 quod
1563 1950 1614 1983 sui
1645 1949 1751 1984 motis

266 2001 343 2038 est,
366 1997 421 2031 hic
439 1997 541 2032 etiam
560 2004 764 2045 perpetrare
786 1999 983 2044 neutiquam
1006 1998 1147 2044 pigeat,
1170 1997 1240 2032 ista
1267 2009 1404 2044 quoque
1421 1997 1667 2031 Iconomacbos
1686 1996 1751 2031 im-

266 2043 440 2089 probitate
468 2056 634 2090 superare
655 2045 877 2080 contendunt.
926 2046 1132 2079 Probx-osum
1162 2044 1249 2079 enim
1271 2050 1308 2080 et
1334 2043 1566 2079 reiectaueum
1589 2043 1752 2078 Palamae

265 2089 423 2131 videtur,
448 2090 514 2125 sibi
544 2092 629 2127 satis
658 2093 784 2127 habere
803 2104 1027 2138 quaecunque
1055 2092 1098 2126 ab
1118 2093 1306 2126 haereseon
1334 2092 1480 2126 ducibus
1498 2095 1641 2135 reperta
1671 2094 1752 2124 sunt

267 2137 396 2170 semina
411 2137 623 2182 impietatis,
647 2138 713 2173 nisi
733 2139 866 2173 iliorum
892 2138 1104 2182 improbitati
1124 2150 1219 2173 suam
1240 2150 1376 2184 quoque
1393 2137 1650 2183 improbitatem
1669 2148 1752 2170 con-

269 2182 360 2217 ferat
379 2188 415 2217 et
432 2184 608 2229 adiungat.
653 2185 813 2231 Namque
830 2189 1005 2220 actuosam
1027 2197 1161 2231 semper
1184 2185 1403 2221 ambitionem
1423 2195 1508 2232 prae
1527 2195 1566 2219 se
1591 2183 1661 2218 fert
1678 2183 1750 2218 Pa-

268 2229 394 2272 lamas,
415 2235 453 2264 et
472 2231 601 2267 malitia
617 2232 723 2267 malos
743 2244 859 2267 omnes
882 2232 1011 2279 ubique
1027 2237 1183 2280 superat.
