1794 3172
250 111 351 159 832
638 114 955 162 NICEPHORI
986 113 1312 160 GREGORAE

29 237 66 270 A.
87 238 130 270 M.
148 236 242 274 6856
252 229 321 272 καὶ
340 224 402 279 οἷς
420 225 602 283 ἐμμένειν
616 224 751 283 χρεὼν
764 225 952 268 ἐδίδασκε
976 221 1158 281 δόγμασί
1172 241 1216 267 τε
1235 225 1302 266 καὶ
1320 219 1569 282 γράμμασιν.
1594 221 1731 269 ἔπειτα

38 296 41 299 .
84 285 152 317 1nd.
169 285 191 321 1
253 299 289 341 εἲ
312 295 403 348 τοῖς
422 296 635 355 προτέροις
657 292 860 346 καθάπαξ
878 298 962 337 τῶν
994 292 1073 337 ὅσα
1093 290 1318 351 πράττεται
1344 298 1446 337 πᾶσι
1471 293 1547 349 τὴν
1567 298 1641 336 τοῦ
1667 296 1732 336 δι-

250 368 370 411 καίου
391 367 516 416 δίδως
544 364 691 424 ῥοπὴν,
720 363 799 422 ὅρα
823 363 882 419 μὴ
905 362 1014 406 καθ’
1038 361 1190 406 ἑαυτοῦ
1210 363 1286 419 τὴν
1304 366 1453 421 ψῆφον
1473 363 1628 420 ἐγείρῃς
1646 366 1729 406 τῶν

211 435 389 492 Βνόμων
411 440 496 479 τῶν
529 439 637 487 σῶν,
668 435 736 477 καὶ
768 440 858 483 ταΐς
881 433 1005 482 ἰδίαις
1034 434 1166 483 δίκαις
1190 433 1285 491 γένῃ
1316 431 1536 488 περιπετὴς
1559 433 1601 475 ἐν
1619 436 1730 489 βρα-

243 512 319 564 χεΐ.
358 505 397 549 οἶ
416 504 495 563 γὰρ
515 504 645 546 ἐκεῖνα
665 503 719 546 τὰ
746 507 892 561 πρῶτα
913 506 988 545 τοῦ
1009 505 1201 557 Παλαμᾶ
1230 499 1536 557 βεβαιώσαντες
1560 502 1758 551 {alono-5

246 593 318 619 ποι
339 572 581 633 γράμματα,
619 566 817 616 οὗτοικαὶ
839 571 945 614 κατὰ
968 569 1135 616 πάντων
1150 569 1364 627 Ῥωμαίων
1389 569 1621 629 ἐγγράφους
1637 568 1731 626 ἐξή-

246 661 393 701 νεγκαν
421 640 578 696 τόμους
606 643 675 685 καὶ
703 638 946 699 πολύτροποί
982 657 1074 684 τινα
1106 640 1159 684 τὰ
1188 641 1468 699 ψηφίσματα·
1507 639 1568 683 δι’
1593 634 1651 683 ὧν
1671 644 1732 699 τῷ

248 714 401 772 αῗωνίῳ
430 714 530 770 πυρὶ
561 711 861 770 παρέπεμψαν,
895 710 938 753 εἷ’
962 727 1068 761 τινες
1090 708 1180 764 εἷεν,
1204 708 1265 761 οἷς
1288 710 1393 768 πρὸς
1409 707 1650 766 βουλήσεως
1669 709 1730 765 εἴη

246 782 320 826 τὸν
340 779 687 837 Καντακουζηνόν
709 798 753 824 σε
773 779 948 835 βασιλέα
971 797 1014 824 τε
1035 780 1232 836 δέχεσθαι
1253 781 1321 823 καὶ
1339 778 1596 836 Χριστιανὸν
1622 779 1730 822 ἀπο-

247 856 408 895 καλεῖν·
446 853 488 895 ἔν
516 849 703 909 ὑστέροις
735 850 779 894 δ’
811 847 998 893 ἀκόντων
1032 849 1172 892 αὐτῶν
1207 850 1384 906 ἐγκρατῆ
1417 846 1612 906 γεγονότα
1643 852 1728 892 τῶν
1742 860 1788 896 10

212 922 244 957 C
252 922 472 978 βασιλείων
495 918 715 978 σκήπτρων
744 920 813 962 καὶ
839 916 1010 976 θρόνων
1038 917 1153 969 ὅλαις
1176 916 1424 976 ἀνηγόρευον
1444 917 1620 974 βασιλέα
1638 934 1731 975 φω-

249 997 367 1044 ναῖς,
401 990 529 1048 μικρὰ
557 994 641 1033 τῶν
668 989 826 1032 οἰκείων
857 988 1018 1032 ἐκείνων
1047 988 1159 1046 ἀρῶ-ν
1180 989 1488 1047 φροντίσαντες.
1527 989 1562 1031 εἰ
1581 981 1655 1031 οὖν
1676 987 1731 1031 τὰ

247 1058 453 1118 πρότερα,
488 1058 595 1103 κατὰ
617 1058 693 1109 τὰς
716 1058 794 1109 σὰς
815 1059 956 1112 δίκας,
991 1062 1076 1102 τῶν
1097 1056 1328 1102 ἐπισκόπων
1351 1058 1610 1116 ψηφίσματα
1628 1056 1730 1100 κᾶν·

247 1133 395 1179 ταῦθα
417 1129 590 1187 κρατοίη
624 1130 692 1171 καὶ
711 1126 958 1186 βεβαιότερα
978 1132 1062 1172 τῶν
1078 1125 1262 1185 ’ὗστέρων
1282 1126 1342 1184 εἴη
1355 1160 1368 1181 ,
1393 1126 1470 1184 ἐγώ
1489 1127 1565 1182 μὲν
1584 1126 1659 1170 οὒκ
1677 1125 1730 1169 ἂν

249 1198 423 1254 εἴποιμι·
460 1197 512 1242 σὺ
536 1197 580 1241 δ’
605 1197 730 1249 αὐτὸς
751 1197 940 1257 ἀρῥεπῶς
962 1199 1152 1252 δίδαξον,
1184 1196 1264 1254 ὅπη
1282 1203 1414 1256 χωρεῖ
1427 1196 1481 1240 τὰ
1500 1200 1577 1253 τῆς
1596 1213 1728 1240 κατα-
1740 1209 1786 1245 15

251 1269 369 1324 δίκης
387 1271 633 1327 περιφανῶς.
672 1269 787 1311 δυοΐν
808 1267 887 1326 γὰρ
910 1266 1042 1312 ἓ’ποιτ’
1069 1266 1120 1311 ἂν
1140 1265 1348 1324 θάτερον,
1382 1268 1417 1310 εἲ
1438 1265 1545 1323 πηγὴ
1571 1267 1730 1310 δικαιο-

250 1335 377 1394 σύνης
396 1335 637 1395 πρυτανεῦει
658 1337 755 1388 τούς
773 1341 849 1394 τῆς
878 1338 994 1394 δίκης
1016 1335 1186 1396 ῥύακας.
1225 1336 1251 1393 ἢ
1273 1336 1351 1394 γὰρ
1377 1335 1599 1379 κάνταῦθα
1622 1353 1729 1393 προ-

206 1404 436 1465 Βτιμότερ’
460 1406 510 1450 ἂν
532 1409 703 1464 θείημεν
722 1407 776 1450 τὰ
794 1411 955 1465 πρῶτα,
988 1406 1095 1451 κατὰ
1113 1406 1189 1463 τὴν
1206 1406 1283 1462 σὴν
1303 1405 1370 1449 ἐπ’
1397 1406 1561 1456 ἐκείνοις
1579 1406 1726 1462 κρίσιν·

248 1478 318 1520 καὶ
346 1480 592 1532 βεβαιοῦται
625 1477 767 1520 λοιπὸν
800 1474 822 1521 ὃ
855 1477 962 1520 κατὰ
987 1475 1200 1533 Ῥωμαίων
1231 1472 1539 1533 ἓκφωνοῦμενος
1572 1475 1727 1518 ἐκεῖθεν

247 1545 591 1602 ἄναθεματισμὸς
609 1547 677 1590 διὰ
697 1546 756 1600 σὲ,
779 1547 849 1590 καὶ
871 1545 959 1602 ἅμα
978 1545 1122 1591 λύεταί
1138 1561 1203 1589 σοι
1219 1544 1267 1588 τὸ
1286 1548 1361 1600 τῆς
1377 1545 1590 1599 βασιλείας
1609 1545 1727 1599 ἷσχυ-
1737 1555 1785 1590 20

249 1614 324 1673 ρὸν
342 1616 385 1658 ἐν
412 1620 566 1672 βραχεῖ
592 1616 668 1659 σὺν
696 1620 748 1674 τῇ
777 1615 984 1676 εὐσεβείᾳ·
1020 1614 1047 1671 ἢ
1076 1619 1160 1658 τῶν
1183 1614 1394 1672 προτέρων
1418 1613 1723 1669 ἀθετουμένων,

248 1683 318 1728 διὰ
335 1684 383 1728 τὸ
403 1689 479 1740 τῆς
500 1689 767 1743 συναρπαγῆς
789 1686 858 1727 καὶ
879 1689 955 1740 τῆς
976 1682 1137 1740 ἀπάτης
1157 1682 1360 1740 ἴγκλημα,
1391 1685 1458 1726 σοὶ
1478 1684 1554 1739 μὲν
1573 1687 1726 1740 κυροῦ-

247 1770 317 1796 ται
338 1752 387 1797 τό
409 1758 486 1810 τῆς
511 1755 725 1809 βασιλείας
754 1751 907 1811 κράτος
931 1753 972 1804 ἐς
999 1753 1047 1797 τὸ
1077 1753 1225 1797 ἀθῶον
1257 1752 1362 1808 μετὰ
1383 1756 1460 1808 τῆς
1492 1752 1723 1807 εὐσεβείας·

249 1820 418 1866 λύονται
432 1822 478 1870 ,δ’
512 1824 556 1866 αἱ
575 1827 650 1867 τοῦ
674 1826 864 1878 Παλαμᾶ
887 1823 1153 1882 καινοφωνιάι
1163 1855 1177 1876 ,
1210 1819 1403 1880 καθάπερ
1430 1819 1451 1866 ὅ
1474 1826 1550 1879 τῆς
1571 1819 1725 1866 Χαλά-

341 1910 375 1945 3.
399 1909 514 1952 δίδως
535 1910 635 1945 Boiv.
659 1922 721 1956 pro
747 1910 888 1946 δίδωσι.

250 1976 377 2022 quibus
394 1977 643 2013 inhaerendum
662 1982 755 2013 esset
772 1977 941 2025 dogmatis
963 1978 1255 2025 praescriptisque
1275 1977 1443 2013 docuerit.
1489 1978 1561 2014 Iam
1575 1989 1671 2020 vero,
1694 1977 1726 2012 si

250 2023 296 2057 iis
341 2036 456 2059 torsus
481 2026 635 2060 omnibus
659 2025 813 2060 iustitiae
836 2026 940 2061 robur
957 2025 1103 2067 tribuis,
1128 2037 1216 2071 quae
1237 2026 1335 2071 prius
1362 2030 1442 2060 acta
1462 2025 1614 2067 fuerint,
1638 2037 1725 2059 cave

248 2081 294 2103 ne
332 2082 428 2115 egum
449 2076 581 2106 tuarum
600 2072 770 2117 suffragia
792 2072 828 2106 in
843 2077 881 2107 te
898 2071 1009 2117 ipsum
1027 2077 1165 2113 vertas,
1191 2076 1227 2106 et
1246 2071 1388 2118 propria
1412 2071 1583 2106 sententia
1608 2072 1724 2106 statim

249 2115 327 2161 ipse
346 2117 507 2152 tenearis.
556 2118 628 2160 Qui
648 2117 736 2153 enim
754 2118 909 2164 episcopi
926 2118 1044 2164 priora
1062 2118 1121 2153 illa
1139 2118 1300 2153 Palamae
1318 2118 1450 2163 scripta
1469 2119 1724 2160 confirmarunt,

247 2161 278 2196 :ii
297 2162 401 2198 etiam
421 2164 569 2209 scriptos
596 2165 725 2199 Tomos
749 2169 786 2199 et
813 2166 914 2200 varia
937 2165 972 2198 in
993 2176 1108 2199 omnes
1124 2164 1296 2200 Romanos
1320 2164 1462 2199 edidere
1478 2165 1638 2206 decreta,
1662 2175 1725 2210 per

248 2219 340 2254 quae
358 2210 567 2254 sempiterno
584 2210 659 2255 igni
675 2211 946 2253 devovebantut‚
964 2211 993 2245 si
1013 2211 1072 2258 qui
1089 2215 1216 2254 essent,
1234 2211 1358 2258 quibus
1374 2211 1651 2246 Cantacuzenum
1669 2211 1725 2255 (te

248 2254 362 2299 ipsum
381 2255 534 2301 scilicet)
560 2261 595 2290 et
610 2257 850 2302 imperatorem
871 2258 1033 2303 agnosci,
1055 2262 1090 2293 et
1111 2258 1344 2293 Christianum
1363 2258 1529 2304 appellari
1551 2258 1724 2303 placeret:

247 2300 423 2348 iidemque
441 2306 479 2337 te
497 2303 707 2348 postmodum
717 2310 734 2346 ‚'
752 2316 826 2339 cum
848 2304 968 2339 invitis
984 2305 1028 2339 iis
1051 2309 1188 2350 sceptro
1209 2310 1246 2340 et
1264 2305 1351 2339 solio
1368 2305 1500 2351 potitus
1518 2315 1633 2346 esses,
1659 2303 1726 2338 im-

248 2352 446 2402 peratorem
464 2360 532 2384 una
549 2361 647 2391 voce,
669 2350 740 2385 suis
757 2350 825 2385 illis
836 2351 1131 2386 exsecrationibus
1142 2351 1242 2398 parvi
1261 2351 1378 2393 factis,
1401 2351 1656 2386 renunciarunt.
1684 2350 1726 2385 Si

247 2394 372 2439 lgitur,
391 2400 431 2430 ut
442 2399 481 2430 tu
498 2396 664 2438 statuisti,
682 2397 801 2442 priora
818 2397 1052 2444 episcoporum
1070 2398 1211 2433 decreta
1229 2397 1332 2432 otiam
1348 2397 1405 2432 hic
1421 2397 1582 2439 valeant,
1608 2402 1644 2431 et
1659 2408 1726 2442 po-

248 2440 456 2477 sterioribus
473 2442 625 2478 firmiora
642 2443 731 2486 sint,
756 2457 821 2490 ego
841 2444 977 2490 quidem
997 2445 1098 2479 nolim
1119 2444 1255 2486 dicere3
1279 2449 1319 2478 tu
1340 2455 1424 2479 vero
1441 2443 1518 2489 ipse
1543 2443 1637 2478 haud
1658 2443 1726 2477 du-

248 2486 328 2521 bius
350 2487 472 2523 doceto
491 2500 568 2532 nos,
593 2500 754 2534 quorsum
774 2491 834 2525 illa
851 2491 1038 2528 interdicta
1056 2495 1177 2537 aperte
1198 2490 1357 2525 evadant.
1390 2490 1544 2525 Duorum
1563 2489 1650 2524 enim
1672 2489 1725 2524 al·-

248 2538 361 2568 terum
380 2538 546 2581 sequatur
560 2547 703 2570 necesse
722 2541 796 2580 est,
821 2537 851 2571 si
869 2537 1031 2572 iudicium
1052 2539 1201 2573 feramus
1220 2549 1263 2571 ex
1279 2536 1356 2583 ipso
1376 2536 1534 2571 iustitiae
1553 2537 1648 2572 fonte
1663 2536 1727 2570 de-

248 2580 412 2616 rivatum.
460 2582 601 2628 Quippe
619 2586 679 2617 aut
697 2582 752 2618 hic
774 2595 912 2630 quoque
929 2584 1064 2629 potiora
1083 2583 1282 2619 habebimus
1303 2595 1357 2626 ea,
1380 2594 1469 2629 quae
1488 2583 1606 2629 priora
1630 2587 1725 2624 sunt,

250 2627 389 2672 sequuti
410 2630 502 2663 tuum
519 2629 563 2664 de
578 2628 655 2664 aliis
674 2628 743 2664 illis
763 2629 944 2672 iudicium3
967 2635 1072 2677 atque
1088 2631 1139 2665 ita
1155 2630 1412 2665 confirmabitur
1427 2630 1561 2665 demum
1580 2629 1726 2663 anathe-

252 2673 429 2710 matismus
446 2675 483 2709 in
501 2676 673 2710 Romanos
689 2675 743 2711 tui
760 2676 839 2710 odio
859 2677 941 2711 inde
960 2677 1217 2723 pronunciatuS,
1240 2680 1277 2711 et
1292 2676 1390 2711 simul
1407 2675 1623 2711 auctoritatis
1641 2679 1725 2709 tuae

249 2720 356 2754 robur
376 2732 451 2756 cum
474 2733 580 2757 verae
593 2722 735 2768 pietatis
752 2722 854 2758 laude
877 2728 1081 2766 evanescet5
1106 2727 1168 2758 aut
1190 2723 1247 2764 iis,
1265 2734 1354 2768 quae
1373 2723 1491 2768 priora
1506 2726 1600 2764 sunt,
1624 2721 1725 2755 nihili

249 2766 373 2808 sactis,
395 2772 540 2814 propter
560 2768 772 2814 obneptionis
790 2774 828 2804 et
850 2769 983 2804 fraudis
1003 2771 1150 2811 crimen,
1172 2769 1236 2804 tibi
1261 2769 1396 2815 quidem
1417 2767 1636 2814 imperatoria
1661 2779 1725 2802 au-

249 2813 395 2849 ctoritas
414 2817 451 2849 et
470 2815 613 2862 pietatis
638 2815 715 2852 laus
735 2815 870 2852 illibata
891 2816 1085 2866 asseriturg,
1109 2816 1271 2853 Palamae
1293 2820 1408 2852 autem
1427 2819 1638 2858 commenta,
1660 2825 1723 2849 ve-
