1794 3172
369 108 688 158 HISTORIAE
717 108 1093 155 BYZANTINAE
1120 105 1224 156 201.
1252 115 1293 158 6.
1445 102 1544 152 991

65 220 146 280 γὰρ
176 220 400 280 ἀνίσχυρον
426 220 633 265 ἐνταυθοῖ
653 219 729 276 τὴν
764 219 809 263 ἔκ
833 217 966 277 λόγων
990 217 1139 265 πειθιό.
1180 221 1250 264 καὶ
1278 216 1412 282 ῥᾴονα
1426 216 1540 264 πάν-
1559 228 1599 263 Δ.
1616 230 1655 263 c.
1676 227 1765 265 1351

64 307 149 334 των
175 289 313 334 ἄλλων
338 289 498 349 εὕρισκε
526 287 682 347 τρόπον
712 288 882 343 οὐδένα,
919 289 998 346 τὴν
1024 291 1223 347 ταχίστην
1253 277 1766 357 o’mooxevoioa-mggffgn·

65 364 171 404 σθαι
189 358 350 410 πάντας
366 358 478 416 ἡμᾶς
487 392 502 415 ,
534 359 563 416 ’ἢ
593 358 700 403 καθ’
720 357 772 410 ἃς
790 356 815 402 ὅ
833 362 1049 415 Παλαμᾶς
1067 377 1112 404 τε
1132 359 1248 420 αὐτῷ
1284 357 1545 418 προεζωγρά-

65 446 198 487 φησεν
225 427 447 486 ὖποθήκας
479 430 549 472 καὶ
578 427 705 479 αὗτός
734 426 817 484 ἤδη
847 429 968 490 πείρα
990 427 1236 486 μεμάθηκεν
1268 429 1463 488 ἀκριβῶς.
1500 430 1546 473 αἱ

33 499 113 542 ὄδὲ
142 493 252 555 ἦσαν
284 498 628 556 ἀποψηφίζεσθαι
660 499 811 556 κομιδῇ
833 498 910 554 τὴν
949 498 1019 542 διὰ
1052 503 1268 557 γραφικῶν
1294 499 1544 551 ἀποδείξεων

62 567 145 623 ἤδη
165 565 363 620 διάλεξιν·
398 566 547 624 ἣκιστα
575 566 656 624 γὰρ
683 565 789 610 εἷναί
816 583 958 625 σφισιν
985 568 1179 612 ἐντεῦθεν
1209 568 1286 619 τὰς
1317 567 1544 624 ἀποβάσεις
1564 578 1607 616 P.
1626 579 1697 616 623

62 633 376 688 λυσιτελοῦσας·
411 640 576 680 θᾶττον
595 635 675 694 γὰρ
694 635 746 679 ἂν
769 641 923 681 παθεῖν
939 635 1019 695 ὑφ’
1042 636 1162 694 ἡμῶν
1182 637 1358 692 αὐτοὺς,
1388 637 1417 682 ἃ
1438 640 1545 699 δρζίν

62 705 172 749 καθ’
194 703 314 762 ἡμῶν
330 706 592 763 ἐμελέτησαν,
615 705 642 762 ἢ
664 708 770 766 δρᾷν
789 706 816 750 ἃ
835 711 990 750 παθεῖν
1007 705 1119 763 ἡμᾶς
1131 708 1390 764 ἐμελέτησαν.
1421 708 1543 751 συνέ-

60 779 189 819 θεντο
210 775 253 818 δ’
277 776 427 827 ἐξῶσαι
446 780 523 819 τοῦ
543 775 758 833 συνεδρίου
775 778 844 819 καὶ
864 776 938 820 τὸν
951 774 1095 835 Τύρου
1112 777 1346 831 ἐπίσκοπον,
1369 781 1445 821 τοῦ
1457 781 1543 821 τῶν

4 843 294 901 ΙΟἈντιοχέων
313 843 571 903 πατριάρχου
586 845 638 889 τὰ
657 846 796 888 δίκαια
814 846 995 903 φέροντα
1008 860 1018 870 ·
1039 848 1075 889 εἰ
1089 845 1131 889 δ’
1152 846 1351 902 ἐπιμένων
1361 847 1542 890 ἕνίσται-

58 931 131 968 το,
155 913 494 972 προβαλλόμενος
510 915 585 971 τὴν
609 915 761 958 ἐκείνου
785 915 892 958 κατὰ
911 919 987 958 τοῦ
1006 918 1198 971 Παλαμᾶ
1227 917 1474 974 καθαίρεσίν
1495 933 1540 960 τε

58 985 126 1026 καὶ
145 982 423 1042 ἀποκήρυξιν,
454 983 638 1028 κάκεῖνον
661 984 775 1043 αὐτῷ
797 988 1066 1040 συγκαθελεῖν
1087 984 1217 1036 εὐθὺς
1236 987 1304 1028 καὶ
1324 989 1401 1041 τῆς
1417 982 1579 1041 ἧμῶνΒ

57 1053 236 1108 ἐκτεμεῖν
247 1055 474 1110 ἐκκλησίας.
521 1053 597 1114 (I.)
618 1052 750 1097 (Ὅθεν
767 1053 917 1107 ἔδοξεν,
938 1052 1084 1112 ὕβρεσι
1102 1055 1171 1098 καὶ
1192 1056 1408 1110 διαβολαῖς
1429 1053 1538 1098 ἀπο-

56 1123 374 1179 σκευασαμένοις
390 1120 591 1180 πρότερον
606 1121 720 1179 ἡμᾶς
739 1121 1110 1181 ἐκπληκτικῶτερον
1125 1121 1295 1182 τρόπον,
1307 1123 1416 1168 καθ’
1430 1121 1539 1180 ἦσν-
1569 1155 1571 1157 -

0 1195 46 1233 15
54 1193 151 1247 χίαν
167 1193 432 1249 ψηφίζεσθαί
439 1209 482 1236 τε
500 1194 568 1235 καὶ
589 1194 845 1249 δογματίζειν
865 1192 917 1236 τὰ
935 1194 1100 1237 τοιαῦθ’
1125 1193 1291 1237 ἅπαντα
1305 1192 1414 1237 κατὰ
1429 1190 1535 1246 βοό-

55 1265 188 1317 λησιν,
199 1260 338 1318 μηκέτ’
361 1260 481 1313 ὄντος
494 1260 541 1313 ὃς
560 1260 850 1318 ἀπιστήσεται
864 1261 1056 1319 μηδενός·
1070 1261 1172 1307 εἶναι
1190 1263 1270 1320 γὰρ
1290 1261 1346 1313 ὥς
1363 1262 1418 1306 τὰ
1433 1267 1537 1306 πολ-

53 1330 110 1374 λὰ
125 1329 323 1382 πολλάκις
334 1331 516 1389 ἔφασκον
525 1332 579 1376 τὰ
589 1336 673 1376 τῶν
686 1332 907 1391 δρωμένων
918 1330 1163 1390 θρασύτερα
1176 1337 1315 1392 πολλῷ
1329 1337 1413 1376 τῶν
1425 1348 1536 1388 πραφ

54 1400 209 1458 οτέρων
224 1398 525 1460 ἀνυσιμώτερα.
551 1405 687 1446 ταῦτα
703 1402 834 1446 πολὺν
851 1402 1061 1453 ἔνέοταξεν
1076 1404 1220 1459 ἵμερον
1237 1409 1329 1452 ταῖς
1345 1404 1430 1444 τῶν
1447 1401 1532 1443 ἐπι-
1544 1410 1576 1446 G

53 1467 220 1514 σκόπων
238 1477 419 1526 ψυχαῖς,
455 1472 498 1522 ἐξ
519 1468 682 1527 ἁμάξης
700 1471 876 1527 ἀναίδην
894 1470 1252 1530 παρρησιάζεσθαι
1270 1470 1375 1514 καθ’
1397 1468 1547 1526 ἧμῶνι

0 1541 124 1582 Ξῦκαὶ
157 1540 202 1582 ’τί
227 1539 308 1597 γὰρ
340 1540 676 1597 μοχθηροτέραις
710 1547 897 1596 ψυχαῖς,
943 1540 1110 1601 ἀμαθίᾳ
1145 1539 1532 1597 συντεθραμμέναις
1565 1558 1572 1562 ·

51 1607 208 1659 παντὸς
228 1608 419 1665 ἀγαθοῦ,
457 1609 560 1670 ῥᾷον
581 1608 684 1652 ἄλλο
704 1614 789 1653 τῶν
815 1609 954 1653 ἄλλων
973 1610 1134 1668 ἕτερον,
1166 1608 1194 1665 ἢ
1221 1609 1325 1666 πρὸς
1347 1606 1531 1658 ἀτόπους

52 1676 186 1735 ὁρμὰς
216 1675 433 1735 προτροπή
442 1698 459 1734 ,·
494 1679 700 1729 δείσαντες
727 1679 828 1737 γὰρ,
866 1678 926 1735 μὴ
953 1680 1059 1737 πρὸς
1086 1683 1171 1723 τῶν
1196 1680 1325 1722 θείων
1354 1681 1538 1735 γραφῶν-

51 1747 213 1803 ἇσεβεῖς
241 1749 556 1805 ἐξελεγχθῶσιν,
592 1747 784 1804 ἀσέβειαν
813 1750 944 1807 δρῶσι
973 1746 1082 1792 πάνυ
1113 1746 1392 1807 πανηγυρικὴν
1422 1743 1530 1802 ὅμοῦ

51 1879 157 1916 dendi
181 1879 350 1915 minimam
379 1881 521 1917 babere.
581 1881 695 1928 Atque
721 1884 761 1916 ut
787 1893 850 1917 nos
875 1881 1123 1928 quamprimum
1150 1879 1369 1921 amoliretur,
1401 1878 1527 1915 nullam

50 1928 154 1974 plane
182 1925 293 1962 aliam'
307 1928 475 1962 rationem
502 1927 637 1974 reperit
660 1929 850 1969 faciliorem
878 1940 941 1971 ea,
965 1940 1064 1975 quam
1085 1934 1122 1964 et
1145 1928 1303 1963 Palamas
1330 1926 1527 1972 praeceptis

50 1974 123 2008 suis
143 1974 356 2019 designatam
376 1975 410 2009 ei
429 1974 668 2020 proposuisset
680 2000 692 2018 ‚
715 1979 752 2009 et
769 1975 845 2021 ipse
863 1975 931 2010 iam
949 1986 1014 2010 usu
1035 1975 1214 2021 probatam
1229 1973 1378 2019 -penitus
1396 1983 1528 2017 cogno-

49 2021 172 2055 visset.
216 2021 259 2054 ld
285 2025 397 2054 antem
414 2026 514 2063 erat,
537 2021 671 2056 omnino
686 2021 754 2056 iam
772 2021 1004 2067 abrogandam
1023 2033 1101 2056 esse
1126 2019 1292 2055 eiusmodi
1312 2018 1526 2065 disputatio-

48 2078 147 2109 nem,
170 2078 259 2112 quae
287 2078 331 2101 ex
355 2067 547 2113 Scripturis
568 2073 770 2113 argumenta
791 2072 984 2114 repeteret:
1008 2067 1089 2102 inde
1114 2067 1249 2102 scilicet
1274 2064 1440 2111 consequi
1464 2076 1535 2100 eos*

48 2114 174 2155 exitus,
186 2113 247 2159 qui
259 2112 519 2160 haudquaquam
535 2113 604 2148 sibi
623 2114 845 2160 expedirent:
866 2126 956 2161 quae
966 2114 1054 2151 enim
1068 2113 1120 2148 illi
1138 2113 1174 2148 in
1190 2125 1252 2148 nos
1263 2112 1406 2158 exsequi
1418 2110 1527 2146 medi-
1560 2133 1564 2136 μ

46 2165 228 2201 tutentur,
252 2171 294 2194 ea
312 2161 409 2205 ipsos
434 2172 455 2195 a
480 2160 578 2194 nobis
602 2172 764 2206 passuros
787 2161 914 2204 citius,
948 2172 1048 2209 quam
1083 2164 1308 2197 exsecuturos
1337 2170 1400 2202 ea,
1436 2169 1525 2203 quae

47 2218 112 2241 nos
130 2206 204 2252 pati
221 2206 422 2241 voluissent.
468 2207 575 2241 Iidem
595 2207 752 2242 Concilio
770 2208 944 2254 expellere
967 2207 1180 2242 constituunt
1198 2207 1399 2252 episcopum
1420 2204 1525 2250 Tyri,

47 2253 111 2299 qni
134 2252 354 2298 patriarchae
379 2253 584 2288 Antiocheni
612 2253 690 2289 iura
709 2255 889 2290 tuebaturz
912 2254 1006 2301 quod
1031 2254 1061 2288 si
1086 2254 1117 2288 is
1138 2253 1341 2299 persisteret
1359 2258 1396 2287 et
1410 2251 1533 2286 insta-‘

47 2304 115 2341 ret,
137 2299 233 2333 iuius
246 2301 467 2344 patriarchae
481 2300 685 2336 sententiam
705 2300 896 2346 allegando,
921 2313 990 2348 qna
1007 2300 1166 2335 Palamas
1185 2300 1361 2346 depositus
1380 2298 1532 2332 damna-¹

47 2351 176 2391 tusque
201 2352 314 2387 esset,
345 2350 417 2381 tum
441 2347 553 2392 ipsum
583 2358 719 2394 quoque
746 2347 862 2382 statim
882 2359 957 2383 cnm
981 2347 1182 2393 patriarcha
1205 2350 1453 2385 exauctorare,
1483 2345 1524 2378 et

46 2392 92 2427 ab
108 2391 274 2428 ecclesiae
290 2398 429 2428 nostrae
448 2394 680 2428 communione
699 2394 913 2430 abscindere.
957 2394 1045 2439 (X.)
1068 2393 1173 2429 Prius
1189 2393 1310 2439 itaque
1329 2402 1412 2432 nos,
1435 2399 1521 2443 5³⁰⁰*

47 2437 195 2472 tumeliis
211 2444 248 2472 et
265 2439 442 2474 calumniis
459 2440 691 2475 atrocioribus
707 2441 905 2486 perculsos,
926 2452 1086 2476 amovere
1103 2442 1280 2480 statuunt3
1304 2448 1373 2484 qno
1393 2434 1532 2471 demde·

44 2483 106 2518 illa
123 2484 235 2519 omnia
252 2483 298 2519 ad
312 2486 444 2521 libitum
460 2487 648 2533 tranquille
664 2487 870 2531 decernant,
892 2495 930 2522 et
947 2499 1010 2533 pro
1028 2486 1198 2533 dogmatis
1221 2484 1342 2520 haberi
1363 2482 1518 2524 iubeant,

45 2530 193 2565 ubi’iam
210 2542 306 2566 nemo
327 2532 465 2567 futurus
482 2533 529 2568 sit
546 2533 605 2580 qui
626 2533 842 2568 adversetur.
886 2533 1095 2579 Plerumque
1112 2533 1199 2568 enim
1221 2538 1257 2566 et
1280 2529 1422 2576 saepius
1437 2525 1517 2563 effi·-

47 2576 186 2611 caciora
205 2589 281 2612 esse
303 2579 442 2614 aiebant
464 2591 527 2622 ea,
559 2591 650 2626 quae
673 2579 857 2623 audacius,
887 2591 991 2626 quam
1019 2591 1109 2626 qnae
1143 2578 1285 2624 segnius
1314 2579 1514 2621 agerentur.

45 2623 88 2657 Id
112 2622 347 2669 episcoporum
368 2625 489 2660 animis
509 2637 666 2671 magnam
689 2626 872 2662 instillavit
889 2625 1066 2662 libidinem
1089 2623 1283 2660 incessendi
1312 2634 1374 2657 nos
1394 2619 1516 2656 convi-

45 2669 106 2704 tiis
123 2668 234 2714 palam
253 2681 295 2705 ac
310 2671 528 2716 petulanter,
552 2672 648 2708 velut
666 2672 710 2707 de
725 2673 894 2718 plaustro.
940 2672 1077 2719 Ecquid
1095 2683 1198 2718 porro
1217 2668 1447 2704 deterioribus
1461 2667 1516 2701 in-

43 2715 628 2800 322202ffl3a35213?0{253
643 2719 729 2800 {fun}
742 2719 851 2802 ⁰322?
869 2719 1080 2801 ἰὲῗῑοῗέἑῖῗ
1102 2717 1213 2799 ζ’ἒῗί
1230 2715 1514 2807 Ξὲἒὲῗέἒέἔῖἒ

43 2808 94 2844 ¹5⁸
112 2808 212 2858 impii
227 2815 479 2856 Πὲῑῑθΐθῦωῐ,
502 2778 782 2859 mgmppompa,
803 2778 928 2860 mapgno
947 2790 1118 2860 appara'tu
1133 2809 1228 2845 velut
1244 2809 1280 2844 in
1296 2808 1433 2845 theatro
1450 2819 1513 2844 ex-
