1794 3172
319 136 639 186 HISTORIAE
664 135 1040 183 BYZANTINAE
1067 133 1229 180 XVIII.
1248 140 1290 183 8.
1445 126 1547 178 905

64 255 142 309 τῆς
157 251 274 307 δίκης
295 251 469 294 αἲδεῒται
490 245 698 308 θρόνους,
736 245 831 291 οὔτε
857 245 943 303 μὴν
965 243 1065 296 τοῦς
1082 245 1298 303 αῗθερίους
1315 244 1421 289 δέδιε
1442 248 1545 289 θεοῦ
1569 259 1606 289 Δ.
1620 257 1658 289 C.
1675 253 1764 291 1351

63 325 321 378 πρηστῆρας.
360 320 404 363 ἓν
418 319 497 376 γὰρ
519 325 608 369 τοῖς
625 318 716 374 περὶ
737 321 843 360 θεοῦ
864 318 932 359 καὶ
950 319 1035 359 τῶν
1052 316 1180 358 θείων
1197 312 1415 371 δογμάτων
1437 303 1766 384 ἀγῶ-Ῑωὲὲῐέιεὲψ

66 407 132 433 σιν
154 389 282 433 αὐτὸν
304 387 433 445 μόνον
454 386 648 445 ἡγεῖσθαι
670 388 754 429 δεῖν
784 385 985 441 βασιλέα,
1022 384 1123 435 τοὺς
1146 383 1192 427 δ’
1223 384 1377 436 ἄλλους
1405 385 1548 440 ἐπίσης
1564 393 1610 430 V.
1628 394 1698 433 461

66 457 323 514 ὁμοδούλους
351 457 538 508 ἅπαντας
547 490 561 510 ,
597 456 821 506 πλουσίους
850 454 1003 510 ἀναμὶξ
1029 455 1098 497 καὶ
1128 453 1327 510 πένητας,
1363 440 1591 510 βασιλεΐςΕ

32 533 111 572 ὅτε
132 530 199 572 καὶ
225 526 409 581 ἰδιώτας,
437 529 506 570 καὶ
529 525 644 576 ὅσοις
664 530 740 569 τοῦ
762 521 919 569 θιάσου
939 524 1008 568 καὶ
1030 527 1107 580 τῆς
1117 525 1284 582 χορείας
1303 525 1457 581 ἐκείνης
1471 541 1548 581 με·

65 598 194 654 τέχειν
213 595 430 641 ὄπιόσποτε
455 597 691 652 συμπίπτει.

168 665 223 724 η’.
255 664 464 722 Ἑβδόμην
491 666 568 721 μὲν
597 660 672 708 οὗν
694 659 765 720 ἦγε
793 664 863 706 καὶ
892 661 1079 718 εῗκοστὴν
1106 659 1127 705 ὅ
1160 659 1286 717 μάΐος
1313 662 1422 719 μὴν,
1459 657 1548 722 ἕνῇ
1572 675 1614 710 Ρ.
1632 675 1703 711 570

66 740 280 794 συγκαλεῖν
295 734 407 791 ἡμᾶς
423 734 664 792 δεδογμένον
680 734 815 790 γέγονε
832 732 1008 788 βασιλέα
1029 731 1134 788 πρὸς
1152 730 1203 787 ἣν
1222 729 1405 786 ὠνόμαζε
1426 730 1550 776 σύνο-

67 809 154 851 δον.
197 804 428 863 ἀρξάμενος
444 807 470 849 δ
478 804 490 821 '
517 803 683 848 ι’ίνωθεν
702 800 861 860 διεξῄει,
891 806 980 851 πῶς
1002 799 1187 859 διαβόλῳ
1206 800 1553 860 προῦργιαίτατον

11 883 59 919 10
70 876 131 920 ἀεὶ
158 879 347 930 πολεμεῖν
371 872 638 932 ἀνθρώποις,
678 871 815 929 ὥσπερ
836 871 929 915 τινὰ
958 875 1112 928 κλῗρον
1130 868 1318 928 εἰληφότι
1343 872 1550 929 λαμπρὸν,

67 944 146 1002 ἀφ’
179 939 228 988 οὗ
258 949 318 1004 τῷ
349 942 581 1002 προπάτορι
608 939 860 998 συμπλακεὶς
891 938 1097 996 ἐστήσατο
1128 937 1352 997 τρόπαιον·
1387 942 1454 984 καὶ
1487 941 1547 983 δι’

67 1012 172 1058 αὗτό
194 1014 242 1071 γε’
261 1032 326 1058 τοι
343 1014 445 1058 θεὸν
466 1015 664 1069 ἐθελῆσαι
692 1011 770 1067 τὴν
806 1010 1073 1067 ἀνθρωπείαν
1101 1007 1405 1064 ἀναδεξάμενον
1430 1007 1595 1067 φύσινΒ

67 1083 128 1127 δι’
160 1083 290 1139 αὐτῆς
313 1081 438 1135 ὄδοὺς
467 1081 566 1139 ἡμῖν
595 1081 765 1139 ἀγαθὰς
791 1077 1031 1131 ὖποδεῖξαι,
1069 1078 1129 1122 δι’
1155 1073 1212 1122 ὧν
1236 1078 1392 1140 ῥᾷστον
1420 1078 1471 1122 ἂν
1491 1080 1553 1137 εἴη

66 1159 156 1204 τοῖς
171 1170 213 1210 γε
235 1153 425 1196 ἐθέλουσι
449 1153 522 1196 τὸν
540 1151 766 1195 ἀντίπαλον
783 1151 1010 1193 κατασείειν
1024 1163 1034 1173 ·
1072 1147 1163 1192 εἶθ’
1190 1147 1302 1199 ὅπως
1327 1150 1396 1192 καὶ
1417 1146 1439 1192 ὃ
1460 1148 1554 1192 διά-

10 1229 58 1266 15
68 1227 209 1279 βολος,
235 1221 379 1280 ἑτέραν
397 1217 525 1274 αὖθις
542 1218 813 1279 τραπόμενος,
839 1219 1178 1275 εἶδωλολατρείαν
1199 1216 1420 1275 εἰσήνεγκεν
1444 1216 1550 1274 ὁμοῦ

65 1300 159 1343 ταῖς
192 1292 338 1336 ἄλλοτ’
372 1291 518 1343 ι’ίλλαις
545 1291 748 1349 αἱρέσεσι,
785 1287 894 1332 κατά
924 1306 968 1332 τε
999 1292 1075 1345 τῆς
1103 1292 1179 1331 τοῦ
1202 1292 1307 1331 θεοῦ
1335 1289 1551 1345 ἐκκλησίας

67 1364 137 1405 καὶ
165 1366 249 1405 τῶν
280 1360 500 1419 δογμάτων
529 1360 682 1417 αὐτῆς·
713 1358 825 1410 ὅπως
842 1376 885 1402 τε
907 1363 1021 1402 θεῖαι
1042 1359 1108 1400 καὶ
1129 1358 1232 1415 ἱεραὶ
1256 1356 1429 1401 κατόπιν
1449 1375 1551 1415 συγ-

67 1429 338 1489 κροτούμεναι
361 1429 528 1475 σύνοδοι
547 1431 602 1474 τὰ
620 1433 794 1473 τοιαῦτα
814 1432 889 1484 τῆς
916 1428 1131 1483 ἐκκλησίας
1152 1424 1371 1482 νοσήματα
1398 1425 1551 1485 ἑθερά-

67 1515 214 1545 πευον·
251 1503 320 1544 καὶ
343 1502 409 1544 ἐπὶ
430 1499 594 1550 τούτοις
617 1498 729 1548 ὅπως
747 1499 814 1541 καὶ
835 1497 903 1555 ἐφ’
927 1494 1047 1552 ἡμῶν
1072 1496 1284 1553 Βαρλαὰμ
1310 1496 1382 1539 τὸν
1406 1500 1593 1541 Λατι-Ο

11 1569 283 1627 Ξονόφρονα,
320 1570 394 1613 τὸν
427 1571 472 1613 ἐκ
504 1570 753 1624 Καλαβρίας
781 1564 1048 1623 ὁρμώμενον,
1091 1565 1255 1622 ἤνεγκεν
1291 1566 1356 1608 ἐπὶ
1385 1564 1554 1626 πονήρῳ

69 1644 147 1695 τῆς
177 1637 381 1696 ἡμετέρας
399 1636 585 1696 εῗρήνης,
623 1637 758 1693 ἄνδρα
779 1635 912 1693 σοφὸν
931 1636 1007 1690 μὲν
1017 1667 1032 1689 ,
1068 1634 1270 1692 ἐριστικὸν
1295 1634 1344 1677 δέ
1360 1652 1454 1678 τινα
1484 1637 1555 1678 καὶ

73 1710 309 1760 κενοδοξίας
342 1706 584 1764 ἡλικιώτην·
622 1705 668 1757 ὃς
697 1707 781 1749 ἐπεὶ
799 1705 945 1760 τὰμὲν
966 1707 1112 1761 πρῶτα
1139 1704 1438 1760 συμβεβληκὼς
1466 1702 1554 1747 ἑτέ-

72 1795 152 1837 ραν
172 1779 242 1821 καὶ
272 1779 363 1836 περὶ
392 1779 545 1837 σοφίας
569 1774 846 1833 ἠγωνισμένος
875 1775 1063 1826 ἐπίδειξιν
1096 1771 1277 1830 ἥττηταί
1302 1790 1345 1818 τε
1379 1774 1449 1817 καὶ
1478 1777 1556 1831 τῆς

72 1910 229 1948 tribunal
243 1914 449 1946 revereatur
459 1936 471 1953 ,
490 1921 555 1945 nec
572 1909 681 1945 Deum
702 1909 814 1956 ipsum
833 1908 978 1945 aetherii
997 1907 1089 1955 ignis
1099 1907 1294 1944 turbinibus
1309 1909 1473 1943 armatum
1489 1917 1552 1942 ex-

72 1959 244 1993 timescat.
292 1958 435 2004 Quippe
450 1957 486 1992 in
505 1957 553 1991 iis
572 1957 838 1998 certaminibus,
863 1968 952 2002 quae
978 1956 1022 1990 de
1039 1956 1115 1991 Deo
1141 1960 1178 1990 et
1197 1955 1242 1990 de
1263 1954 1393 1989 divinis
1409 1955 1553 2000 dogma-

72 2006 121 2040 tis
140 2004 380 2046 instituuntur,
403 2004 514 2038 Deum
524 2003 644 2049 ‘ipsum
658 2004 764 2038 solum
782 2004 1041 2048 imperatorem,
1068 2007 1228 2037 caeteros
1245 2013 1361 2036 omnes
1380 2001 1458 2047 pari
1476 2001 1553 2035 iure

74 2062 262 2086 conservos
282 2050 405 2085 haberi
430 2054 591 2096 oportet,
615 2050 742 2084 divites
759 2049 952 2095 promiscue
969 2053 1006 2084 et
1031 2060 1221 2095 pauperes,
1243 2060 1346 2092 reges
1361 2053 1407 2090 ⁴et
1433 2048 1554 2094 priva-

71 2104 148 2140 tos,
172 2097 257 2132 alios
284 2097 434 2142 denique
459 2096 614 2131 eiusdem
633 2096 728 2131 illius
752 2097 858 2131 thiasi
887 2101 924 2131 et
943 2096 1041 2131 chori
1060 2106 1264 2142 quacunque
1284 2093 1421 2130 ratione
1441 2094 1554 2141 parti·-

73 2156 105 2180 ci
132 2156 180 2180 es.

107 2157 130 2191 p
166 2191 200 2226 8.
222 2189 356 2225 Aderat
372 2189 492 2235 itaque
509 2189 583 2225 dies
598 2189 687 2224 Maii
705 2189 889 2235 vigesimus
909 2189 1095 2235 septimus,
1117 2201 1187 2235 quo
1214 2200 1278 2224 nos
1302 2188 1492 2235 imperator
1509 2186 1554 2221 ad

74 2248 150 2271 eam
169 2247 271 2282 quam
289 2237 367 2282 ipse
383 2236 550 2282 synodum
569 2236 767 2282 appellabat
793 2247 836 2270 ex
852 2236 992 2270 decreto
1011 2242 1227 2271 convocaret.
1274 2237 1388 2280 Atque
1406 2235 1466 2269 ille
1483 2244 1555 2268 rem

75 2294 186 2329 usque
215 2295 236 2318 a
258 2283 374 2329 capite
401 2294 582 2317 arcessens
615 2283 786 2317 diabolum
818 2281 934 2317 aiebat
957 2282 996 2317 id
1025 2289 1105 2318 ante
1128 2283 1244 2317 omnia
1269 2293 1404 2327 semper
1436 2291 1555 2325 agere,

74 2336 118 2364 ut
137 2328 260 2365 bellum
277 2329 469 2364 hominibus
489 2330 654 2372 inferret,
679 2341 753 2364 eam
772 2329 881 2363 veluti
897 2329 1118 2375 praecipuam
1139 2329 1368 2364 hereditatem
1384 2327 1555 2365 sortitum,

77 2387 121 2411 ex
136 2387 217 2422 quo,
242 2387 315 2410 cum
338 2375 446 2421 primo
467 2382 613 2422 parente
632 2387 859 2421 congressus,
889 2381 1069 2421 tropaeum
1093 2375 1205 2410 victor
1227 2375 1421 2421 posuissem
1445 2373 1555 2406 Deum

78 2427 193 2456 autem
223 2421 366 2457 hominis
393 2427 550 2457 naturam
576 2422 655 2457 ideo
684 2422 880 2468 accepisse,
913 2423 995 2468 quia
1019 2434 1084 2468 per
1104 2434 1179 2457 eam
1197 2422 1365 2457 voluisset
1387 2419 1555 2454 salutares

77 2468 177 2503 nobis
201 2468 277 2503 vias
300 2468 476 2511 indicare,
500 2481 587 2515 quas
614 2468 727 2515 quivis
747 2469 922 2514 ingressus
942 2469 1046 2503 facile
1072 2472 1190 2515 posset
1208 2466 1442 2503 adversarium
1467 2463 1557 2498 deii-

76 2526 178 2549 cere:
202 2514 326 2550 deinde
344 2515 516 2550 diabolum
535 2516 603 2550 alio
622 2526 742 2550 rursus
765 2525 987 2558 conversum,
1012 2527 1080 2561 quo
1102 2515 1283 2550 ecclesiam
1303 2512 1369 2547 Dei
1388 2517 1425 2547 et
1444 2510 1558 2545 eccle-

78 2561 155 2595 siae
174 2559 338 2606 dogmata
356 2566 550 2604 everteret‚
573 2561 801 2596 idololatriam
826 2572 901 2595 cum
912 2562 1126 2601 ,haeresibus
1152 2561 1239 2596 alias
1266 2559 1343 2594 aliis
1365 2557 1557 2592 invexisset

77 2612 151 2641 tum
179 2608 245 2641 sub
273 2608 359 2642 haec
376 2614 615 2643 sacrosanctas
635 2608 784 2653 synodos
812 2611 951 2642 coactas
977 2620 1076 2650 esse,
1100 2613 1138 2643 et
1162 2608 1216 2641 his
1240 2605 1410 2640 ecclesiae
1428 2603 1557 2638 morbis

78 2653 280 2688 medicinam
307 2654 483 2689 attulisse:
518 2655 703 2700 postea-in
730 2654 967 2689 detrimentum
996 2655 1204 2689 constitutae
1228 2652 1320 2698 apud
1352 2662 1414 2686 nos
1447 2649 1556 2694 paci&

78 2700 218 2734 diabolo
245 2699 461 2745 impellente,
491 2701 663 2747 prodiisse
687 2701 753 2735 hac
779 2705 898 2734 nostra
916 2705 1034 2736 aetate
1055 2701 1288 2740 Barlaamum,
1309 2697 1403 2731 illum
1427 2694 1558 2730 scilicet

77 2745 268 2780 Latinismo
293 2746 459 2785 imbutum
489 2753 526 2782 et
553 2760 573 2782 e
597 2747 761 2781 Calabria
787 2747 999 2792 profectum3
1030 2748 1140 2782 virum
1166 2757 1251 2780 sane
1278 2743 1468 2783 eruditum,
1492 2739 1554 2774 sed

26 2800 31 2802 “
77 2792 237 2837 cupidum
261 2792 472 2834 altercandi,
494 2799 531 2828 et
551 2794 610 2839 qui
637 2793 733 2827 inani
756 2793 889 2837 gloriae
910 2804 932 2828 a
951 2793 1101 2839 pueritia
1120 2803 1231 2838 usque
1248 2789 1455 2825 studuisset:
1478 2797 1554 2821 eum

77 2837 210 2873 diversi
236 2839 375 2884 generis
393 2850 509 2886 pugna
534 2840 676 2886 primum
708 2840 907 2883 commissa,
931 2846 968 2876 et
983 2839 1210 2876 ostentandae
1229 2834 1433 2872 eruditionis
1449 2843 1556 2869 081188

170 2896 387 2943 Maepham
405 2898 554 2945 Gregor.
584 2898 656 2934 Vol.
669 2897 719 2932 II.
1222 2887 1279 2930 58
