1794 3172
251 140 353 188 682
648 143 961 189 NICEPHORI
989 140 1315 187 GREGORAE

37 264 72 295 Α.
86 263 130 295 Μ.
153 261 244 298 6852
257 258 335 309 ζων
365 251 516 298 οὖτωσὶ
549 251 707 312 νύκτωρ
743 254 811 296 καὶ
845 251 951 307 μεθ’
985 250 1142 309 ἡμέραν
1171 256 1348 308 τρυφαῖς
1366 252 1433 294 καὶ
1462 247 1605 302 πότοις
1631 249 1748 294 ἀδεέ-

80 310 147 343 Ind.
165 310 208 345 12
255 338 399 382 στερον
439 322 650 380 ἐσχόλαζε,
697 324 764 365 καὶ
795 321 1009 379 αὐλητρίσι
1038 322 1106 364 καὶ
1146 320 1384 378 ὄρχηστρίσι
1416 321 1578 364 διετέλει
1617 337 1748 364 συνα-

259 395 479 450 σελγαίνων
508 395 575 435 καὶ
607 392 705 442 τοὺς
738 390 1001 448 ἡγεμονικοὺς
1031 390 1283 447 θησαυροὺς
1301 394 1385 432 τῶν
1408 392 1747 447 Τραπεζουντίων

260 464 490 507 ἀναλίσκων
521 463 563 504 ἐν
593 469 678 511 τοῖς
711 459 934 511 τοιούτοις·
973 458 1029 510 ὦς
1068 457 1435 515 ἀγανακτήσαντας
1465 459 1564 510 τοὺς
1582 464 1747 515 Σχολα-

257 534 370 590 ριόυς
397 531 759 586 μεταπέμψασθαί
786 547 828 573 τε
857 530 928 573 τὸν
957 528 1116 585 πατέρα
1146 532 1222 572 τοῦ
1251 529 1343 572 νέου
1365 527 1564 586 ἡγεμόνος
1589 530 1633 571 ἐκ
1659 533 1774 574 τῶνὸ

221 602 453 656 ΟΛιμνίων
482 600 660 655 Μιχαὴλ
691 600 762 642 τὸν
782 599 1002 655 Κομνηνὸν
1026 599 1159 658 (ἔτυχε
1186 598 1264 656 γὰρ
1286 601 1354 642 καὶ
1374 597 1394 642 ὃ
1419 599 1600 654 κατέχων
1622 598 1748 641 αὐτὸν

259 671 450 725 ἐκτομίας
479 670 561 712 ἐκεῖ
594 667 984 726 προτετελευτηκιὺς)
1020 670 1087 710 καὶ
1116 668 1243 711 αὐτὸν
1274 669 1350 723 μὲν
1379 676 1466 718 τοῖς
1495 666 1748 725 ἡγεμονικοῖς

259 736 645 797 ἐγκαθιδρύσασθαι
684 736 875 795 θρόνοις,
926 738 996 781 τὸν
1025 739 1070 780 δὲ
1100 738 1367 794 νεωτεριστὴν
1398 739 1564 793 δέσμιον
1601 739 1641 788 ἐς
1670 737 1746 793 τὴν

258 813 343 852 τῶν
376 809 613 860 Βυζαντίων
645 808 847 862 ἐκπέμψαι
882 805 1080 865 φρουράν.
1156 806 1254 866 (Η.)
1295 806 1386 864 Τήν
1418 825 1461 864 γε
1479 808 1563 863 μὴν
1594 805 1747 863 ἠγεμο-

259 879 353 921 νίαν
382 876 490 921 οὕτω
525 875 826 932 διαζωσάμενος
856 875 877 920 ὃ
908 877 1128 933 Κομνηνὸς
1159 877 1360 933 Μιχαὴλ,
1396 876 1447 934 ἢν
1479 876 1607 920 πάλαι
1625 878 1700 931 μὲν
1721 874 1742 919 ὅ
1761 886 1794 921 1(

262 947 400 1003 πατὴρ
428 948 484 989 ἐκ.
505 949 700 1002 διαδοχῆς
731 945 807 1002 εἶχε
833 952 1098 1005 προγονικῆς,
1148 948 1299 990 ἐκείνου
1333 949 1359 989 δ
1369 946 1381 962 '
1415 945 1744 998 ἀπαλλάξαντος,

258 1017 434 1067 Ἀλέξως
463 1014 484 1059 ὅ
517 1015 666 1059 τούτου
702 1017 905 1067 διεδέξατο
940 1017 1141 1074 ἀδελφὸς,
1192 1018 1261 1059 καὶ
1286 1015 1381 1072 μετ’
1411 1018 1586 1070 ἐκεῖνον,
1625 1015 1682 1066 ὥς
1703 1033 1747 1073 γε

223 1084 511 1144 Βεῗρήκειμεν,
551 1086 619 1128 διὰ
648 1090 730 1128 τῶν
752 1087 906 1141 μεταξὺ
937 1089 1051 1129 δυοῖν
1079 1088 1300 1143 μειρακίων
1331 1088 1388 1136 εἷς
1405 1091 1553 1130 τοῦτον
1572 1090 1747 1141 κατελη-

264 1156 438 1198 λυθέναι
468 1155 736 1212 ξυνέδραμεν,
775 1154 1170 1213 ἐπέραινεν“ἐφ’”οἶς
1202 1154 1419 1212 ὀμωμόκει.
1457 1156 1511 1199 τὰ
1543 1157 1588 1202 δὲ
1616 1151 1666 1212 ἦν
1703 1155 1748 1198 αἱ
1777 1165 1781 1170 ’

266 1226 500 1282 συμφωνίαι
522 1227 589 1267 καὶ
609 1225 661 1267 τὰ
685 1223 970 1283 ὃρκωμοτήρια
985 1260 996 1278 ,
1034 1225 1113 1269 ὅσα
1132 1243 1174 1282 γε
1192 1234 1279 1277 τοῖς
1303 1227 1559 1282 Σχολαριόις,
1600 1227 1746 1276 αἲτιόις
1760 1237 1794 1273 15

265 1292 472 1352 ὑπάρξασι
493 1299 567 1350 τῆς
599 1293 813 1350 ἡγεμονίας
846 1295 958 1354 αὐτῷ
1001 1298 1067 1338 καὶ
1099 1294 1274 1352 δύναμιν
1294 1301 1377 1339 τῶν
1407 1295 1542 1339 ἄλλων
1567 1298 1748 1351 συγκλη-

266 1368 391 1406 τικῶν
425 1364 680 1419 κεκτημένοις
707 1367 829 1419 μείζω
860 1368 928 1408 καὶ
949 1363 1212 1422 ἦγεμονικὴν,
1252 1367 1474 1410 συνέθετο·
1512 1370 1651 1421 σχῆμα
1670 1366 1747 1419 μὲν

269 1433 396 1483 αὐτὸς
418 1432 627 1486 διασώζειν
643 1433 881 1490 ἡγεμονιάς”
919 1440 1001 1478 τῶν
1022 1435 1065 1478 δ’
1091 1434 1170 1478 ὅσα
1191 1434 1456 1493 πράσσεσθαι
1475 1435 1617 1491 μέλλοι
1640 1433 1747 1478 πάν-

227 1508 352 1546 Ετων
383 1500 484 1545 εἶναι
523 1504 828 1560 προβουλευτὰς
864 1507 930 1547 καὶ
965 1505 1185 1560 διανομέας
1218 1510 1353 1564 σφᾶς,
1412 1507 1480 1548 καὶ
1513 1504 1650 1562 ῥητῶν
1679 1506 1748 1547 καὶ

137 1577 260 1615 V.346
271 1569 516 1630 ἀπορρήτων
543 1571 819 1629 ἐπιγνώμονας
846 1576 913 1617 καὶ
941 1573 1186 1629 βεβαιωτάς.
1260 1574 1356 1633 (Θ.)
1405 1579 1493 1617 Τοῦ
1521 1576 1566 1617 δὲ
1590 1572 1745 1632 χρόνου
1758 1586 1794 1622 Ξ(

268 1640 454 1699 ῥέοντος,
491 1642 627 1698 ἐπειδὴ
666 1643 741 1699 τὴν
782 1649 900 1702 σφῶν
942 1643 1174 1688 αὐθάδειαν
1212 1643 1304 1699 fisce
1346 1648 1479 1701 δῆμος
1516 1646 1642 1699 ἐμίσει
1676 1646 1746 1687 καὶ

266 1708 315 1753 τό
342 1726 482 1768 σφισιν
515 1711 786 1767 ἀντικειᾷιενον
818 1718 900 1758 τῶν
932 1712 1208 1758 ἀπολωλότων
1235 1715 1361 1773 μέρος
1387 1716 1443 1765 εἷς
1467 1713 1516 1757 τὸ
1534 1712 1747 1757 δύνασθαι

268 1778 350 1835 ’ἤδη
384 1779 633 1838 προύχώρει,
679 1783 753 1838 τὴν
784 1788 858 1826 τοῦ
887 1781 1022 1839 δήμου
1052 1784 1155 1842 πρὸς
1184 1785 1358 1835 ἐκείνους
1398 1783 1621 1839 ἀπέχθειαν
1652 1783 1745 1839 ἕχον

270 1849 483 1907 ἐπίκουρον
492 1882 521 1904 ,.
562 1850 689 1908 ἔριδές
721 1869 766 1896 τε
811 1854 879 1897 καὶ
918 1851 1082 1905 στάσεις
1122 1852 1404 1913 ἀναφυόμεναι
1439 1853 1596 1909 μεταξὺ
1638 1853 1744 1911 πρὸς

268 2005 453 2060 lasciviens
486 2010 604 2043 noctes
640 2008 784 2056 diesque
818 2011 914 2047 luxui
940 2015 976 2048 et
1003 2011 1312 2060 compotationibus
1340 2011 1498 2048 licentius
1523 2011 1746 2058 indulgebat;

272 2064 347 2086 cum
372 2054 524 2106 tibicinis
549 2061 584 2089 et
611 2057 839 2093 saltatricibus
862 2060 1122 2103 libidinabatur,
1149 2073 1190 2094 ac
1212 2061 1530 2106 Trapezuntiorum
1555 2060 1748 2106 principum

270 2109 436 2154 aeranum
454 2101 489 2154 in
509 2113 566 2135 eos
587 2113 667 2136 usus
686 2106 920 2141 exhauriebat.
968 2107 1059 2141 Hinc
1080 2109 1207 2141 factum
1231 2112 1305 2148 est,
1330 2111 1368 2141 ut
1387 2107 1556 2152 indignati
1576 2106 1748 2144 scholarii

270 2155 412 2179 lunlorls
425 2147 588 2193 principis
598 2156 727 2193 patrem
737 2151 938 2188 Michaelem
947 2154 1151 2188 Comnenum
1162 2155 1205 2188 ab
1217 2154 1360 2188 Limniis
1374 2160 1590 2188 arcesserent
1598 2153 1748 2198 (quippe

270 2195 306 2224 et
322 2191 521 2246 Eunuchus,
546 2206 566 2228 a
584 2206 651 2240 quo
667 2196 724 2231 ille
742 2198 975 2243 detinebatur,
998 2207 1233 2246 praemortuus
1250 2201 1344 2244 erat)
1365 2212 1508 2246 eumque
1523 2200 1558 2235 in
1577 2200 1662 2234 solio
1682 2201 1748 2233 im-

270 2242 444 2291 peratorio
472 2239 697 2285 collocarent3
730 2245 937 2289 petulantem
961 2258 1045 2282 vero
1071 2247 1227 2282 iuvenem
1251 2247 1287 2281 in
1307 2248 1532 2293 Byzantinam
1557 2246 1746 2281 custodiam

270 2289 420 2319 vmctum
446 2285 658 2331 ablegarent.
704 2290 836 2335 (VIII.)
861 2294 908 2327 At
927 2294 1077 2328 Michaffl
1095 2294 1306 2335 Comnenus‚
1333 2298 1480 2339 accepta
1500 2294 1537 2328 in
1561 2295 1650 2327 hunc
1673 2304 1746 2327 mo-

269 2329 349 2365 dum
372 2334 546 2376 potestate
569 2333 676 2379 (quae
698 2337 830 2383 pridem
851 2339 896 2373 ad
917 2340 1027 2386 ipsius
1049 2346 1182 2387 patrem
1203 2341 1401 2375 transmissa
1420 2353 1440 2375 a
1460 2340 1646 2375 maioribus
1668 2340 1746 2373 fue-

269 2380 410 2432 ram-eoo
430 2383 544 2433 autern
561 2386 691 2416 mortuo
715 2390 920 2428 pervenerat
937 2386 979 2420 ad
995 2387 1151 2422 Alexium
1167 2387 1308 2421 fratrem
1322 2399 1333 2429 3
1351 2399 1392 2422 ac
1411 2388 1548 2422 tandem
1570 2387 1613 2420 ad
1630 2386 1746 2427 istum,

267 2427 308 2458 ut
327 2423 493 2479 dlxnnus3
517 2428 707 2480 luvenculis
725 2430 857 2466 duobus
875 2433 1076 2476 interiectis,
1097 2434 1258 2469 devoluta
1277 2434 1421 2478 fuerat),
1446 2445 1487 2468 ea
1502 2445 1590 2479 quae
1606 2433 1746 2467 iurave-

267 2474 325 2524 rat
342 2470 516 2525 implev1t3
542 2474 716 2518 pactiones
736 2476 812 2511 dico
831 2481 868 2512 et
886 2481 1021 2514 sancita
1043 2481 1262 2515 iureiurando
1283 2492 1358 2514 cum
1380 2480 1569 2514 Scholariis
1591 2480 1745 2521 foedera,

268 2527 328 2561 qui
346 2521 591 2571 uix-imperaret
607 2521 807 2565 effecerant,
830 2528 865 2558 et
882 2525 1039 2561 maiorem
1060 2539 1159 2573 quam
1178 2527 1307 2562 caeteri
1324 2533 1501 2561 senatores
1519 2537 1747 2571 summamque

267 2566 507 2618 auctoritatem
526 2565 736 2603 obtinebant.
783 2570 1001 2607 Convenerat
1020 2585 1143 2619 porro,
1167 2578 1207 2608 ut
1229 2573 1379 2619 insignia
1403 2573 1540 2619 quidem
1560 2572 1746 2618 potestatis

267 2619 343 2654 lpse
360 2615 528 2664 retlneret
538 2623 560 2666 ς.
575 2624 689 2648 eorum
710 2627 793 2650 vero
813 2618 959 2653 omnium
970 2645 980 2660 ‚
1005 2632 1093 2666 quae
1110 2621 1147 2655 in
1165 2625 1341 2665 posterum
1355 2621 1510 2664 gerenda
1529 2623 1655 2661 essent,
1677 2619 1748 2665 ipsi

266 2656 445 2700 praesules
466 2668 509 2711 ac
524 2659 781 2712 dlspensatores
798 2663 933 2704 forent,
960 2670 996 2700 et
1013 2678 1126 2701 rerum
1141 2667 1215 2701 sive
1235 2666 1345 2712 palam
1363 2666 1437 2700 sive
1453 2671 1589 2701 secreto
1609 2666 1747 2710 agitan-

265 2702 385 2737 darum
412 2703 534 2757 arbitr!
555 2712 662 2751 atque
686 2712 853 2743 auctores.
902 2711 1003 2757 (IX.)
1027 2713 1243 2748 Procedente
1268 2719 1382 2748 autem
1410 2717 1584 2759 tempore,
1609 2712 1692 2757 quia
1712 2717 1749 2746 et

265 2749 410 2803 populus
426 2750 558 2806 lllorurn
577 2752 699 2788 oderat
715 2756 958 2801 arrogantiam,
974 2763 1010 2793 et
1025 2771 1140 2794 eorum
1157 2759 1217 2806 qui
1232 2759 1411 2805 perierant
1431 2759 1538 2794 factio
1558 2758 1645 2805 ipsis
1663 2770 1748 2793 con-

262 2799 375 2830 trana
390 2800 512 2851 potens
529 2809 597 2833 iam
616 2806 788 2844 evaserat,
810 2802 998 2839 adiuvante
1012 2806 1134 2851 populi
1150 2806 1186 2840 in
1205 2806 1405 2840 scholarios
1422 2806 1514 2847 odio,
1539 2810 1638 2840 ortae
1655 2805 1748 2839 inter

262 2845 429 2888 utrmque
445 2854 544 2879 '¹¹80
563 2856 606 2886 ac
624 2846 855 2884 dissensiones
873 2849 907 2884 in
926 2863 1000 2887 eam
1018 2852 1258 2890 necessitatem
1275 2863 1334 2888 eos
1354 2852 1593 2894 adduxerunt,
1617 2855 1658 2886 ut
1678 2851 1749 2886 Mi-
