1754 3164
596 103 1080 149 ANNOTATIONES.
1458 101 1596 150 1263

54 205 186 258 στιᾶς,
223 205 255 261 ἢ
289 211 369 250 νῦν
408 204 748 260 Ἁδριανούπολις.
808 210 909 250 Vide
956 218 996 251 et
1038 212 1183 251 Leonis
1218 211 1356 250 Allalii
1392 219 1508 252 notas
1551 215 1603 254 ad

54 265 199 316 Georg.
220 265 413 319 Acropol.
435 266 590 307 Histor.
613 282 702 320 cap.
724 269 836 308 X111.
867 268 973 308 Edit.
998 269 1094 318 [leg.
1118 282 1208 322 pag.
1232 273 1332 312 231.
1391 284 1544 312 norvix.

166 325 265 376 Pag.
295 326 393 374 621,
423 327 462 366 3.
499 322 993 380 Τόν’ΆγγελονΊωάννην]
1023 326 1083 366 De
1103 327 1237 379 quoin
1254 327 1401 371 Famil.
1423 329 1593 381 Byzant.

51 379 203 431 egimus
234 394 325 433 pag.
348 381 446 424 259.
504 396 676 422 nocane.

159 435 327 480 Ibidem.
378 439 627 492 Παμφίλου]
662 440 784 479 Cuius
800 440 912 479 urbis
930 439 1110 480 meminit
1125 440 1427 482 Cantacuzenus
1447 443 1595 484 lib.111·

49 507 140 547 cap.
159 494 293 535 XXX.
351 495 453 535 Vide
472 503 608 536 notata
634 497 686 537 ad
704 496 1041 538 Villharduinum.
1098 511 1274 541 Docimo.

163 553 257 605 Pag-
294 555 402 603 621,
449 557 488 597 6.
552 557 636 596 Τοῦ
676 555 975 610 παραῤῥέοντος
1016 558 1070 611 τῇ
1106 551 1338 609 Ὀρεστιᾶδι
1376 557 1592 611 ποταμοῦ]

48 605 190 647 Hebri.
223 609 328 650 Vide
342 611 560 652 cantacuz.
581 612 651 654 lib.
671 612 747 653 111.
770 626 860 666 cap.
887 614 1018 653 XXX.
1042 626 1132 666 pag.
1157 612 1255 656 448.
1280 613 1379 656 449.
1409 627 1588 656 nocane.

162 668 261 720 Pag·
291 671 388 718 622,
418 673 489 712 23.
545 668 615 718 Ὡς
638 668 716 725 γάρ
745 669 812 711 ἐπὶ
846 668 1149 723 μανδραβόλου]
1190 669 1480 722 Proverbium,
1535 671 1588 712 de

47 735 128 774 quo
157 723 378 777 Zenobius,
420 727 708 778 Diogenianus,
741 727 909 780 Sufflas,
938 726 1113 767 Michael
1140 726 1397 780 Apostolius,
1428 735 1469 769 et
1499 729 1585 772 alii.

43 793 224 819 flucano.

156 838 266 893 Pssg·
296 842 393 890 623,
424 845 464 884 3.
526 838 856 895 Πρωτοστροῖτωρ
882 837 1090 897 Θεόδωρος
1117 840 1143 883 ὅ
1172 839 1440 895 Συναδηνός]
1482 844 1584 883 Can-

44 900 228 934 tacuzen.
247 897 319 935 lib.
334 897 403 936 ΙΙΙ.
427 912 515 952 cap.
528 899 678 940 XXXI.
692 899 806 938 cuius
830 900 927 938 alibi
951 914 1031 938 non
1054 900 1172 938 semel
1189 899 1381 940 meminit.
1412 914 1584 941 numne.

159 955 255 1007 Pssg-
286 958 384 1004 623,
415 955 455 998 4-
515 956 710 1010 Σερᾆν]
744 957 1044 996 Gantacuzenus
1067 959 1213 1008 Φερῶν
1236 957 1346 1008 legit,
1378 971 1497 1008 quam
1516 972 1584 998 ur-

41 1009 132 1048 bem
151 1010 192 1049 in
215 1010 408 1052 Thraciae
430 1011 734 1065 Thessaliaeque
757 1014 903 1053 finibus
922 1014 1017 1053 Fere
1045 1012 1167 1053 hodie
1196 1020 1343 1052 vocant
1364 1015 1507 1066 Tul-ci,
1537 1022 1584 1054 ut

41 1066 182 1107 scribit
203 1068 470 1109 Leunclavius
487 1071 529 1109 in
553 1071 692 1123 priore
713 1072 970 1111 Onomastico
986 1072 1172 1110 Tul-eico.
1200 1085 1377 1110 nocane.
1440 1072 1584 1112 Pheras

41 1131 161 1164 vocat
184 1126 506 1180 Cantacuzenus3
548 1134 667 1180 atque
687 1129 789 1167 illud
816 1129 901 1168 eius
930 1128 1042 1168 urbis
1074 1142 1218 1167 nomen
1241 1129 1427 1180 primitus
1446 1130 1581 1179 fuisse,

39 1181 192 1222 indicat
215 1183 338 1224 breve
358 1185 526 1225 Urbium
548 1185 848 1234 Onomasticon,
880 1187 989 1239 quod
1005 1193 1135 1225 exstat
1158 1186 1199 1224 in
1218 1186 1314 1226 cod.
1339 1187 1430 1238 Reg.
1450 1190 1576 1231 2990.

38 1239 110 1278 fol·
143 1244 212 1284 ⁷0.
241 1255 282 1283 v.
312 1242 384 1282 ubi
409 1243 516 1282 inter
547 1243 625 1282 alia
654 1244 801 1296 legitur
826 1243 974 1298 Φεραὶ,
1004 1246 1310 1298 πληθυντικῶς,
1343 1243 1389 1284 αἱ
1413 1244 1577 1298 Σέῤῥαι,

37 1295 107 1338 καὶ
129 1299 297 1352 Φεραῖοι
315 1301 358 1341 οἱ
376 1297 460 1342 cim}
477 1297 636 1353 ταύτης.
692 1315 847 1340 nomm.

153 1357 253 1410 Pflg·
282 1360 380 1407 623,
411 1361 453 1401 5.
511 1357 556 1399 ‘O
580 1361 655 1399 τοῦ
684 1355 890 1407 θανόντος
920 1357 1115 1412 βασιλέως
1146 1353 1387 1410 ἐξάδελφος,
1432 1356 1521 1411 Γήμ
1551 1358 1578 1401 o‘

36 1409 261 1465 Αρμὲνιος]
297 1413 429 1454 Guiclo
458 1414 697 1455 Armenius.-
739 1416 1016 1455 Cantacuzeno
1047 1413 1134 1471 (lib.
1157 1416 1186 1455 l.
1215 1429 1304 1468 cap.
1324 1413 1440 1469 LVI.)
1472 1420 1575 1469 Συρ-

37 1468 340 1522 γηντελεζιάνοε
382 1472 509 1512 eidem
541 1468 630 1525 (lib.
661 1473 729 1511 Ill.
762 1487 848 1526 cap.
877 1472 1050 1527 XXXI.)
1103 1470 1244 1526 Συργή
1276 1471 1575 1522 ντελενουζιάοε

39 1526 216 1578 Gallice,
254 1527 343 1567 Sin-e
364 1528 447 1568 Gui
466 1527 515 1567 de
537 1528 777 1583 Lusiguu-m,
813 1544 883 1568 seu
912 1529 960 1567 de
988 1529 1209 1582 Lesignem.
1267 1529 1364 1568 Erat
1397 1529 1464 1568 hic
1494 1531 1573 1568 Au-

37 1584 195 1623 dronici
221 1585 392 1625 iunioris
415 1583 643 1636 ἐξάδελφος.
692 1587 856 1626 Scilicet
880 1586 1133 1625 Andronicus
1155 1587 1291 1624 iunior
1307 1593 1471 1625 matrem
1496 1585 1571 1624 ha·
1651 1604 1661 1607 ·’

35 1640 125 1679 buit
149 1641 330 1682 Mariam
350 1642 590 1692 sir-menam,
622 1657 724 1695 quae
745 1651 783 1683 et
801 1642 924 1683 Ricm
946 1650 986 1683 et
1006 1642 1120 1682 Xene
1144 1643 1250 1682 dicta
1277 1649 1348 1682 est.
1406 1643 1571 1683 Mariae

38 1705 172 1737 autem
192 1713 317 1751 nepos
343 1701 422 1740 fuit
443 1714 493 1739 ex
525 1700 650 1739 fratre
679 1699 810 1740 Guido
838 1701 938 1750 iste,
979 1700 1048 1752 qui
1082 1707 1222 1753 postea
1256 1700 1468 1740 Armeniae
1495 1714 1570 1739 rex

34 1755 136 1806 fuit,
165 1755 210 1797 ἐκ
232 1754 419 1814 πατρῴου
439 1753 726 1810 προσηκούσης
744 1754 854 1812 αὐτῷ
871 1753 1023 1811 κλήρου
1043 1760 1117 1810 τῆς
1139 1754 1287 1813 ἀρχῆς,
1316 1757 1451 1810 inquit
1468 1758 1567 1796 Can-

34 1819 253 1852 tacuzenus
272 1815 423 1857 Histor.
450 1814 517 1856 lib.
536 1815 608 1854 ΙΙΙ.
630 1829 716 1867 cap.
735 1815 876 1854 XLIX.
933 1828 1084 1855 eorvis.

149 1870 189 1911 Ρ
188 1886 252 1926 113-
282 1873 380 1922 624,
409 1876 479 1915 20·
542 1876 631 1913 Τῶν
662 1874 779 1914 δυοῖν
808 1868 934 1923 αὐτῆς
968 1867 1185 1923 ἀδελφῶν]
1218 1872 1274 1910 De
1299 1871 1448 1923 quibus
1479 1871 1564 1922 egi-

33 1942 122 1968 mus
154 1929 197 1967 in
234 1929 373 1971 Famil.
404 1929 611 1982 Byzantin-
643 1943 733 1982 pag.
768 1931 862 1973 325.
892 1929 961 1967 ubi
988 1929 1202 1968 Asaninam
1235 1928 1563 1982 perstrinximus.

33 1999 208 2026 nocane.

148 2046 246 2096 Pag.
277 2045 375 2094 624,
405 2047 473 2087 23.
530 2039 630 2097 Εἶχε
647 2040 723 2098 γάρ
744 2043 933 2094 δεσμίους
957 2038 1124 2095 αὐτοῦς]
1155 2043 1213 2082 De
1234 2042 1415 2083 Manuele
1438 2042 1480 2082 id
1500 2049 1559 2083 te-

32 2106 164 2140 statur
187 2101 487 2140 Cantacuzenus
504 2101 577 2141 lib.
593 2101 664 2140 ΠΙ.
694 2115 781 2153 cap.
802 2101 908 2140 XLI.
927 2114 1043 2152 quem
1065 2100 1119 2139 ait
1147 2099 1190 2141 ἐν
1217 2096 1335 2157 Βήρᾳ
1359 2097 1561 2154 φρουρού-

33 2174 157 2211 μενον
182 2156 266 2200 ’ὖπὸ
295 2162 446 2208 κλοιοῖς
472 2158 618 2197 fuisse:
658 2172 709 2198 ex
731 2172 811 2211 quo
839 2157 1109 2198 emendandus
1128 2156 1209 2196 hoc
1229 2157 1320 2196 loco
1343 2159 1556 2209 Gregoras,

33 2216 104 2268 qui
124 2216 262 2254 locum
285 2222 405 2255 vocat
426 2212 627 2270 φρούριον
643 2218 716 2269 τῆς
742 2211 949 2270 Αὕδήρων
969 2217 1115 2269 μονῆς,
1148 2221 1187 2254 et
1205 2213 1275 2254 lib.
1296 2215 1399 2254 XVI.
1417 2228 1504 2267 cap.
1525 2215 1553 2253 I.

31 2276 114 2314 τῶν
138 2269 319 2326 Ἀδήλων
351 2271 508 2327 μονήν,
539 2285 631 2312 cum
661 2272 875 2323 legendum
902 2273 957 2312 sit
983 2269 1122 2327 Βήρας
1150 2274 1290 2325 μονῆς.
1349 2272 1420 2311 Est
1449 2272 1554 2310 enim

30 2328 169 2383 Βήρα,
199 2344 269 2369 seu
288 2330 416 2381 Vera,
447 2339 622 2370 castrum
639 2331 681 2369 in
705 2329 876 2369 Thracia
894 2330 945 2369 ad
967 2329 1092 2369 Hebri
1112 2342 1183 2369 seu
1207 2329 1377 2368 Mai-izae
1394 2328 1552 2376 ostium,

30 2387 142 2426 haud
168 2389 315 2441 procul
336 2388 385 2427 ab
412 2388 538 2438 Oeno,
565 2388 635 2426 ubi
661 2387 946 2426 monasterium
972 2387 1150 2427 virorum
1179 2387 1343 2435 exstitit,
1377 2386 1425 2424 ab
1448 2385 1551 2423 Isaa-

32 2445 95 2483 cio
122 2446 323 2485 Comneno
342 2445 561 2485 Andronici
577 2445 752 2497 Tyranni
774 2451 887 2498 patre
909 2444 1004 2484 olim
1027 2450 1295 2493 exstructum,
1326 2442 1387 2480 uti
1407 2448 1551 2479 auctor

32 2502 263 2542 estNicetas
282 2503 325 2542 in
345 2503 575 2542 Andronico
598 2503 665 2541 lib.
685 2503 716 2542 I.
736 2516 826 2555 cap.
848 2502 897 2543 Π.
920 2508 960 2541 et
976 2501 1018 2541 in
1039 2501 1190 2541 Isaacio
1214 2499 1364 2548 Angelo
1389 2498 1457 2538 lib.
1479 2498 1547 2540 IV.

32 2573 123 2611 cap.
154 2559 258 2600 VIIL
277 2567 325 2599 ut
345 2568 385 2600 et
408 2562 708 2599 Cantacuzenus
737 2559 804 2598 lib.
824 2559 895 2602 ΠΙ.
915 2573 1003 2613 cap.
1023 2558 1169 2599 XXVI.
1185 2556 1336 2597 XXXI.
1362 2554 1547 2594 XXXIV.

29 2616 129 2654 LIV.
154 2622 193 2655 et
212 2616 283 2658 lib.
304 2618 372 2659 IV.
392 2632 480 2672 cap.
499 2617 619 2656 XLII.
652 2615 987 2671 quemadmodum
1020 2631 1044 2655 a
1068 2615 1183 2654 nobis
1217 2613 1468 2652 observatum
1497 2610 1548 2650 ad

29 2672 358 2714 Villharduinum
402 2690 440 2715 n.
482 2675 576 2714 CCI.
609 2690 632 2713 a
665 2688 745 2727 quo
775 2671 960 2713 Z’Abbe’ie
990 2671 1038 2712 de
1071 2670 1272 2711 Veroisine
1309 2668 1545 2721 appellatur.

29 2744 202 2769 DUCANG·
266 2735 349 2784 Τῆς
367 2736 449 2773 τῶν
466 2727 672 2787 Αὕδήρων
693 2733 848 2784 μονῆς]
880 2730 1024 2770 Graeci
1047 2727 1290 2768 recentiores
1312 2723 1482 2776 Αὔδηρα
1506 2731 1547 2764 et

29 2785 210 2842 Αὕδειρα
229 2790 494 2843 scripserunt,
525 2788 805 2843 ΡτοἎβδηρα.
863 2788 933 2829 Est
955 2791 1087 2827 autem
1113 2782 1279 2825 Abdera
1305 2782 1545 2836 oppidulum
