1754 3164
202 110 335 159 1266
711 116 1190 164 ANNOTATIONES.

310 221 409 276 Pag·
442 222 538 269 635.
569 225 608 267 8.
669 221 823 278 Θέρους
850 222 924 277 μὲν
952 219 1028 267 οὖν
1058 223 1276 280 ἐνειστήκει
1306 223 1470 282 καιρὸς]
1513 227 1728 268 Cantacuz.

195 278 268 320 lib.
291 278 361 318 III.
389 294 475 332 cap.
497 283 565 322 39.
591 281 661 324 40.
718 295 894 321 nummo.

309 335 404 389 Pag.
437 340 532 387 636,
555 342 594 383 8.
651 334 788 395 Ἀπῄει
806 339 1117 396 συντεταγμένος
1134 338 1210 395 τήν
1227 341 1294 383 ἐπὶ
1318 341 1602 398 Τριβαλλοῦςὸ
1619 345 1730 398 βασι-

196 391 312 445 λεύς]
345 394 559 434 Cantacuz.
580 396 652 437 lib.
674 397 745 436 III.
772 411 859 451 cap.
877 398 943 441 41.
1000 413 1175 441 nummo.

308 451 408 505 Pag.
439 454 538 504 636,
561 456 631 497 23.
690 458 816 496 Δεῦτε
843 452 1122 510 δειπνήσωμεν
1146 456 1251 509 etc.]
1286 457 1436 511 Per-gite
1464 457 1730 513 animojorii,

199 506 518 550 Lacedaemonii.
575 509 714 551 Hodie
756 511 866 567 apud
910 514 1061 567 inferos
1089 514 1275 570 fortasse
1316 513 1578 554 coenabimus.
1650 515 1731 555 Cic.

194 566 358 606 Tuscul.
402 566 568 615 Quaest.
597 569 666 608 lib.
701 570 732 609 Ι.
772 577 869 611 sect.
908 574 1001 614 101.
1060 572 1164 612 Vide
1200 577 1239 612 et
1269 572 1391 612 huius
1425 571 1626 612 Historiae
1658 573 1729 613 lib.

193 623 340 663 XVIII.
365 625 471 663 iufra
502 639 590 680 cap.
610 627 660 667 V.
680 634 774 667 sect.
794 631 834 670 9.
891 643 1045 669 nomm.

308 680 344 721 P
342 697 404 736 ag·
432 685 529 733 637,
553 689 590 728 1.
651 684 810 738 Πέμπει
829 683 899 727 τόν
920 685 1114 742 Κροίλην]
1147 687 1270 727 Istius
1291 687 1504 739 legationis
1523 687 1576 727 ad
1596 701 1729 740 regem

196 739 359 779 Serviae
377 741 559 781 meminit
582 743 883 783 Cantacuzenus
907 759 994 798 cap.
1015 745 1083 789 43.
1112 759 1201 798 pag.
1222 748 1319 789 488.
1378 759 1550 786 nonme.

306 795 404 851 Peg.
424 801 521 848 637,
544 803 609 843 19.
667 800 859 857 Λιβέριος
878 799 1035 858 ὄνομα]
1068 804 1343 843 Cantacuzeno
1359 803 1547 859 Λίβερος,
1566 803 1635 844 lib.
1658 803 1727 844 ΠΙ.

192 867 283 907 cap.
301 854 369 897 42.
426 870 599 896 nnuma.

309 914 406 967 Pag·
433 917 529 965 637,
561 918 628 959 22.
687 914 770 957 Καὶ
806 912 890 970 ἅμα
917 914 1237 972 συνταξάμενος]
1277 915 1481 972 Simulque
1519 932 1563 956 eo
1601 915 1730 958 valere

192 970 298 1009 iusso
321 977 396 1009 etc.
454 971 503 1010 Id
527 971 714 1012 hocloco
734 974 931 1026 significat
949 976 1115 1015 verbum
1143 971 1432 1025 συντάξασθαι.
1455 1018 1458 1020 ,
1494 975 1586 1014 Alio
1610 989 1730 1014 sensu

193 1040 330 1081 supra,
350 1024 472 1084 ἀπῄει
486 1031 795 1084 συντεταγμένος
813 1030 889 1086 τήν
906 1033 972 1074 ἐπὶ
996 1031 1255 1088 Τριβαλλούς.
1285 1046 1372 1086 pag.
1386 1033 1545 1076 3951).
1574 1047 1727 1072 BOIVIN.

309 1088 406 1138 Pag.
427 1089 523 1137 638,
548 1093 588 1132 7.
632 1085 759 1130 “va
782 1086 843 1130 δι’
859 1090 1032 1146 ἐχθρᾶς]
1064 1092 1246 1144 Euripid.
1273 1091 1314 1129 in
1333 1089 1540 1132 Phoeniss.
1575 1104 1727 1129 nomm.

305 1141 406 1194 Pag·
439 1147 536 1195 638,
576 1150 642 1189 16.
699 1142 791 1188 Ἐπὶ
815 1149 990 1202 θυγατρὶ
1019 1147 1232 1204 γαμβρόν]
1267 1149 1364 1188 Tres
1390 1149 1503 1188 fuere
1532 1149 1728 1188 Cantacu-

194 1212 295 1238 zeno
314 1199 443 1251 filiae,
475 1202 623 1254 Maria,
653 1203 865 1244 Theodora
890 1213 929 1246 et
946 1207 1108 1248 Helena.
1167 1220 1340 1248 numne.

305 1255 403 1312 Pag.
421 1262 518 1310 639,
536 1262 575 1304 5.
633 1263 826 1303 Σκοπίων
850 1293 859 1303 .
882 1293 891 1302 .
914 1294 923 1303 .
950 1293 959 1303 .
977 1264 1212 1318 πολίχνιον]
1247 1265 1460 1312 Cantacuz.
1481 1264 1620 1303 eodem
1640 1277 1727 1317 cap.

191 1326 280 1366 Pag-
304 1315 401 1358 490.
458 1332 631 1360 numme.

308 1375 406 1426 Pdg-
435 1379 531 1425 639,
566 1381 605 1420 6.
659 1375 709 1418 Ὃ
738 1375 915 1431 ποταμὸς
945 1376 1097 1432 Ἄξιός]
1138 1379 1239 1420 vide
1266 1380 1336 1419 lib.
1367 1378 1477 1420 vm.
1507 1392 1595 1432 cap.
1618 1378 1725 1418 XIV.

191 1434 289 1470 sect.
311 1434 351 1472 7.
409 1447 562 1475 Bowm.

307 1489 405 1542 Pag·
438 1494 541 1542 639,
572 1496 612 1536 9.
670 1487 922 1546 Βαρδᾶριον]
953 1493 1055 1533 Vide
1077 1501 1193 1534 notas
1222 1494 1273 1534 ad
1301 1493 1536 1534 Alexiadem
1561 1508 1603 1547 p.
1627 1496 1723 1536 229.

194 1549 237 1583 et
260 1544 389 1587 Gloss.
414 1549 520 1590 med.
543 1550 717 1590 Graecit.
743 1551 786 1589 in
802 1553 1094 1605 Βαρὸαριῶται.
1129 1567 1306 1594 DUCANG.

307 1605 408 1657 Pssg·
441 1606 543 1657 640,
577 1609 641 1652 15.
703 1608 806 1662 Περὶ
831 1607 902 1658 τοῖς
922 1613 996 1650 τοῦ
1023 1606 1217 1665 Ὠρίωνος
1241 1606 1451 1662 ἐπιτολάς]
1481 1609 1541 1647 Ab
1563 1608 1724 1661 incepto

191 1658 302 1699 civili
322 1659 430 1702 bello
450 1678 594 1704 novem
615 1667 692 1705 iam
716 1680 869 1706 menses
889 1667 1143 1718 effluxerant,
1170 1675 1215 1708 ut
1236 1669 1384 1708 diserte
1407 1668 1464 1706 ait
1482 1667 1726 1705 Cantacuze-

190 1731 267 1756 nus
298 1717 397 1760 Hist.
427 1721 495 1761 lib.
518 1723 584 1763 III.
617 1738 703 1777 cap.
730 1725 874 1764 XLIII.
897 1740 936 1779 p.
956 1726 1053 1768 492.
1101 1726 1227 1766 Porro
1248 1727 1396 1765 bellum
1417 1725 1580 1763 ineunte
1603 1724 1726 1762 Octo-

192 1775 276 1825 bri,
312 1790 373 1818 an.
401 1779 492 1818 Chr.
525 1781 764 1823 MCCCXLI.
796 1790 983 1836 coeptum
1019 1784 1169 1835 fuerat,
1210 1791 1257 1823 ut
1286 1785 1392 1823 idem
1424 1784 1725 1821 Cantacuzenus

190 1833 316 1872 tradit
345 1835 472 1879 eiusd.
509 1838 577 1876 lib.
613 1854 701 1893 cap.
730 1841 862 1880 XXII.
922 1841 1061 1893 Itaque
1085 1849 1124 1880 et
1147 1842 1308 1882 Orionis
1339 1847 1475 1890 ortus,
1509 1847 1548 1880 et
1578 1841 1725 1878 Canta-

191 1891 333 1930 cuzeni
362 1907 452 1933 cum
475 1896 589 1935 Crale
612 1911 871 1950 congressus,
905 1899 1048 1938 referri
1073 1899 1220 1939 debent
1244 1900 1294 1938 ad
1316 1900 1478 1939 ultimos
1499 1898 1626 1946 Iunii,
1657 1896 1725 1935 vel

191 1948 243 1987 ad
277 1950 427 2000 primos
459 1953 553 1993 Iulii
587 1954 695 2006 dies,
745 1969 817 1994 seu
856 1956 908 1995 ad
939 1957 1099 1996 initium
1136 1958 1295 1997 aestatis
1333 1957 1427 1996 anni
1461 1955 1724 1995 MCCCXLII.

190 2019 347 2047 nowm.

305 2063 404 2120 Pag-
439 2066 544 2119 642,
581 2072 645 2112 11.
682 2069 765 2110 Καὶ
784 2066 868 2123 ἅμα
885 2069 959 2124 τὴν
980 2075 1063 2113 τῶν
1085 2071 1198 2126 μέχρι
1219 2068 1567 2126 Χριστουπόλεως]
1601 2070 1724 2118 Quod

192 2121 356 2174 quidem
386 2139 408 2162 a
435 2125 638 2178 Byzantiis
668 2134 707 2166 et
739 2128 786 2166 ab
815 2130 1028 2181 Apocauco
1066 2131 1241 2169 oblatum
1269 2130 1430 2169 Serviae
1457 2128 1652 2182 principi,
1681 2128 1722 2165 in

191 2193 312 2217 eausa
341 2181 446 2221 forte
475 2184 572 2234 fuit,
607 2198 680 2223 cur
714 2200 736 2224 a
759 2187 1057 2238 Cantaeuzeuo,
1089 2203 1112 2226 a
1132 2189 1272 2241 quoin
1292 2187 1464 2226 foederis
1490 2186 1720 2225 societatem

191 2233 504 2290 sollicitabatur,
537 2243 771 2295 expetierit,
804 2246 912 2296 quod
941 2260 983 2284 se
1011 2246 1221 2297 denegasse
1243 2251 1413 2284 testatur
1444 2244 1548 2282 idem
1576 2244 1722 2281 Canta-

192 2308 333 2336 cuzen.
363 2297 431 2336 lib.
453 2299 522 2339 [Π.
553 2314 641 2351 cap.
671 2300 739 2343 43.
767 2308 806 2340 et
826 2303 893 2345 44.
953 2304 1030 2342 Sed
1057 2310 1095 2342 et
1119 2304 1168 2342 de
1193 2302 1414 2342 occidendo
1438 2303 1719 2340 Cantacuzeno

192 2352 340 2404 agitata
367 2369 450 2395 esse
483 2358 646 2396 consilia
684 2373 705 2396 a
733 2359 937 2398 Servianis
969 2361 1248 2413 optimatibus,
1287 2359 1439 2399 indicio
1472 2372 1556 2397 esse
1589 2363 1722 2410 potest

192 2410 367 2451 Helenae
389 2414 550 2455 Serviae
569 2415 698 2455 Cralis
718 2418 857 2456 uxoris
878 2418 930 2457 ad
950 2433 1016 2458 eos
1046 2417 1180 2457 habita
1203 2418 1329 2459 oratio
1359 2417 1402 2456 in
1420 2416 1512 2456 eod.
1542 2430 1629 2469 cap.
1650 2414 1718 2458 44.

191 2482 368 2510 DUGANG.

304 2530 405 2582 Pag.
437 2532 541 2580 642,
574 2533 638 2572 13.
700 2531 782 2572 Καὶ
809 2530 886 2575 ὅσα
910 2531 1053 2586 μεταξὺ
1075 2535 1157 2573 τοῖν
1175 2529 1278 2586 πρός
1299 2530 1350 2572 ἕω
1368 2533 1443 2572 τοῦ
1467 2527 1608 2573 Ἰονίου
1627 2526 1719 2571 κόλ-

189 2599 272 2625 που
297 2583 427 2639 ψαύει
445 2587 654 2641 πλευραῖν]
683 2589 816 2629 Verba
847 2591 1023 2630 auctoris
1053 2593 1108 2629 ita
1130 2589 1359 2639 construxi,
1389 2589 1456 2630 καὶ
1477 2587 1552 2630 ὅσα
1574 2585 1719 2642 μεταξύ

191 2641 354 2696 (supple
379 2649 451 2699 τῆς
473 2640 690 2700 Ἰλλυρίδος
717 2649 902 2701 κείμενα)
932 2646 1060 2700 ψαύει
1090 2651 1274 2699 πλευρῶν
1301 2649 1375 2688 τοῦ
1395 2642 1536 2688 Ἰονίου
1565 2643 1719 2686 κόλπου

190 2704 272 2741 τῶν
296 2700 398 2755 πρός
422 2704 492 2753 ἕω,
532 2703 573 2742 id
597 2711 676 2754 est,
718 2715 753 2743 et
782 2705 978 2761 quidquid
1010 2707 1111 2746 citra
1141 2703 1371 2759 Illyricum,
1401 2704 1560 2757 attingit
1592 2701 1720 2742 latera

192 2759 401 2800 orientalia
430 2760 561 2802 Ῑοηίοἰ
584 2762 718 2801 maris.
780 2764 933 2811 Quodsi
966 2764 1023 2803 ita
1054 2768 1357 2811 construantur,
1387 2760 1457 2802 καὶ
1479 2758 1554 2802 ὅσα
1572 2756 1717 2813 μεταξύ

189 2819 273 2858 τῶν
293 2816 395 2874 πρός
415 2819 467 2861 ἕω
490 2820 655 2873 (supple
686 2819 866 2877 κείμενα)
893 2818 1020 2874 ψαύει.
1050 2823 1232 2875 πλευρῶν
1254 2817 1394 2861 Ἰονίου
1419 2814 1596 2869 κόλπου,
1626 2830 1718 2857 ver·-
