1794 3172
253 126 359 177 586
658 135 977 180 NICEPHORI
1005 135 1346 183 GREGORAE.

35 255 74 290 A.
92 254 135 288 M.
154 251 246 290 6849
257 249 375 304 ψυχῇ
394 245 537 296 κακίας
556 247 623 288 καὶ
643 243 768 289 δόλου
786 245 965 301 μεστὰς,
1002 247 1039 289 εῗ
1067 248 1136 290 καὶ
1149 294 1152 299 ,
1166 247 1297 303 μηδὲν
1322 245 1465 292 αὐτῶν
1497 243 1747 297 ἇπόνασθαί

91 302 159 335 Iud·
178 301 202 337 9
258 317 298 360 οἳ
318 315 538 372 ἐξεγένετο,
577 320 652 358 τοῦ
673 320 776 359 θεοῦ
799 317 982 370 ματαίαν
1005 320 1146 359 πᾶσαν
1169 317 1299 359 αὐτοῦ
1321 316 1508 373 σπουδὴν
1537 319 1605 364 καὶ
1621 316 1743 373 μελέ-

256 402 334 442 την
357 383 609 438 δεικνύντος,
648 383 705 435 ὥς
727 383 928 442 εἰρήσεται
949 391 1163 444 προϊοῦσιν
1181 384 1280 442 ἡμῖν
1299 385 1566 444 πλατύτερον.

223 473 267 510 D*
370 464 413 510 ε’.
454 470 544 522 Τῆς
574 468 619 510 δὲ
653 465 794 524 φήμης
824 468 986 525 ῥυείσης
1021 469 1077 517 εἷς
1107 465 1217 511 ἅπαν
1244 466 1293 510 τὸ
1319 466 1636 524 στρατιωτικὸν,
1673 469 1742 510 καὶ

229 554 232 559 ·
260 536 351 581 ὅσοι
370 540 453 579 τῶν
473 537 757 593 συνετωτέρων
779 537 822 578 ἐκ
845 541 989 579 πασῶν
1011 541 1204 594 παρῆσαν
1233 541 1317 580 τῶν
1338 535 1496 580 πόλεων
1505 565 1525 590 ,-
1558 534 1614 587 ὥς
1634 537 1770 580 οἷ’κοιὸ

261 608 445 656 καθίσας
469 602 490 647 ὅ
510 605 854 662 Καντακουζηνός
873 604 1038 648 πάντων
1067 604 1321 664 πραγμάτων
1353 606 1576 662 ἀπέσχετο,
1613 606 1744 657 πολὺς

260 673 463 732 ἇνήπτετο
490 672 680 732 θόρυβος
705 673 813 717 κατά·
840 693 883 718 τε
908 674 1163 733 πατριάρχου
1194 678 1261 718 καὶ
1282 675 1562 729 Ἀποκαύκου,
1610 677 1679 718 καὶ
1707 676 1751 718 εἴ

260 746 367 795 τινές
384 762 466 788 που
484 748 567 787 τῶν
588 745 630 787 ἓν
649 744 751 787 τέλει
770 746 910 802 σφίσιν
933 743 1006 787 εἷεν
1029 743 1269 802 ὁμόφρονες.
1297 744 1409 789 εἶναι
1427 745 1507 803 γὰρ
1529 749 1613 788 τῶν
1631 745 1744 802 ἄμη-

256 813 397 871 χάνων
409 814 604 871 ἔφασκον,
630 814 809 872 ἀφέντας
828 814 900 857 τὸν
919 813 1203 871 πλουτοδότην
1220 817 1287 858 καὶ
1305 815 1441 859 κοινὸν
1459 815 1615 873 τροφέα
1625 818 1744 858 Καν-

260 884 535 940 τακουζηνὸν,
572 886 640 926 καὶ
667 882 980 941 συστρατιώτην
1013 888 1172 939 μᾶλλον
1196 883 1222 940 ἦ
1260 884 1517 943 στρατηγὸν,
1555 886 1622 927 καὶ
1641 901 1741 928 συν-
1755 899 1794 934 10

226 958 543 1011 Εταλαιπωρεΐν
566 951 705 996 εῗδότα
722 952 828 996 κατά
849 971 890 997 τε
906 954 980 1003 τὰς
990 951 1230 1010 ὑπαίθρους
1249 957 1315 997 καὶ
1333 956 1542 1013 χειμερίας
1562 970 1743 1011 στρατο-

264 1026 427 1074 πεδειάς
456 1023 620 1075 αὐτοῖς,
668 1023 842 1066 ἕπεσθαι
868 1022 1092 1079 μεμηνόσιν
1122 1022 1320 1081 ἀνδράσι,
1369 1026 1436 1067 καὶ
1466 1022 1547 1067 ὖπὸ
1577 1022 1743 1081 φθόνου

262 1096 330 1137 καὶ
347 1094 577 1146 βασκανίας
598 1090 888 1150 διεφθορόσιν,
927 1092 953 1149 ’ἢ
975 1097 1135 1147 μᾶλλον
1166 1094 1349 1148 ἀμαθέσι
1379 1093 1534 1144 παντὸς
1559 1093 1740 1150 ἀγαθοῦ,

263 1161 398 1206 ὁπόσα
417 1161 553 1212 πόλεις
573 1160 681 1205 οἶδεν
699 1162 870 1219 ὠφελεῖν
879 1195 892 1215 ,
931 1165 998 1205 καὶ
1021 1167 1165 1220 φοβεῖν
1191 1163 1396 1221 ἐχθροὺς,
1433 1165 1500 1206 καὶ
1516 1167 1745 1218 βασιλικοῖς

262 1233 445 1276 ἐπίδοσιν
482 1229 640 1274 διδόναι
676 1229 925 1289 πράγμασιν.
972 1231 1076 1275 ὥστε
1108 1233 1177 1275 καὶ
1215 1237 1288 1276 τοῦ
1317 1234 1436 1276 θείου
1468 1233 1744 1289 προτεθέντος
1757 1244 1794 1279 15

262 1302 492 1359 εὐαγγελίου
512 1300 618 1343 κατὰ
650 1300 699 1343 τὸ
730 1299 858 1343 πάλαι
890 1306 1103 1358 κρατῆσαν
1130 1301 1253 1355 ἔθος,
1300 1300 1402 1359 ὗπέρ
1426 1301 1656 1360 ἀσφαλείας
1675 1304 1744 1345 καὶ

261 1373 437 1422 πίστεως
459 1368 620 1426 ὀμνύειν
637 1374 720 1413 τῶν
741 1371 969 1425 βασιλέων,
1009 1371 1127 1414 αὐτοὶ
1148 1373 1216 1414 καὶ
1237 1376 1314 1414 τοῦ
1333 1376 1407 1428 τῆς
1423 1373 1637 1427 βασιλείας
1655 1372 1743 1414 ἔπι-

132 1447 172 1482 Ρ.
182 1445 253 1484 364
263 1439 419 1498 τρόπου
441 1441 791 1496 Καντακουζηνοῦ
810 1442 1112 1497 προσετίθεσαν
1129 1440 1327 1494 τοῦνομα.
1366 1440 1433 1484 ὅτε
1464 1441 1516 1498 δὴ
1538 1443 1605 1485 καὶ
1628 1441 1744 1484 ἄντι-

259 1511 387 1567 λέγειν
403 1512 670 1566 ἐπιχειροῦντι
690 1514 748 1569 τῷ
765 1508 1015 1570 Ἀποκαύκῳ
1028 1508 1259 1566 ἐπεπήδησέ
1272 1528 1334 1561 τις
1347 1511 1537 1566 ἐξαπίνης
1551 1509 1740 1568 ξιφήρης,

261 1581 386 1623 ε’κεῖνο
417 1579 464 1623 τὸ
493 1577 715 1635 Ὁμηρικὸν
745 1579 942 1633 ἐπειπὼν,
992 1577 1102 1634 αἶψά
1128 1597 1191 1623 τοι
1221 1577 1327 1634 αἷμα
1362 1580 1546 1624 κελαινὸν
1572 1578 1742 1637 ἐρωήσει
1753 1594 1794 1629 20

258 1652 350 1707 περὶ
367 1649 416 1692 τὸ
441 1650 571 1705 ξίφοςι
611 1642 644 1706 ᾧ
667 1647 719 1703 δὴ
741 1650 809 1690 καὶ
837 1651 982 1692 πολλοὶ
1005 1653 1089 1692 τῶν
1124 1653 1391 1707 στρατιωτῶν
1418 1648 1743 1708 συμφρονήσαν-

257 1736 326 1769 τες
359 1716 550 1776 θορύβου
583 1721 740 1760 πολλοῦ
763 1719 829 1760 καὶ
847 1723 953 1775 βοῆς
979 1719 1205 1775 ἐνέπλησαν
1223 1718 1277 1762 τὰ
1301 1721 1515 1775 βασίλεια·
1551 1717 1609 1770 ὥς
1627 1737 1742 1778 περι-

259 1790 362 1839 δεεῖς
393 1787 635 1846 γενομένους
668 1788 845 1838 ἐκείνους
871 1786 976 1845 ὅμοῦ
1009 1793 1063 1847 τῇ
1086 1790 1272 1845 βασιλίδι
1307 1788 1496 1847 οἶκτροῦς
1515 1789 1650 1840 ἱκέτας
1673 1806 1742 1846 γε·

257 1945 385 1979 nullum
408 1943 490 1979 inde
512 1922 661 1979 fructum
691 1944 856 1990 colligere
883 1944 918 1980 ei
941 1943 1111 1990 contigit,
1147 1944 1307 1980 eludente
1337 1944 1472 1981 scilicet
1495 1943 1572 1981 Deo
1598 1944 1742 1981 consilia

255 1992 349 2026 illius
372 2003 414 2026 ac
437 1991 651 2033 molitiones,
676 1997 716 2026 ut
735 1992 845 2026 fusius
867 1991 959 2027 infra
981 1991 1240 2027 declarabimus.

349 2051 385 2087 5.
408 2050 573 2084 Manante
593 2052 704 2084 autem
724 2050 817 2085 fama
836 2061 900 2096 per
916 2053 1024 2083 totum
1043 2050 1249 2091 exercitum,
1267 2053 1304 2085 et
1324 2049 1368 2085 ad
1385 2063 1445 2085 eos
1464 2061 1598 2092 omnes,
1621 2049 1680 2096 qui
1699 2061 1742 2084 ex

253 2107 460 2142 quacunque
486 2097 571 2130 urbe
598 2096 901 2142 intelligentissimi
924 2096 1091 2138 aderant,
1133 2098 1308 2132 sedentem
1347 2097 1435 2132 domi
1461 2098 1742 2132 Cantacuzenum

257 2144 302 2177 ab
330 2154 441 2177 rerum
466 2142 928 2189 administratione·prorsus
951 2155 990 2178 se
1013 2143 1205 2186 abstinere,
1237 2144 1401 2178 tumultus
1424 2144 1547 2189 ingens
1574 2143 1742 2178 adversus

228 2210 233 2214 ‹
255 2194 294 2224 et
314 2189 543 2234 patriarcham
566 2195 601 2223 et
627 2192 863 2234 Apoeaucum,
897 2194 934 2224 et
957 2190 988 2224 si
1013 2190 1073 2235 qui
1097 2202 1140 2225 ex
1160 2190 1303 2225 ducibus
1326 2191 1479 2226 consiliis
1504 2201 1619 2225 eorum
1641 2191 1742 2224 fave-

255 2241 355 2277 rent,
380 2235 589 2270 accenditur.
637 2237 825 2281 Negabant
851 2236 941 2271 enim
967 2236 1047 2271 fieri
1073 2248 1195 2282 posse,
1228 2243 1267 2272 ut
1297 2237 1573 2272 Cantacuzenum
1602 2236 1741 2282 quidem

257 2283 567 2324 obliviscerentur,
590 2282 700 2317 virum
716 2283 1079 2325 beneficentissimam,
1104 2295 1311 2319 communem
1329 2285 1472 2318 altorem
1494 2288 1531 2317 et
1551 2287 1740 2328 parentem,

256 2340 321 2363 nec
346 2333 416 2364 tam
443 2329 562 2364 ducem
593 2341 693 2374 quam
721 2329 978 2364 commilitonem
1005 2342 1122 2372 suum,
1164 2331 1226 2376 qui
1250 2342 1364 2365 secum
1393 2331 1456 2365 sub
1477 2329 1534 2364 dio
1560 2329 1740 2375 mediaque

254 2375 368 2410 hieme
386 2375 528 2410 bellicos
555 2375 690 2410 labores
717 2376 867 2412 tolerare
893 2377 1094 2419 didicisset,
1119 2377 1270 2412 homines
1297 2381 1410 2412 autem
1437 2382 1662 2421 sequerentur
1682 2376 1740 2409 fu·-

254 2422 388 2464 riosos,
409 2421 544 2457 invidia
567 2426 604 2456 et
626 2423 772 2457 obscuro
801 2423 879 2458 odio
904 2424 1207 2466 contabescentes3
1232 2424 1383 2458 homines
1401 2422 1508 2458 omnis
1531 2422 1611 2456 boni
1639 2421 1740 2467 igna-

254 2479 332 2510 τοῦ,
356 2468 447 2514 quod
472 2473 532 2503 aut
557 2468 699 2503 urbibus
718 2470 904 2514 prodesse,
938 2474 1000 2505 aut
1025 2471 1141 2504 hostes
1157 2474 1313 2512 terrere,
1338 2474 1398 2505 aut
1415 2481 1473 2503 res
1495 2468 1751 2514 imperatorias.

252 2521 373 2560 posset
390 2516 427 2549 in
446 2516 555 2550 maius
574 2516 778 2561 provehere.
811 2517 956 2551 Admoto
971 2517 1091 2562 itaque
1102 2542 1112 2558 ,
1135 2516 1224 2551 sicut
1239 2517 1352 2551 veteri
1367 2527 1460 2551 more
1478 2519 1650 2560 receptum
1670 2520 1738 2557 est,

254 2560 374 2595 divino
394 2561 606 2608 Evangelio,
632 2573 696 2607 per
714 2562 805 2607 quod
834 2563 989 2598 iurarent
1016 2563 1218 2598 defensuros
1247 2574 1285 2598 se
1307 2562 1552 2608 imperatorum
1570 2562 1676 2596 vitam
1701 2566 1738 2596 et

252 2606 357 2641 fidem
375 2614 572 2643 servaturos
584 2633 594 2650 ‚
619 2608 787 2644 addidere
812 2609 848 2643 hi
869 2614 906 2644 et
924 2610 1159 2644 Cantacuzeni
1178 2621 1311 2652 nomen,
1335 2608 1470 2655 imperii
1490 2607 1736 2654 procuratoris.

253 2653 410 2708 Cumque
430 2654 474 2688 ad
496 2654 795 2690 contradicendum
817 2656 1069 2701 aggrederetur
1094 2658 1319 2701 Apocaucus,
1350 2656 1388 2690 in
1413 2665 1491 2691 eum
1515 2655 1632 2689 statim
1656 2655 1737 2700 qui-

252 2698 332 2735 dam
352 2701 456 2736 irruit
477 2701 600 2736 stricto
619 2701 755 2746 gladio,
780 2706 817 2736 et
841 2702 927 2736 illud
943 2701 1163 2737 Homericum
1181 2702 1322 2744 adiecit,

572 2747 717 2782 obscuro
745 2749 874 2783 ferrum
901 2748 967 2783 hoc
992 2748 1058 2782 iam
1089 2748 1253 2794 sanguine
1280 2749 1408 2793 tinges.

248 2790 472 2838 euivquidem
501 2792 643 2828 militum
669 2794 767 2828 multi
794 2794 926 2829 assensi
956 2805 1081 2840 magno
1103 2795 1250 2829 tumultu
1267 2798 1305 2830 et
1318 2796 1464 2830 clamore
1483 2794 1597 2830 aulam
1614 2792 1736 2840 imple-

244 2842 389 2875 verunta
411 2839 463 2890 ita
486 2844 526 2875 ut
545 2841 703 2885 Augusta
723 2845 760 2877 et
779 2840 830 2876 ini
849 2841 912 2889 qui
927 2851 1004 2877 cum
1021 2852 1065 2877 ea
1081 2847 1201 2884 erant,
1223 2845 1316 2878 metu
1337 2841 1534 2886 exanhuati,
1558 2841 1736 2878 camacu-
