1794 3172
271 124 374 174 616
593 181 595 184 ,
675 130 991 178 NICEPHORI
1021 129 1346 175 GREGORAE

50 249 89 282 A.
109 241 543 301 M4685Osi'nsQ-›7t0‘css5
591 238 754 300 ἐγεγόνει
782 239 917 297 βαρὺς
952 240 1019 283 καὶ
1050 237 1158 283 πάνυ
1193 257 1258 283 τοι
1289 235 1455 299 σφόδρα
1475 239 1638 296 συνεχὲς
1657 238 1747 282 ἔπι-

97 294 225 363 in‹l.1o
272 312 408 371 φέρων
441 313 490 356 τὸ
521 309 676 368 βάρος·
722 311 790 354 καὶ
820 307 925 366 πρός
952 325 995 365 γε
1023 313 1106 352 τῶν
1137 307 1393 366 γραμμάτων
1417 307 1683 370 ὁπόσωπρός
1704 326 1747 351 τε

116 376 118 378 ’
270 382 345 426 τὸν
364 380 537 438 Κράλην
559 380 736 437 Σερβίας
770 381 837 422 καὶ
853 379 1121 435 Ἀλέξανδρον
1133 378 1238 431 ,τὸν
1257 382 1340 422 τῶν
1359 381 1526 422 Μυσῶν
1549 377 1743 434 ἀρχηγὸν,

273 452 342 495 καὶ
359 451 460 508 πρὸς
480 447 748 505 οῗουσδήποτε
765 449 1000 504 συμμαχίας
1020 448 1132 491 ἕνεκα
1151 446 1301 502 ἔπεμπε
1311 481 1325 501 ,
1363 445 1498 491 πάντα
1530 446 1746 503 ἡλίσκοντο

270 520 374 577 ’πρὸς
397 524 479 563 τῶν
510 519 769 572 Βυζαντίων,
808 524 1007 576 φρουροῖς
1035 518 1103 560 καὶ
1131 515 1429 576 ἡμεροσκόποις
1450 515 1775 573 διαλαβόντων5

270 590 325 633 τὰ
351 587 485 648 κύκλῳ
508 586 611 646 πρός
635 605 676 630 τε
697 592 772 644 γῆς
789 589 856 630 καὶ
875 584 1105 643 θαλάττης.

236 669 270 704 Ε
320 687 322 690 ·
386 667 449 726 ιγ’.
478 667 530 712 “O
548 685 591 726 γε
609 668 692 724 μὴν
712 666 969 726 πατριάρχης
986 669 1152 724 μείζονα
1172 666 1248 724 τὴν
1269 666 1477 712 δικαίωσιν
1496 671 1571 724 τῆς
1588 671 1752 722 βασιλι-

273 742 348 795 κῆς
379 739 599 796 ἐπιτροπῆς
624 736 919 793 μηχανώμενος
950 735 1084 798 ἑαυτῷ
1120 736 1265 792 ἕστεψε
1295 736 1364 780 διὰ
1398 735 1534 794 πάσης
1563 738 1751 792 σπουδῆς

144 808 188 844 Ρ·
199 805 464 864 384Ἰωάννην
492 807 565 851 τὸν
588 810 717 850 παῖδα
741 812 815 850 τοῦ
832 807 1058 862 βασιλέως,
1098 807 1146 850 οὗ
1167 808 1424 864 περιμείνας,
1462 807 1531 850 διὰ
1547 806 1594 850 τὸ
1614 807 1752 861 λίχνον

275 880 351 934 τῆς
379 877 553 935 ἐφέσεως
563 911 576 931 ,
626 875 732 920 οὗθ’
764 875 924 932 ἡλικίαν
947 877 1100 931 αὐτοῦ,
1142 875 1234 919 οὔτ’
1265 876 1464 933 ἐπίσημον
1482 874 1639 934 ἡμέραν
1658 875 1752 918 τινὰ
1767 879 1794 913 κ

275 951 351 991 τοῦ
383 948 582 990 ἐνιαυτοῦ.
620 944 741 1002 ἐνάτη
774 947 852 1005 γὰρ
883 947 948 989 ἐπὶ
981 946 1078 989 δέκα
1110 946 1248 1001 ἔτυχεν
1271 941 1376 989 οὖσα
1411 950 1486 989 τοῦ
1516 947 1751 1002 νοεμβρίου,

263 1011 364 1074 ’ἕνῇ
384 1016 429 1060 τὸ
457 1015 670 1071 βασιλικὸν
700 1015 813 1075 αὐτῷ
843 1016 1091 1074 περιτέθεικε
1114 1017 1288 1074 στέφος,
1327 1013 1562 1070 ἆξύμβολός
1588 1032 1650 1065 τις
1670 1012 1756 1072 φά-

278 1092 353 1130 ναί
363 1087 430 1129 καὶ
450 1084 564 1141 μάλα
582 1085 797 1143 ἀνέορτος,
833 1083 883 1129 τό
902 1102 944 1142 γε
964 1080 1064 1142 ἧκον
1084 1087 1139 1137 εἷς
1161 1083 1302 1141 αὐτήν.
1337 1086 1469 1128 καίτοι
1487 1089 1610 1128 τοῦτο
1634 1081 1757 1139 ἐβού-

280 1156 373 1199 λετο
409 1156 484 1210 μὲν
523 1155 864 1213 περιφανέστερον
898 1153 919 1199 ὃ
961 1150 1305 1211 Καντακουζηνὸς
1349 1158 1607 1210 καταστῆσαι
1650 1153 1755 1209 μετὰ

280 1225 354 1268 τὸν
382 1229 456 1267 τοῦ
489 1225 690 1280 βασιλέως
719 1223 909 1268 θάνατον
939 1223 1089 1276 εὐθύς·
1127 1223 1275 1269 ἐκώλυε
1305 1223 1350 1267 δ’
1386 1223 1511 1274 αὐτὸς
1531 1221 1758 1278 ἐπιβούλως
1770 1228 1794 1263 1.

241 1295 351 1338 Βκαὶ
377 1291 493 1349 μάλα
529 1293 604 1337 σὺν
637 1292 759 1353 δόλῳ.
832 1293 925 1354 (B.)
971 1294 1095 1339 Κατὰ
1119 1295 1259 1351 μέντοι
1295 1293 1370 1350 τὴν
1405 1298 1480 1337 τοῦ
1517 1294 1758 1349 δεκεμβριόυ

278 1362 480 1421 τετάρτην
502 1365 568 1406 καὶ
588 1364 772 1420 εἰκοστὴν
780 1397 794 1418 ,
833 1366 924 1422 περὶ
955 1365 1091 1421 δειλὴν
1123 1364 1251 1420 ὀψίαν
1261 1397 1275 1417 ,
1315 1361 1436 1408 ὁπότε
1455 1363 1528 1419 τὴν
1549 1363 1759 1420 γενέθλιον

280 1431 507 1491 πανήγυριν
528 1431 770 1491 ἑορτάζομεν
790 1438 865 1477 τοῦ
890 1439 1077 1493 σωτῆρος
1097 1437 1289 1492 Χριστοῦ
1302 1467 1316 1487 ,
1356 1432 1575 1488 ἀνεβίβασε
1611 1435 1760 1475 τοῦτον

282 1502 358 1546 κᾶν
380 1505 447 1561 ’τῷ
476 1506 551 1546 τοῦ
577 1504 779 1546 παλατιόυ
807 1505 998 1563 Αἶθερίῳ
1027 1505 1214 1563 οῗκίσκῳ·
1251 1502 1353 1547 ὅθεν
1382 1505 1449 1546 καὶ
1473 1503 1511 1546 οἳ
1527 1501 1607 1560 πρὸ
1630 1502 1759 1544 αὐτοῦ

281 1569 709 1628 βασιλεΐςεῖώθεισαν
738 1573 814 1629 τὴν
841 1572 1037 1630 τοιαύτην
1065 1571 1223 1631 ἡμέραν
1252 1570 1523 1630 προκύπτειν,
1562 1572 1794 1629 ἀθροιζο-2

226 1682 229 1685 ,
280 1642 406 1698 μένου
425 1645 500 1685 τοῦ
528 1640 720 1698 πλήθους
739 1647 821 1686 τῶν
852 1641 1113 1697 Βυζαντίων,
1147 1645 1233 1687 ’καὶ
1271 1642 1427 1692 παντὸς
1456 1646 1529 1685 τοῦ
1561 1637 1758 1699 στρατοῦ,

283 1713 352 1754 καὶ
372 1708 663 1766 ἆνυμνούντων
697 1712 848 1763 αὐτοὺς
877 1713 1014 1769 εὗχαῖς
1042 1730 1086 1757 τε
1116 1714 1184 1756 καὶ
1206 1713 1425 1770 εὐφημίαις
1449 1712 1663 1760 παντοίαις
1685 1708 1762 1753 κά-

252 1785 453 1834 Οτωθεν,
492 1780 854 1837 κατ’..εῗκόνατοῢ
885 1781 1014 1835 πάλαι
1043 1780 1259 1840 θριάμβου
1283 1780 1509 1837 Ῥωμαίων.
1555 1776 1607 1836 ἦν
1627 1781 1673 1822 δὲ
1688 1784 1763 1823 νῦν

287 1848 311 1893 ὃ
331 1854 406 1892 τοῦ
430 1847 563 1906 δήμου
583 1848 773 1894 κάτωθεν
798 1850 1065 1908 ἔξηχούμενος
1094 1849 1241 1909 κρότος
1269 1852 1338 1894 καὶ
1364 1848 1555 1909 θόρυβος
1589 1849 1664 1893 οὐκ
1695 1849 1764 1893 εὗ-

289 1981 564 2038 ponstantissime
580 1982 845 2030 ingravescens,
867 1983 1057 2032 asperrima
1075 1988 1153 2020 tum.
1165 1983 1252 2020 fuit:
1277 1986 1313 2019 et
1333 1986 1514 2030 praeterea
1534 1994 1767 2030 quascumque

289 2029 349 2063 ille
375 2029 509 2064 litteras
536 2029 610 2065 sive
632 2031 677 2065 ad
695 2032 831 2066 Cralem
852 2031 1015 2074 serviae,
1042 2031 1116 2067 sive
1140 2032 1184 2066 ad
1209 2031 1436 2066 Alexandrum
1465 2031 1640 2077 Mysorum
1670 2030 1768 2076 prin-

291 2075 422 2120 cipem,
458 2076 532 2110 sive
559 2077 602 2110 ad
632 2078 717 2111 alios
744 2077 917 2124 quoslibet
941 2079 1220 2113 arcessendorum
1243 2078 1444 2112 auxiliorum
1466 2089 1570 2112 causa
1595 2077 1766 2118 mittebat,

290 2133 407 2156 omnes
433 2121 742 2168 intercipiebantur
768 2136 789 2158 a
813 2124 1015 2170 Byzantiis,
1040 2126 1100 2172 qui
1125 2129 1252 2161 cuncta
1276 2125 1405 2160 circum
1421 2136 1443 2160 a
1462 2128 1560 2160 terra
1586 2128 1622 2159 et
1641 2136 1662 2159 a
1681 2123 1769 2158 mari

290 2168 490 2204 custodibus
509 2174 613 2215 atque
631 2170 905 2216 exploratoribus
924 2172 1097 2207 tenebant.

293 2264 297 2269 ,
385 2227 440 2263 13.
471 2227 517 2262 At
541 2228 757 2273 patriarcha,
790 2240 858 2276 quo
882 2228 1060 2264 videretur
1084 2228 1214 2264 meliori
1246 2228 1321 2265 iure
1344 2229 1486 2264 tutelam
1515 2227 1770 2275 imperatoriam

291 2272 361 2321 sibi
380 2285 582 2319 arrogasse,>
603 2275 692 2309 omni
710 2275 891 2321 diligentia
906 2276 1064 2311 Ioannem
1085 2276 1240 2312 defuncti
1259 2276 1479 2323 imperatoris
1496 2275 1603 2310 filium
1625 2286 1770 2310 corona-

290 2320 365 2362 vit,
389 2331 457 2354 non
478 2325 679 2366 exspectata.
718 2334 807 2368 prae>
828 2322 995 2358 aviditate
1026 2334 1090 2358 nec
1109 2329 1224 2358 aetate
1248 2323 1362 2366 illius,
1387 2334 1451 2358 nec
1474 2322 1588 2368 aliqua
1617 2321 1696 2356 anni
1713 2321 1772 2356 die

291 2366 485 2412 insigniori.
533 2368 622 2402 Nam
638 2368 670 2402 is
688 2380 846 2404 coronam
867 2368 1120 2415 imperatoriam
1137 2369 1228 2404 illius
1252 2371 1359 2416 capiti
1378 2369 1539 2415 imposuit
1555 2367 1767 2403 Novembris

291 2413 351 2447 die
370 2423 441 2448 xlx.
459 2425 549 2459 quae
564 2414 639 2449 dies
662 2426 705 2449 ex
724 2427 762 2450 se
782 2415 918 2450 minime
937 2415 1083 2461 insignis
1099 2421 1158 2451 aut
1175 2417 1324 2451 solennis
1343 2421 1410 2452 est.
1457 2417 1502 2450 At
1521 2415 1557 2448 id
1574 2415 1689 2460 ipsum
1706 2426 1771 2449 vo·-

292 2458 407 2494 luerat
434 2460 697 2496 Cantacuzenus
726 2462 959 2507 splendidiore
991 2467 1160 2508 apparatu
1192 2464 1367 2498 celebrare
1397 2466 1476 2509 post
1502 2461 1630 2496 obitum
1655 2461 1772 2495 statim

291 2506 533 2551 imperatorin
566 2508 627 2542 sed
646 2508 702 2542 hic
728 2508 894 2543 insidiose
915 2513 951 2544 et
966 2509 1143 2544 maximam
1163 2521 1226 2556 per
1247 2510 1402 2544 fraudem
1426 2507 1640 2554 impedierat.
1686 2507 1774 2552 (11.)

295 2552 427 2595 Verum
447 2553 504 2588 die
523 2553 725 2590 Decembris
743 2566 838 2590 xxxv.
864 2555 958 2590 circa
977 2567 1179 2601 vesperam,
1203 2568 1276 2591 curn
1297 2557 1436 2600 solenne
1459 2554 1619 2590 natalium
1641 2553 1774 2588 Christi

290 2598 488 2641 VSalvatoris
513 2601 745 2644 celebramus,
768 2601 911 2637 eundem
936 2602 972 2636 in
990 2602 1160 2637 Aetherea
1181 2614 1315 2649 quoque
1342 2602 1464 2648 palatii
1487 2600 1645 2635 aedicula
1671 2601 1774 2634 inau-

346 2646 461 2688 ravit3
483 2648 576 2681 unde
593 2654 628 2682 et
647 2648 686 2690 ii,
708 2648 768 2694 qui
785 2648 878 2682 illum
896 2652 1163 2689 antecesserant,
1184 2649 1409 2694 imperatores
1425 2646 1518 2683 so'liti
1536 2652 1635 2682 erant
1653 2648 1774 2682 eadem

323 2692 356 2726 ie
379 2698 604 2738 prospectare
620 2694 863 2740 Byzantiorum
888 2698 1131 2740 congregatam
1162 2695 1409 2730 multitudinem
1433 2699 1608 2739 totumque
1637 2693 1774 2728 exerci-

298 2742 390 2781 tum,
416 2741 475 2785 qui
494 2744 531 2774 et
550 2740 641 2776 votis
659 2745 695 2776 et
713 2741 802 2776 omni
820 2741 988 2776 laetarum
1005 2741 1427 2787 acclamationumgenere
1452 2753 1496 2776 ex
1518 2740 1674 2775 inferiori
1698 2741 1774 2774 loco

298 2787 698 2833 «eosprosequebantur,
722 2787 768 2823 ad
791 2788 923 2823 veteris
943 2787 1108 2834 triumphi
1132 2788 1276 2824 Romani
1297 2788 1498 2834 exemplum.
1547 2788 1638 2822 Erat
1661 2792 1775 2822 autem

298 2831 440 2878 plausus
457 2844 499 2868 ac
512 2834 699 2882 strepitus,
723 2846 822 2883 quem
838 2838 909 2872 tum
928 2833 1044 2871 ciebat
1059 2834 1152 2878 infra
1170 2835 1340 2883 populus,
1364 2846 1430 2870 non
1446 2846 1542 2871 mera
1564 2846 1606 2870 ac
1630 2833 1775 2880 simplex
