1794 3172
254 120 358 169 978
704 125 1023 172 NICEPHORI
1054 125 1380 174 GREGORAE

33 246 73 282 Α.
84 245 131 279 Μ.
153 243 245 282 6859
255 234 484 291 ὑπεξιόντες
492 270 507 292 ,
540 232 773 293 ἀνεχώρουν
792 234 929 280 οἴκαδε
946 250 955 261 ·
994 235 1040 280 οἳ
1053 236 1105 293 δὴ
1124 238 1192 281 καὶ
1212 241 1344 296 τρανῇ
1358 240 1410 296 τῇ
1430 241 1572 296 φωνῇ,
1610 233 1738 281 δι’ίόν-

89 289 194 328 lud.4
220 325 327 373 Οτες
357 325 402 352 τε
437 308 505 351 καὶ
534 303 780 363 περιϊόντες,
819 303 1042 364 ἐκήρυττον
1063 305 1092 350 ἅ
1109 306 1152 350 τ’
1187 305 1295 351 εἶδον
1323 305 1352 351 ἅ
1370 306 1413 351 τ’
1438 306 1644 363 ἥκουσαν·
1681 305 1738 357 ὥς

259 377 466 434 ἀκουστὴν
490 377 534 419 ἐν
562 381 715 434 βραχεῖ
731 376 799 419 καὶ
819 376 1046 434 θεατρικὴν
1066 375 1258 434 γενέσθαι
1285 374 1400 437 πάσῃ
1428 380 1481 435 τῇ
1512 374 1627 420 πόλει
1660 376 1736 432 τὴν

256 446 352 504 μετ’
390 443 588 502 αἰσχύνης
616 439 746 502 ἧτταν
780 450 856 490 τοῦ
884 449 1100 501 Παλαμᾶ,
1139 448 1209 490 καὶ
1241 447 1384 498 οἵτινες
1425 443 1500 490 εἶεν
1543 443 1738 501 ὁμόδοξοι

256 518 437 570 τουτωῒ,
474 517 543 558 καὶ
569 514 658 571 ἅμα
688 515 765 566 τὰς
795 516 932 567 αἰτίας
941 548 955 569 ,
994 516 1054 559 δι’
1081 515 1132 566 ἃς
1161 514 1328 573 ἡττήθη
1357 533 1399 560 τε
1430 517 1498 559 καὶ
1526 512 1766 574 ᾗσχύνθη.5

256 584 359 630 ὅθεν
377 588 462 629 τῶν
488 586 627 629 οῗκιῶν
644 585 880 640 ἐκθέοντες,
919 583 976 636 ὥς
1001 584 1147 642 ἔτυχον
1175 586 1368 640 ἕκαστοι,
1400 583 1565 644 φύρδην
1596 586 1736 638 εἰπεῖν,

256 654 424 713 ἄνδρες,
463 662 674 712 γυναῖκες,
709 653 814 710 ὁμοῦ
844 656 913 698 καὶ
941 657 1085 709 παισὶ,
1130 653 1207 707 τάς
1236 673 1281 699 τε
1315 653 1529 714 παρόδους
1565 656 1635 699 καὶ
1663 654 1739 704 τὰς

219 723 453 783 Βτριόδους
491 727 634 780 συχνοὶ
663 726 732 768 καὶ
759 722 974 782 σποράδην
1007 727 1076 768 καὶ
1105 724 1258 781 ἀναμὶξ
1292 723 1584 782 διελάγχανον,
1620 723 1739 768 ἄλλοι

255 794 352 839 κατ’
375 793 483 838 ἄλλα
502 795 607 852 μέρη
635 798 720 838 τῶν
751 793 860 838 ὁδῶν
897 792 1186 851 συνιστάμενοι
1196 828 1211 849 ,
1249 796 1318 838 καὶ
1347 792 1641 845 ἐποπτεύοντες
1670 795 1740 837 καὶ

256 864 549 923 ἇνερευνῶντες
572 862 685 914 ὅστις
711 863 771 921 εἴη
793 862 814 908 ὃ
833 867 1070 920 Παλαμᾶς,
1102 864 1304 923 ἐφιέμενοι
1331 864 1431 916 τοὺς
1458 861 1633 914 ὀδόντας
1663 864 1736 919 ἐμ-
1749 869 1794 907 10

256 937 384 991 πῆξαι
420 938 480 994 τῷ
509 931 786 993 ταλαιπώρῳ,
818 932 882 977 ὅτι
908 934 962 977 τὰ
991 932 1146 992 πάτρια
1176 938 1252 991 τῆς
1279 938 1356 979 τοῦ
1386 938 1492 978 θεοῦ
1523 934 1740 990 ἐκκλησίας

105 1015 148 1051 V.
167 1013 238 1052 497
258 1001 475 1048 καταλύειν
491 1001 660 1064 τολμῴη
681 1002 869 1060 δόγματα
885 1018 895 1027 ·
930 1006 998 1047 καὶ
1017 1003 1105 1060 ἅμα
1135 1012 1300 1060 συχνοῖς
1330 1003 1569 1060 ἀναθέμασι
1599 1007 1740 1047 καθυ-

256 1075 487 1129 πέβαλλον,
526 1072 662 1131 ὥσπερ
692 1073 775 1117 ἀπὸ
805 1071 1076 1129 συνθήματος
1105 1073 1307 1125 ἅπαντες·
1355 1072 1412 1125 ὡς
1439 1075 1612 1128 ἐκεῖνον,
1655 1073 1739 1116 δεί-

258 1161 393 1188 σαντα
424 1144 484 1203 μὴ
515 1145 816 1201 διασπαραχθῇ
834 1148 1072 1201 περιφανῶς
1096 1142 1247 1187 οὑτωσὶ
1256 1178 1269 1197 ,
1301 1145 1563 1200 συσταλῆναί
1585 1160 1627 1187 τε
1661 1142 1737 1198 τὴν

217 1216 458 1270 Εταχίστην
491 1215 560 1257 καὶ
593 1211 941 1271 ἀποκρύψασθαι.
998 1217 1082 1257 τῶν
1110 1213 1154 1257 δ’
1193 1212 1355 1267 ἄλλων,
1397 1212 1509 1263 ὅστις
1538 1212 1737 1270 ἔγνωσται
1751 1221 1794 1258 15

259 1288 408 1341 σαφῶς
434 1287 509 1340 τῆς
525 1284 676 1327 ἐκείνου
699 1284 878 1341 φατρίας
899 1281 980 1337 ὢν,
1013 1284 1139 1341 χωρὶς
1167 1287 1334 1339 πληγῶν
1362 1281 1495 1332 οὐδεὶς
1524 1280 1738 1338 ἀπηλλάτ-

259 1371 352 1397 τετο
366 1387 381 1408 ,
411 1353 517 1410 πλὴν
542 1352 655 1404 ὅστις
673 1351 886 1410 ὗπόκρισιν
911 1351 1051 1410 ἐτέρου
1077 1350 1304 1411 προσώπου
1329 1349 1555 1408 λαμβάνων
1585 1350 1739 1407 ὁμοίως

260 1430 349 1474 τοῖς
380 1422 520 1475 ἄλλοις
551 1423 787 1479 άναθέματι
816 1425 884 1467 καὶ
910 1422 1032 1481 ἀραῖς
1058 1426 1273 1478 Παλαμᾶν
1301 1423 1370 1465 καὶ
1398 1421 1524 1473 αὐτὸς
1547 1421 1738 1465 καθυπέ-

260 1498 402 1549 βαλλε.
451 1495 519 1536 καὶ
533 1494 613 1549 ,μὲν
643 1493 694 1550 δὴ
720 1491 892 1537 κατόπιν
917 1491 1028 1549 ἡμᾶς
1048 1490 1236 1542 ἐπιόντας
1259 1498 1346 1542 τοῖς
1362 1489 1507 1547 ὕμνοις
1529 1488 1737 1548 ἐγέραιρόν

261 1581 306 1607 τε
330 1565 398 1607 καὶ
429 1562 706 1622 ἐστεφάνουν,
741 1561 797 1615 ὥς
823 1568 897 1620 τῆς
919 1563 1095 1619 πατρίου
1123 1559 1247 1618 δόξης
1271 1563 1339 1604 καὶ
1361 1560 1568 1617 εὐσεβείας
1597 1561 1737 1617 ἀθλη-
1747 1569 1794 1605 20

222 1633 341 1685 Ε’τὰς
370 1635 438 1678 καὶ
473 1631 708 1692 προβόλους
740 1635 808 1678 καὶ
847 1634 983 1696 ῥᾷστα
1018 1632 1070 1690 δὴ
1100 1632 1150 1677 τὸ
1182 1633 1253 1690 ζῇν
1285 1629 1476 1687 ἑτοίμους
1513 1633 1739 1689 προΐεσθαι

261 1708 463 1762 λαμπρῶς
497 1702 598 1762 ὑπὲρ
627 1709 710 1749 τῶν
742 1704 933 1760 κειμένων
967 1701 1131 1747 ἄνωθεν
1164 1707 1241 1759 τῆς
1269 1705 1345 1745 τοῦ
1376 1705 1482 1745 θεοῦ
1522 1700 1739 1756 ἐκκλησίας

260 1772 493 1831 δογμάτων.
567 1774 653 1834 (E.)
689 1776 777 1819 Καὶ
806 1771 828 1818 ὃ
859 1774 934 1830 μὲν
966 1777 1043 1829 τῆς
1073 1770 1241 1831 πρώτης
1269 1769 1368 1827 ἡμῖν
1400 1769 1558 1829 ἡμέρας
1587 1771 1738 1825 ἐκείνης

260 1847 391 1894 πλοῦς
418 1842 526 1888 οὕτω
552 1849 690 1896 καλῶς
716 1846 784 1887 καὶ
812 1843 888 1887 σὺν
918 1842 1124 1903 ἀσφαλείᾳ
1152 1839 1389 1898 διήνυσται,
1419 1845 1494 1896 τῆς
1525 1844 1599 1884 τοῦ
1630 1842 1737 1882 θεοῦ

262 1914 399 1964 δεξιᾶς
419 1914 677 1971 οῗακιζούσης
702 1914 778 1970 τὴν
798 1917 880 1957 τῶν
908 1910 1116 1969 ἡμετέρων
1139 1908 1309 1968 ἀγώνων
1336 1907 1494 1953 ὁλκάδα
1527 1910 1596 1952 καὶ
1623 1912 1794 1962 κῦμα25

262 2000 389 2043 eundo,
413 2013 504 2047 quae
525 2002 686 2038 viderant
708 2005 743 2037 et
762 2012 852 2047 quae
872 1998 1072 2041 audierant,
1097 1998 1192 2033 clara
1208 2009 1294 2042 voce
1312 1996 1529 2032 nunciabant.
1578 1996 1640 2031 Sic
1656 1997 1738 2032 bre·

263 2047 301 2082 vi
318 2052 473 2093 tempore
498 2060 600 2084 aures
620 2049 727 2084 totius
748 2047 845 2082 urbis
867 2046 1042 2092 pervasit,
1067 2050 1104 2080 et
1130 2044 1359 2091 spectaculum
1380 2044 1549 2090 publicum
1570 2043 1658 2085 fuit,
1682 2044 1737 2079 vi·-

263 2093 313 2129 cti
331 2094 490 2129 Palamae
509 2100 546 2130 et
561 2101 768 2131 sectatorum
787 2094 861 2129 eius
885 2092 1090 2138 ignominia:
1112 2096 1185 2127 tum
1216 2103 1303 2137 quas
1329 2091 1374 2125 ob
1404 2102 1526 2125 causas
1552 2090 1666 2125 victus
1696 2102 1738 2126 ac

264 2139 397 2186 pudore
421 2142 587 2177 confusus
605 2143 751 2184 fuisset,
775 2140 987 2184 divulgatum
1018 2144 1083 2176 est.
1129 2139 1254 2184 Itaque
1275 2138 1431 2173 domibus
1452 2137 1670 2180 exsilientes,
1698 2142 1738 2171 ut

264 2187 339 2221 fors
362 2187 466 2230 tulit,
488 2188 615 2234 singuli
634 2189 774 2224 confuso
796 2186 936 2228 ordine,
961 2186 1050 2228 viri,
1074 2185 1252 2227 mulieres,
1277 2184 1396 2231 pueri,
1420 2183 1514 2219 vicos
1535 2188 1572 2218 et
1590 2183 1738 2230 compita

264 2233 485 2279 frequentes,
510 2236 603 2278 rari,
627 2234 831 2281 promiscui,
855 2234 946 2268 inter
973 2245 1012 2267 se
1036 2232 1297 2278 partiebantur,
1330 2235 1367 2266 et
1393 2230 1452 2266 alii
1477 2230 1554 2265 aliis
1583 2230 1739 2265 vicorum

266 2280 425 2327 partibus
441 2281 581 2316 insessis
594 2307 604 2326 ‚
630 2283 786 2326 quisnam
803 2284 895 2315 esset
914 2279 972 2314 ille
986 2280 1144 2314 Palamas
1166 2278 1390 2324 explorabant
1418 2280 1455 2311 et
1477 2277 1614 2311 curiose
1641 2277 1741 2311 inve-

267 2328 463 2373 stigabant,
489 2332 594 2374 atque
619 2328 670 2363 illi
692 2327 840 2368 infelici,
874 2327 966 2373 quod
992 2331 1131 2362 sanctae
1156 2325 1223 2360 Dei
1245 2323 1411 2359 ecclesiae
1435 2323 1549 2369 patria
1577 2323 1740 2368 dogmata

267 2375 467 2410 rescindere
487 2376 642 2417 auderet,
659 2375 794 2409 dentem
808 2373 969 2408 infestum
985 2372 1132 2419 infigere
1150 2371 1356 2417 cupiebant=
1379 2370 1593 2415 eundemque
1611 2381 1740 2412 omnes,

268 2423 366 2457 velut
385 2422 429 2457 de
447 2427 625 2468 compacto
637 2447 648 2464 ,
673 2421 961 2463 exsecrabantur,
984 2421 1161 2465 multoque
1179 2422 1215 2453 et
1234 2418 1356 2452 crebro
1373 2418 1590 2452 anathemate
1606 2416 1742 2462 percel-

269 2469 399 2504 lebant.
445 2468 549 2504 Unde
568 2468 647 2511 ille,
671 2468 805 2503 veritus
825 2479 868 2502 ne
893 2467 944 2501 sic
963 2467 1074 2513 palam
1102 2465 1378 2510 discerperetur,
1402 2463 1579 2498 celerrime
1600 2475 1638 2497 se
1657 2464 1741 2497 sub-

270 2515 372 2552 duxit
386 2519 424 2552 et
443 2515 604 2551 occuluit.
651 2515 893 2557 Cam-erorum,
918 2525 1004 2559 quos
1022 2513 1066 2548 de
1088 2513 1162 2548 eius
1183 2510 1344 2545 sodalitio
1371 2522 1448 2545 esse
1467 2508 1641 2551 constitit,
1664 2510 1742 2555 pla-

267 2574 389 2608 garum
408 2574 533 2609 expers
553 2562 665 2596 nullus
682 2561 825 2606 effugit,
850 2560 916 2594 nisi
935 2560 1015 2605 qui,
1041 2569 1188 2606 persona
1205 2557 1274 2592 alia
1294 2568 1356 2603 per
1374 2556 1622 2591 simulationem
1639 2555 1741 2590 indu-

268 2615 329 2651 ta,
353 2610 526 2645 Palamam
552 2609 628 2655 ipse
653 2620 793 2654 quoque
818 2607 962 2642 aliorum
987 2605 1140 2652 exemplo
1165 2604 1365 2639 devovisset
1390 2609 1427 2638 et
1455 2603 1635 2638 anathema
1664 2614 1741 2637 esse

268 2655 440 2691 iussisset.
487 2657 533 2691 At
551 2667 634 2698 nos,
659 2654 719 2701 qui
740 2666 828 2699 pone
845 2654 1087 2698 sequebamur,
1111 2657 1274 2697 tanquam
1295 2650 1401 2696 patrii
1423 2648 1592 2695 dogmatis
1618 2648 1741 2682 Fidei-

269 2714 338 2746 que
357 2703 507 2738 athletas
534 2715 575 2738 ac
602 2705 876 2749 propugnatores
889 2725 899 2742 ,
925 2704 1030 2745 atque
1052 2704 1091 2734 ut
1113 2699 1217 2734 vitam
1241 2708 1303 2743 pro
1327 2697 1469 2742 antiqua
1488 2694 1655 2731 ecclesiae
1672 2694 1740 2728 Dei

268 2748 429 2783 doctrina
455 2749 631 2784 effundere
662 2747 914 2794 paratissimos,
945 2746 1104 2780 laudibus
1130 2744 1435 2779 remunerabantur
1462 2746 1499 2777 et
1519 2742 1741 2777 coronabant.

269 2795 357 2839 (V.)
381 2796 435 2830 Ita
453 2796 555 2840 primi
572 2796 661 2830 illius
683 2793 755 2830 diei
782 2805 916 2827 cursum
943 2803 1140 2838 prosperum
1159 2796 1195 2825 et
1212 2791 1417 2825 inoffensum
1466 2788 1653 2833 eregimus,
1679 2799 1741 2820 no-

270 2846 376 2879 stram
394 2841 430 2878 in
451 2842 495 2878 iis
509 2842 753 2880 certaminibus
772 2839 885 2878 navim
904 2839 971 2875 Dei
994 2851 1094 2876 manu
1112 2838 1349 2885 gubernante,
1369 2841 1407 2873 et
1455 2840 1556 2872 uetus
1573 2844 1742 2882 quoscun-
