1794 3172
272 125 374 172 790
698 131 1014 177 NICEPHORI
1042 130 1368 178 GREGORAE

50 249 90 283 A.
108 247 152 281 M.
166 246 260 284 6855
271 242 512 300 περιγίνεται
544 243 611 286 καὶ
653 238 808 297 κόσμος
842 246 895 299 τῇ
924 241 1031 300 ἀρχῇ
1058 243 1390 302 δημιουργεῖται·
1427 241 1652 301 ἀναλογίαν
1670 243 1749 302 γὰρ

95 295 166 330 lud·
183 294 372 377 151-,ἴχειν
388 314 469 372 βίῳ
486 314 607 356 παντὶ
639 311 690 354 τὰ
711 310 909 369 χρήματα
922 345 936 366 ,
973 314 1041 355 καὶ
1066 310 1250 367 μάλιστα
1264 311 1430 358 πάντων
1448 321 1539 364 ταῖς
1562 312 1752 371 ἡγεμονι-

271 388 364 432 καῖς
383 382 553 439 ἀρχαῖς,
589 379 733 424 ὁποίαν
762 379 895 437 δήπου
926 388 1013 431 τοῖς
1035 385 1154 424 πᾶσι*
1165 381 1281 435 ζώοις
1302 381 1328 439 ἢ
1353 387 1437 427 τῶν
1461 387 1618 441 νευρῶν
1639 381 1749 438 σύμ-

272 452 391 507 πηξίς
421 468 464 494 τε
497 452 563 493 καὶ
593 449 783 507 ἁρμονία.
839 448 930 510 (ς’.)
959 449 1091 508 ιὍθεν
1119 450 1287 495 ἐλθόντι
1327 457 1385 512 τῷ
1416 454 1750 512 Καντακουζηνῷ

271 518 399 564 πάντ’
421 515 474 575 ἧν
495 518 732 563 παντάπασι
754 520 1004 575 κεκενωμένα
1036 520 1088 564 τά
1104 522 1309 575 βασιλέων
1330 529 1518 578 ταμιεῖα·
1556 523 1624 565 καὶ
1643 521 1784 578 πλὴνὸ

272 590 393 653 ἀέρος
415 591 483 632 καὶ
515 587 663 640 κόνεως
694 592 762 632 καὶ
793 594 876 633 τῶν
901 590 1184 648 Ἐπικουρείων
1209 594 1331 635 εἰπεῖν
1355 590 1546 647 ἀτόμων,
1585 590 1754 648 εὕρηται

270 658 392 702 πλέον
419 658 538 702 οὐδὲν
558 659 600 702 ἓν
621 658 774 709 αὐτοῖς.
814 660 906 703 δέον
928 655 1001 703 οὖν
1026 662 1196 716 ζητῆσαι
1211 663 1278 704 καὶ
1302 666 1444 717 λαβεῖν
1465 660 1491 704 ἃ
1512 662 1588 718 μὲν
1612 662 1654 703 ἔκ
1678 664 1757 716 τῆς

137 737 178 772 Ρ.
191 735 259 774 497
268 728 483 785 βασιλίδος
494 727 640 784 Ἄννης
670 731 727 779 εἷς
754 729 829 779 τάς
848 734 932 773 τῶν
957 734 1183 785 βασιλικῶν
1202 732 1407 788 ἐνεργειῶν
1427 731 1652 787 ἀναγκαίας
1675 732 1754 773 δα-

269 796 427 848 πάνας·
467 797 493 840 ἃ
516 800 542 840 δ
549 798 562 813 ²
584 799 628 840 ἐκ
647 803 730 842 τῶν
748 799 800 841 τὰ
823 797 1003 855 δημόσια
1026 799 1387 856 κατεδηδοκότων,
1423 800 1613 843 κάκεῖθεν
1633 817 1754 856 πορν-

269 868 458 924 σαμένων
478 867 553 924 τὴν
583 873 658 911 τοῦ
691 872 880 912 πλουτεῖν
909 869 1104 928 εὐπορίαν
1111 904 1125 924 ,
1157 870 1235 913 κάκ
1261 868 1446 926 πενήτων
1466 868 1575 913 πάνυ
1599 887 1662 912 τοι
1685 886 1752 925 γε-
1765 881 1794 915 1(

268 936 451 996 γονότων
486 938 679 995 ἐξαίφνης
707 941 940 982 πλουσίων·
983 937 1004 983 ὅ
1039 941 1084 983 δὲ
1114 944 1248 998 σιωπῇ
1278 940 1541 998 παρέδραμεν
1561 938 1750 982 ἅπαντα·

269 1007 384 1061 εἴθ’,
425 1005 480 1057 ὥς
508 1008 598 1062 ἐμοὶ
629 1010 760 1062 δοκεῖ,
798 1013 850 1066 τῇ
882 1016 1070 1067 συμφυεῖ
1090 1012 1157 1053 καὶ
1189 1008 1409 1069 συντρόφῳ
1433 1007 1635 1068 πραότητι
1653 1007 1754 1051 κάν-

269 1081 415 1120 ταῦθα
430 1074 640 1135 χρώμενος
656 1092 666 1102 ·
704 1077 792 1121 εἴθ’
807 1111 821 1132 ,
860 1077 917 1130 ὥς
937 1077 957 1123 ὃ
988 1084 1071 1123 τῶν
1102 1081 1304 1123 πλείστων
1321 1077 1480 1138 ἐκράτει
1501 1077 1644 1135 λόγος,
1671 1080 1755 1120 δει-

272 1148 364 1197 λίας
392 1164 436 1190 τε
473 1148 766 1204 συνισχημένος
803 1146 972 1205 τρόποις
1002 1150 1044 1201 ἐξ
1075 1147 1290 1207 ὂμοφυοῦς
1319 1165 1430 1199 τινος
1461 1149 1656 1206 ἀφελείας
1686 1148 1757 1189 καὶ

231 1215 362 1272 Βᾶμα
385 1215 530 1266 δεδιὼς
561 1216 765 1274 ἀδόκητόν
787 1235 879 1261 τινα
903 1217 1074 1273 στάσιν,
1113 1219 1170 1263 ἔτι
1201 1219 1512 1276 τεταραγμένων
1536 1218 1649 1278 αὐτῷ
1672 1221 1755 1260 τῶν
1769 1227 1794 1261 1:

141 1283 526 1344 Ἶ.402πραγμάτων
568 1289 634 1330 καὶ
675 1286 905 1342 ἀνωμάλων
944 1287 1086 1333 ὄντων.
1146 1288 1237 1348 (Ζ.)
1278 1292 1492 1332 Τοσοῦτον
1531 1287 1610 1345 γὰρ
1654 1286 1756 1329 ἀπέ-

279 1373 399 1412 σχετο
419 1359 494 1399 τοῦ
523 1359 667 1413 μηδενὶ
700 1357 762 1400 δι’
790 1357 912 1414 ὄχλου
934 1359 1127 1416 γενέσθαι
1148 1363 1232 1402 τῶν
1252 1357 1387 1412 ὅσοις,
1420 1362 1479 1417 τῷ
1501 1361 1631 1415 καιρῷ
1652 1355 1757 1414 πρὸς

265 1424 462 1485 ἁρπαγὴν
486 1427 763 1483 χρησαμένοις
793 1426 1025 1488 συμμάχῳ,
1063 1430 1357 1483 διανείμασθαι
1388 1425 1677 1479 ξυνεπεπτώκει
1703 1423 1757 1468 τά

273 1513 318 1541 τε
352 1495 480 1538 αὐτοῦ
514 1498 581 1539 καὶ
613 1497 666 1540 τὰ
693 1501 776 1540 τῶν
809 1496 1190 1555 ἀκολουθησάντων
1213 1497 1327 1557 αὐτῷ
1344 1495 1593 1555 πράγματα,
1626 1497 1758 1546 οἲκίας

271 1583 317 1609 τε
339 1567 406 1608 καὶ
429 1564 579 1623 ἀγροὺς
609 1567 794 1624 δηλαδὴ,
837 1571 905 1611 καὶ
936 1567 1016 1612 ὅσα
1031 1568 1190 1627 χρυσὸς
1219 1570 1288 1611 καὶ
1308 1566 1525 1625 μάργαρος
1548 1567 1616 1610 καὶ
1642 1567 1756 1615 λίθοι
1767 1573 1794 1608 2<

231 1638 506 1686 (ἶπολυτελεΐς
526 1639 866 1692 συνοικοδομοῦσι
886 1640 955 1681 καὶ
984 1640 1305 1696 συνυφαίνουσιν
1318 1651 1328 1661 ·
1367 1636 1471 1681 ὥστε
1492 1639 1561 1680 καὶ
1582 1636 1757 1693 ὀφείλων

272 1705 502 1748 ἀποδοῦναι
530 1706 634 1764 πρὸς
663 1711 745 1750 τῶν
771 1705 1020 1765 ἧρπακότων
1043 1706 1293 1765 ἀνειληφότα
1314 1706 1456 1762 μὲντό
1479 1708 1624 1750 οἴκεΐον
1645 1704 1758 1748 ἅπαν

273 1773 474 1833 πρότερον
495 1783 582 1826 τοῖς
597 1778 773 1834 μυρίους
792 1776 1119 1834 ὖπομεμενηκόσι
1138 1778 1197 1820 δι’
1223 1777 1351 1820 αὐτὸν
1375 1774 1602 1828 κινδύνους,
1625 1791 1759 1832 προσ-

273 1847 503 1888 αποδοῦναι
524 1845 568 1888 δ’
595 1841 647 1889 αὗ
676 1848 744 1889 καὶ
772 1846 825 1891 τὰ
849 1855 934 1899 τοῖς
961 1846 1102 1899 πόνοις
1131 1845 1312 1904 ἀνάλογα
1342 1844 1509 1890 {naam
1535 1861 1701 1904 σφισιν,
1734 1841 1756 1899 ὅ

366 1931 402 1966 7.
426 1930 452 1967 ὁὶ
474 1932 554 1968 add.
578 1933 678 1969 Boiv.

275 2005 434 2036 namenta
449 2002 584 2048 imperii
605 2004 819 2039 conflanturt
841 2003 1018 2050 pertinere
1033 2003 1120 2039 enim
1141 2003 1305 2051 pecuniae
1327 2002 1494 2039 rationem
1512 2002 1558 2038 ad
1573 2001 1762 2049 quemlibet

273 2052 422 2090 statum3
447 2050 589 2084 maxime
608 2062 691 2085 vero
718 2052 762 2085 ad
790 2052 1006 2097 principatus
1032 2053 1305 2094 conservandos,
1331 2051 1375 2086 ad
1396 2062 1482 2097 quos
1508 2050 1558 2084 ita
1585 2062 1623 2084 se
1641 2050 1759 2092 habet,

274 2098 316 2128 ut
335 2094 379 2128 ad
403 2094 604 2131 animantem
621 2098 808 2143 compactio
827 2103 863 2132 et
881 2099 1131 2143 coagmentatio
1149 2110 1344 2133 nervorum.
1392 2098 1491 2142 (VI.)
1516 2096 1676 2131 offendit
1690 2096 1761 2130 ita-

275 2151 346 2186 que
366 2140 624 2177 Cantacuzenus
641 2146 820 2179 thesauros
837 2145 1078 2191 imperatorum
1095 2157 1210 2179 omnes
1229 2146 1364 2179 omnino
1384 2145 1583 2186 exhaustos,
1608 2143 1760 2188 nihilque

274 2185 312 2220 in
330 2186 375 2221 iis
395 2193 534 2233 praeter
551 2190 654 2224 inane
677 2196 713 2225 et
734 2192 909 2237 pulverem
930 2198 966 2226 et
979 2192 1174 2238 Epicureas
1193 2193 1251 2236 (ut
1273 2193 1325 2226 ita
1342 2191 1472 2236 dicam)
1491 2196 1634 2226 atomos.
1671 2190 1758 2224 Cum

273 2231 384 2279 igitur
400 2245 566 2280 quaerere
582 2240 618 2270 et
639 2238 797 2284 accipere
826 2243 1005 2284 oporteret
1028 2239 1152 2284 partim
1182 2240 1225 2273 ab
1248 2238 1467 2284 imperatrice
1487 2239 1603 2278 Anna,
1628 2236 1672 2271 ad
1695 2248 1758 2270 ne-

276 2280 448 2315 cessarias
467 2282 679 2318 functionum
694 2285 988 2330 imperatoriarum
1007 2285 1190 2331 impensas,
1212 2287 1336 2332 partim
1354 2286 1398 2319 ab
1418 2284 1473 2326 iis,
1492 2283 1553 2330 qui
1569 2283 1756 2329 rempubli—

276 2337 352 2362 cam
369 2327 566 2374 depeculati
585 2329 743 2373 fuissent,
768 2336 804 2365 et
823 2342 946 2376 magna
965 2332 1030 2367 sibi
1049 2333 1131 2367 iude
1149 2344 1252 2379 opum
1269 2333 1306 2367 vi
1323 2335 1448 2378 parata
1464 2341 1507 2365 ex
1523 2330 1682 2375 inopibus
1703 2329 1758 2363 di-

274 2373 400 2408 tissimi
416 2375 531 2410 statim
548 2376 760 2419 evasissent3
786 2377 843 2412 ille
856 2379 991 2413 silentio
1011 2379 1124 2414 omnia
1141 2380 1372 2425 praeteribat:
1396 2377 1483 2419 sive,
1501 2382 1542 2411 ut
1558 2376 1640 2411 mihi
1659 2376 1759 2410 vide-

275 2424 355 2463 tur,
378 2433 472 2457 suam
496 2422 587 2458 illam
613 2423 801 2469 ingenitam
831 2425 1058 2471 coalitamque
1083 2426 1259 2461 lenitatem
1283 2426 1318 2460 in
1344 2437 1385 2460 eo
1412 2435 1547 2470 quoque
1568 2423 1757 2466 retineret3

275 2466 371 2507 sive,
394 2473 435 2503 ut
451 2469 605 2516 plerique
622 2470 850 2513 dictitabant,
873 2472 1002 2506 timidis
1021 2473 1170 2507 moribus
1194 2472 1476 2519 praepediretur,
1500 2470 1649 2505 naturali
1667 2481 1759 2515 qua-

276 2513 356 2548 dam
377 2515 479 2551 animi
498 2516 710 2560 humilitate3
736 2523 772 2552 et
789 2519 889 2563 quia,
913 2519 1060 2553 turbidis
1079 2520 1191 2555 adhuc
1216 2520 1320 2554 rebus
1349 2523 1384 2554 et
1404 2517 1552 2552 nondum
1578 2516 1762 2558 ordinatis,

276 2559 496 2607 improvisam
522 2563 670 2609 aliquam
698 2565 900 2599 seditionem
926 2565 1178 2601 extimesceret.
1232 2565 1351 2611 (VII.)
1376 2566 1526 2600 Tantum
1553 2574 1673 2609 nempe
1701 2563 1764 2598 ab-

278 2614 367 2651 erat,
389 2613 430 2644 ut
446 2609 607 2645 molestus
623 2616 716 2645 esset
731 2612 790 2646 ulli
810 2623 937 2654 eorum,
967 2613 1026 2659 qui
1045 2617 1200 2659 tempore
1217 2611 1271 2647 usi
1291 2613 1336 2647 ad
1352 2611 1550 2658 rapiendum
1570 2614 1763 2656 opportuno

277 2655 401 2700 partiti
419 2655 509 2692 inter
525 2669 563 2692 se
578 2657 726 2693 fuissent
745 2670 820 2696 cum
837 2658 947 2704 ipsius
963 2659 1122 2705 proprias
1143 2659 1342 2703 facultates,
1367 2664 1440 2694 tum
1457 2669 1587 2699 eorum,
1608 2657 1669 2703 qui
1688 2667 1764 2690 eum

276 2701 415 2747 sequuti
433 2707 552 2746 erant;
577 2704 694 2740 domos
714 2717 836 2752 nempe
862 2711 898 2740 et
915 2706 1070 2751 praedia,
1095 2711 1131 2741 et
1150 2716 1376 2752 quaecunque
1402 2715 1486 2740 auro
1504 2715 1546 2738 ac
1566 2702 1765 2748 margaritis

276 2749 486 2829 pretiosisve
503 2750 674 2797 lapidibus
692 2763 753 2787 seu
770 2751 1043 2798 compinguntur,
1061 2764 1122 2788 seu
1141 2757 1393 2795 contexuntur3
1417 2757 1455 2787 ut
1473 2751 1585 2792 immo,
1609 2761 1684 2784 cum
1701 2749 1765 2783 de-

302 2800 389 2840 eret,
414 2797 523 2842 primo
542 2798 679 2844 quidem
696 2810 769 2834 rem
789 2810 920 2834 omnem
939 2799 1161 2841 familiarem,
1186 2799 1229 2834 ab
1249 2799 1293 2833 iis
1315 2799 1373 2845 qui
1390 2797 1616 2844 diripuissent
1632 2795 1766 2842 repeti—

276 2844 360 2886 tam,
383 2843 570 2881 restituere
586 2845 644 2890 iis,
661 2845 721 2893 qui
734 2845 891 2893 peribula
906 2857 970 2893 pro
989 2858 1028 2882 se
1048 2845 1183 2883 infinita
1203 2845 1390 2890 obiissent,
1414 2844 1541 2881 deinde
1561 2849 1598 2879 et
1613 2841 1766 2890 praemia
