1794 3172
255 132 358 181 992
592 148 597 150 ’
630 137 949 186 NICEPHORI
978 136 1305 183 GREGORAE

34 263 73 296 A.
91 262 135 295 M.
154 260 245 297 6859
258 249 327 293 καὶ
356 243 606 306 θεατρικήν·
652 246 822 303 ὅμοιον,
855 245 992 305 ὥσπερ
1020 245 1071 290 ἂν
1090 246 1205 298 εἷ’τις
1230 247 1272 291 ἓν
1304 244 1468 306 πελάγει
1496 247 1729 306 νηχόμενος,

94 310 165 343 Ῑῃᾱ·
181 306 347 388 4Βεῖῐτα
363 315 552 375 ψεκάδας
574 316 674 361 ῗδών
694 318 762 361 καὶ
780 321 938 375 βροχῆς
962 316 1131 374 ἀμυδρὰ
1159 317 1382 374 προοίμια,
1422 317 1584 376 ὕφαλος
1613 337 1734 363 κατε-

258 386 377 432 δύετο
407 387 511 445 πρὸς
531 386 578 431 τὸ
599 386 797 444 πέλαγος,
831 387 891 443 μὴ
913 384 1136 444 διάβροχος
1154 383 1236 429 fan&
1258 390 1342 431 τῶν
1369 386 1515 446 ἀερίων
1539 386 1734 443 ψεκάδων

102 457 148 495 V·
163 456 234 496 504
256 459 416 502 ἐκείνων
433 456 609 513 γένηται.
681 455 805 516 (ΙΑ.)
836 454 886 500 Ὅ
906 457 982 512 μὲν
997 456 1077 514 γὰρ
1097 459 1333 511 Παλαμᾶς,
1350 495 1353 498 .
1370 459 1641 515 παρεγκλίνας
1664 477 1734 513 μι-

253 527 375 586 κρὸν,
407 523 624 583 ἐξενολόγει
654 527 723 568 καὶ
742 522 990 584 συνήθροιζε
1012 529 1096 569 τῶν
1124 530 1390 583 περιβομβεῖν
1416 528 1484 569 καὶ
1507 531 1763 586 παραβομ-5

252 601 342 653 βεΐν
381 597 450 639 καὶ
481 595 860 653 παραφθέγγεσθαι
899 595 1139 651 δυναμένων
1181 593 1244 646 οἷς
1279 593 1562 653 ἐνετύγχανεν·
1609 597 1648 640 οῗ
1689 596 1731 640 δ’

252 663 427 723 ἠκόνουν
455 664 533 716 τὰς
554 663 736 716 ἀτόπους
757 663 864 708 καθ’
885 662 1004 722 ἡμῶν
1025 663 1225 722 γλώττας.

100 749 140 784 Ρ.
164 743 235 783 624
359 732 405 789 ζ’.
442 732 760 791 Εἲσκεκληκότες
782 734 862 792 γὰρ
882 736 950 778 καὶ
974 732 1085 791 ἡμᾶς
1106 733 1188 789 ὀψὲ
1205 732 1300 789 μετ’
1327 731 1474 791 ὀργῆς,
1504 735 1633 788 βίαιοι
1660 751 1742 777 κα·

250 801 401 856 θάπαξ
432 805 500 847 καὶ
531 802 706 848 τᾶνόσια
736 802 875 848 πάντα
905 805 1087 862 γίνονται
1114 804 1318 860 τολμηροὶ
1349 803 1458 847 καθ’
1490 801 1632 859 ἡμῶν·
1669 805 1738 846 καὶ

249 878 327 931 τῆς
350 877 426 918 τοῦ
462 878 568 917 θεοῦ
602 874 819 930 ἐκκλησίας
851 871 1083 931 προστάται
1111 874 1181 916 καὶ
1214 873 1253 916 οἳ
1281 873 1508 928 ποιμαίνειν
1542 870 1736 928 λαχόντες
1750 881 1794 917 10

252 943 325 988 τὸν
354 947 430 987 τοῦ
461 947 566 987 θεοῦ
595 944 912 1002 διαφθείρουσιν
944 943 1190 998 ἀμπελῶνα·
1226 943 1294 985 καὶ
1317 941 1396 986 ὅσα
1417 942 1523 985 κατὰ
1543 947 1627 985 τῶν
1651 959 1739 985 τοι-

255 1011 389 1057 ούτων
407 1010 433 1068 ἦ
455 1014 552 1055 θεία
572 1011 833 1072 ἕτραγιρδησε
851 1010 982 1056 πάλαι
1006 1010 1159 1070 γραφή.
1232 1010 1326 1071 (Β.)
1361 1013 1450 1056 Καὶ
1468 1016 1634 1069 πρῶτον
1663 1012 1739 1067 μὲν

215 1081 280 1126 Βὸ
309 1081 528 1138 βασιλεὺς,
564 1079 646 1125 ὖπὸ
680 1084 832 1132 δειλιάς
867 1081 1135 1137 ἐλαυνόμενος
1173 1081 1348 1137 ἐκείνης,
1387 1080 1439 1138 ἣν
1473 1079 1494 1125 ὅ
1525 1084 1741 1146 Παλαμᾶς

255 1150 457 1209 πρότριτα
477 1158 570 1201 ταῖς
586 1155 662 1207 τῆς
682 1149 833 1195 ἑαυτοῦ
863 1155 1004 1207 ψυχῆς
1035 1152 1256 1208 ἓνέσπειρεν
1288 1150 1461 1204 amab,
1498 1150 1576 1201 τὰς
1603 1154 1740 1193 παλα-

253 1219 511 1277 μναιοτάτας
525 1219 666 1277 ὕβρεις
685 1222 753 1264 καὶ
772 1220 940 1271 ἀπειλὰς
953 1220 1050 1264 καθ’
1075 1218 1195 1277 ἡμῶν
1213 1218 1451 1273 ἒξετόξευεν,
1478 1219 1552 1262 οὐκ
1563 1220 1737 1263 Ἀτλαν-
1751 1228 1794 1266 15

256 1294 372 1335 τικοῦ
390 1291 637 1348 κληρουχίας
655 1288 877 1348 πελάγους,
912 1292 979 1333 καὶ
997 1294 1072 1347 γῆς
1091 1287 1273 1345 ποιήσειν
1293 1288 1371 1340 ἔξω
1393 1293 1467 1345 τῆς
1500 1289 1741 1345 οῗκουμὲνης

279 1359 440 1417 Ξέρξου
470 1359 549 1416 γὰρ
583 1363 717 1403 ταῦτα
753 1361 821 1403 καὶ
854 1363 930 1416 τῆς
965 1360 1116 1403 ἐκείνου
1147 1363 1410 1416 βαρβαρικῆς
1440 1358 1639 1409 ἀπονοίας
1673 1360 1742 1402 καὶ

258 1433 421 1486 τρυφῆς
450 1423 520 1485 ἦν)
556 1427 663 1472 ἄλλα
698 1428 742 1472 δ’
772 1429 930 1473 ἐκείνων
954 1430 1077 1484 μείζω
1108 1429 1176 1471 καὶ
1203 1425 1372 1485 σφόδρα
1406 1426 1647 1488 ἀπᾴδοντα,
1686 1426 1742 1479 ὥς

261 1496 465 1556 εἰρήσεται
483 1495 700 1556 προϊόντος
716 1502 791 1542 τοῦ
812 1496 949 1555 λόγου,
983 1502 1067 1541 τῶν
1080 1497 1158 1554 γὰρ
1179 1496 1333 1540 ἀνίσων
1351 1499 1419 1540 καὶ
1439 1497 1643 1552 ἀνομοίων
1663 1496 1740 1554 ἆρ-

223 1572 254 1605 C
260 1571 349 1624 χῶν
366 1584 409 1610 τε
430 1568 497 1610 καὶ
517 1567 807 1626 προαιρέσεων,
841 1564 963 1610 ἄνισά
984 1584 1027 1610 τε
1047 1569 1117 1610 καὶ
1137 1564 1314 1622 ἀνόμοια
1333 1564 1499 1616 πάντως
1516 1565 1617 1609 εἶναι
1636 1567 1794 1617 εῗκόςὲο

262 1639 329 1680 καὶ
350 1636 403 1680 τὰ
421 1641 504 1680 τῶν
526 1636 819 1694 πραττομένων
839 1634 1095 1693 ἑκατέρωθεν
1117 1633 1310 1692 λήγοντα.
1348 1635 1445 1679 οὐδὲ
1461 1636 1539 1693 γὰρ
1569 1633 1741 1693 πάτριον

261 1707 414 1756 ἐκεῖνος
443 1703 650 1762 ἐξώμνυτο
679 1706 830 1762 σε’βας,
878 1705 974 1749 οὐδὲ
996 1707 1222 1764 θρησκείαν
1248 1706 1475 1763 θρησκείας
1498 1703 1738 1762 ἧλλοῖττετο,

263 1774 363 1828 οὐδ’,
385 1776 499 1820 ἐθῶν
515 1777 584 1820 καὶ
604 1773 822 1834 δογμάτων
848 1774 928 1833 ἔθη
958 1777 1028 1819 καὶ
1058 1773 1271 1833 δόγματα,
1309 1778 1497 1819 παλαιῶν
1524 1773 1742 1833 καινότερα

262 1908 412 1956 positam
434 1908 644 1956 impietatem
672 1921 767 1946 suam
793 1921 833 1945 re
857 1908 1056 1945 declarant2
1088 1908 1233 1956 perinde
1259 1908 1309 1944 illi
1336 1908 1525 1951 facientes,
1548 1920 1590 1944 ac
1614 1907 1644 1943 si
1663 1907 1742 1954 quis

265 1956 301 1990 in
325 1956 412 1989 mari
431 1962 577 1998 natans,
601 1957 701 1991 stillis
716 1957 848 1991 demum
867 1961 903 1991 et
919 1956 1053 1990 levibus
1071 1957 1210 2002 pluviae
1229 1956 1418 2002 praeludiis
1432 1955 1637 2002 conspectis,
1661 1967 1744 2001 pro-

265 2002 374 2037 fundo
392 2002 476 2036 mari
494 2015 569 2038 sese
585 2002 765 2049 immergat
779 2029 790 2047 ‚
815 2015 859 2038 ne
880 2001 984 2037 aEriis
1003 2002 1071 2037 illis
1091 2004 1226 2038 roribus
1244 2002 1484 2048 perfundatur.
1531 2002 1630 2047 (XI.)
1655 2002 1745 2036 Ete-

264 2047 334 2083 nim
352 2047 533 2091 Palamas,
556 2050 718 2094 paulatim
744 2049 825 2084 inde
848 2048 1060 2091 abscedens,
1084 2050 1271 2084 auxiliares
1292 2049 1410 2095 copias
1429 2047 1574 2084 accitum
1598 2048 1683 2091 ivit,
1706 2052 1745 2084 et

265 2105 490 2140 quoscunque
511 2095 838 2142 circumstrependi,
863 2095 1106 2140 obstrependi,
1130 2102 1168 2131 et
1183 2096 1377 2141 importune
1395 2094 1599 2140 obloquendi
1627 2095 1745 2129 facul-

265 2145 340 2195 tate
362 2139 528 2221 pollentzs
543 2142 688 2188 reperit,
712 2153 771 2177 eos
790 2153 905 2177 omnes
920 2142 1159 2189 congregavit.
1204 2143 1255 2179 Hi
1274 2147 1388 2178 autem
1404 2142 1589 2177 insolentes
1605 2141 1745 2188 linguas

265 2198 304 2222 ln
326 2199 388 2221 nos
411 2198 495 2221 acue
521 2193 591 2222 ant.

359 2234 395 2269 7.
424 2233 579 2268 Tandem
598 2237 635 2269 et
650 2234 750 2269 nobis
769 2233 934 2270 iracunde
952 2234 1198 2277 intrumentis,
1220 2233 1362 2270 violenti
1379 2245 1521 2280 prorsus
1535 2237 1571 2269 et
1586 2234 1630 2269 ad
1646 2245 1744 2269 omne

267 2279 381 2315 scelus
400 2279 549 2325 prompti
576 2279 612 2314 in
637 2292 699 2315 nos
729 2286 961 2327 consurgunt3
985 2294 1026 2316 ac
1045 2282 1214 2317 ecclesiae
1234 2281 1302 2316 Dei
1329 2280 1521 2324 antistites,
1545 2280 1570 2314 ii
1598 2281 1744 2322 scilicet,

268 2326 396 2372 quibus
415 2330 587 2372 pastorum
604 2338 727 2361 munus
744 2327 883 2372 obtigit,
907 2328 1040 2363 vineam
1059 2329 1125 2363 Dei
1142 2331 1293 2362 vastant.
1335 2327 1469 2362 Omitto
1488 2330 1638 2368 caetera,
1655 2339 1745 2372 quae

268 2372 439 2407 adversus
455 2372 620 2407 eiusmodi
635 2373 746 2408 homin
763 2386 786 2407 ·s
803 2385 903 2408 sacra
916 2374 1097 2421 Scriptura
1113 2374 1248 2420 tragice
1266 2373 1345 2409 olim
1363 2373 1578 2408 declamavit.
1601 2374 1685 2418 (11.)
1695 2375 1745 2408 Ac

270 2419 414 2465 primum
433 2418 568 2465 quidem
593 2419 801 2464 imperator,
823 2419 883 2454 illo
910 2425 1001 2455 metu
1022 2421 1196 2467 agitatus,
1220 2432 1321 2466 quem
1347 2420 1464 2455 triduo
1488 2424 1568 2454 ante
1586 2420 1745 2454 Palamas

270 2465 381 2500 animo
406 2465 481 2501 eius
502 2465 605 2500 altius
628 2465 870 2512 impresserat,
895 2468 1107 2502 contumeliis
1133 2472 1169 2502 et
1189 2466 1288 2501 minis
1319 2466 1525 2509 dirissimis,
1548 2466 1645 2502 velut
1663 2466 1744 2501 telis

270 2512 496 2558 quibusdam,
521 2523 582 2546 nos
607 2511 771 2555 incessit;
795 2524 862 2547 non
882 2512 940 2548 ille
960 2513 1174 2549 incolendum
1194 2513 1402 2548 Atlanticum
1421 2525 1534 2556 mare,
1558 2525 1623 2547 nec
1645 2517 1746 2547 extra

271 2562 399 2593 terram
416 2557 633 2597 habitabilem
653 2559 852 2604 quaerenda
877 2559 1001 2595 exsilia
1025 2560 1245 2595 comminatus
1272 2559 1420 2606 (quippe
1441 2560 1526 2594 haec
1544 2559 1692 2594 Xerxem
1710 2562 1746 2594 et

273 2604 488 2640 barbaricam
513 2605 589 2640 eius
618 2604 821 2640 dementiam
843 2617 884 2640 ac
908 2606 1086 2642 lasciviam
1110 2606 1308 2651 decebant)
1332 2606 1396 2640 sed
1423 2606 1492 2641 alia
1510 2606 1565 2641 his
1583 2606 1747 2651 graviora

273 2655 310 2685 et
327 2651 466 2686 multum
487 2652 729 2693 abhorrentia,
753 2656 794 2686 ut
811 2651 906 2687 infra
921 2652 1067 2687 dicetur.
1114 2652 1258 2687 Scilicet
1276 2652 1336 2687 ubi
1353 2651 1526 2699 principia
1550 2655 1587 2688 et
1604 2651 1747 2686 institu-

272 2704 311 2731 ta
327 2696 523 2743 inaequalia
548 2703 584 2734 et
605 2697 784 2734 dissimilia
803 2704 904 2741 sunt,
926 2699 976 2733 ibi
998 2699 1102 2734 etiam
1120 2699 1317 2744 inaequales
1339 2704 1374 2734 et
1394 2698 1576 2733 dissimiles
1587 2698 1747 2743 utrinque

273 2754 351 2778 esse
375 2744 544 2779 actionum
567 2744 678 2780 exitus
707 2744 808 2790 plane
831 2748 1094 2780 consentaneum
1123 2749 1187 2780 est.
1235 2745 1345 2780 Porro
1371 2745 1432 2780 ille
1456 2757 1521 2780 nec
1545 2744 1747 2789 religionem

273 2789 421 2835 patriam
446 2791 694 2833 abiuraverat,
728 2802 792 2825 nec
821 2802 945 2826 morem
971 2792 1228 2838 doctrinamque
1260 2796 1413 2827 veterem
1440 2803 1529 2826 novo
1560 2802 1748 2836 recensque

273 2836 461 2873 constitum
488 2848 583 2874 more
611 2837 837 2886 doctrinaque
859 2841 1072 2886 mutaverat,
1104 2850 1168 2876 uec
1188 2837 1312 2882 fidem,
1336 2838 1371 2874 ei
1396 2849 1498 2886 quem
1518 2838 1655 2875 colebat
1671 2838 1747 2873 Deo
