1794 3172
227 117 259 164 ’7
268 115 290 163 1
299 116 329 164 6
650 116 964 163 NICEPHORI
993 115 1318 160 GREGORAE

12 244 50 276 A.
68 241 114 274 Μ.
134 238 313 289 6852βον
334 231 427 288 βίον
452 227 677 282 ἀνύοντας,
715 227 768 270 τὰ
797 225 926 283 πτερὰ
958 229 1034 280 τῆς
1063 224 1184 281 εὐχῆς
1206 222 1340 280 ἡσυχῆ
1367 224 1472 283 πρὸς
1491 223 1592 268 θεὸν
1618 224 1723 268 ἀνα-

59 291 127 324 Iml'
144 289 428 369 12Επέμπειν,
467 299 541 344 ὅτι·
561 300 627 343 καὶ
650 297 806 352 πολλὴν
827 296 931 353 πρὸς
957 293 1133 350 ἡσυχίαν
1154 294 1321 351 παρέχει
1343 294 1418 351 τὴν
1447 295 1619 352 εὗφυΐαν
1637 302 1724 344 τοῖς

236 373 313 429 τὴν
337 368 528 428 οὐράνιον
548 370 590 412 ἕν
609 372 660 425 γῇ
680 366 856 422 μετιέναι
880 364 1070 407 ἐθέλουσι
1092 365 1301 407 πολιτείαν
1313 394 1341 417 ,-
1367 366 1433 407 καὶ
1462 362 1566 422 πρός
1585 382 1626 420 γε
1648 365 1723 419 τὴν

236 442 432 499 χορηγίαν
461 442 542 481 τῶν
571 439 627 487 εἷς
655 435 815 493 τροφὴν
845 434 1043 477 παντοίαν
1072 434 1309 489 ἐπιτηδείως
1331 431 1508 489 ἐχόντων
1530 433 1724 490 ἄφθονον

238 512 404 554 οἴκοθεν
432 508 568 551 οἴκαδε
597 506 668 548 τὸν
697 504 860 548 ἅπαντα
884 501 1037 560 χρόνον
1056 505 1288 559 πορίζεται·
1325 505 1392 546 καὶ
1417 503 1504 558 ἅμα
1521 501 1752 560 θαλάσσῃὸ

108 591 151 625 Ρ.
163 583 380 639 449μακρζὶ
407 580 708 633 στεφανοῦται,
747 574 903 629 πολλὴν
935 571 991 623 ιῦς
1018 573 1061 615 ἐκ
1084 571 1235 616 κύκλου
1264 571 1487 630 κομιζούσῃ
1507 573 1583 629 τὴν
1599 571 1723 630 χάριν

239 649 367 707 αὐτῷ,
394 646 507 702 παρὰ
528 649 729 689 τοσοῦτον
748 644 806 699 μὴ
827 648 952 698 νῆσον
972 640 1072 685 εἶναι
1093 642 1294 694 καθάπαξ
1315 643 1416 686 αὐτὸ
1436 640 1721 700 συγχωροῦσῃ,

237 716 423 775 παρόσον
451 718 593 773 ῗσθμῷ
624 732 700 757 τινι
735 713 793 769 μὴ
826 713 902 755 σὺν
923 710 1035 770 πόνῳ
1057 717 1324 770 καρποῦσθαι
1348 714 1416 756 καὶ
1436 712 1511 767 τὴν
1529 712 1607 762 ἔξω
1626 729 1724 767 χεο-

237 789 364 845 μένην
386 788 441 836 εἷς
458 790 590 841 μῆκος
611 782 698 840 ἅμα
717 785 783 826 καὶ
805 780 961 832 πλάτος
979 781 1146 839 ἤπειρον
1167 784 1324 826 δίδωσι.
1363 784 1430 825 καὶ
1452 779 1595 832 ἁπλῶς
1618 800 1725 823 παν-

237 855 421 913 ταχόθεν
445 856 526 898 ἐκεῖ
561 854 614 897 τὰ
644 857 719 908 τῆς
750 853 898 909 ἀρετῆς
932 859 1211 909 συγκροτεῖται
1242 853 1508 909 γνωρίσματα
1537 849 1642 908 πρός
1678 868 1722 893 τε
1738 866 1781 899 10

237 932 314 983 τῆς
338 924 500 984 φύσεως
527 922 630 981 πρός
662 941 704 966 τε
728 927 801 978 τῆς
834 926 916 965 τῶν
947 920 1170 965 οἷκούντων
1198 920 1422 978 ἀσκήσεως.
1462 920 1510 964 οὐ
1546 922 1723 978 γυναίων

203 996 347 1046 Βὸλως
370 997 453 1038 ἐκεῖ
471 994 687 1046 ξυναυλία,
727 994 793 1035 καὶ
815 990 1048 1034 ἀκόλαστον
1071 991 1210 1047 ὄμμα,
1249 994 1317 1035 καὶ
1334 994 1522 1047 χλιδῶσα
1554 1008 1725 1045 κομμω-

241 1066 331 1121 τικὴ
345 1099 357 1119 ,
397 1066 464 1107 καὶ
490 1063 567 1107 ὅσα
591 1063 664 1118 τὴν
695 1062 870 1118 ἀρχαίαν
894 1066 966 1104 τοῦ
991 1061 1124 1119 ὅᾳεως
1145 1060 1308 1117 ὁμιλίαν
1330 1062 1482 1117 ἐκείνην
1505 1060 1562 1110 εἰς
1590 1062 1725 1117 ἔγκαι-

242 1138 339 1179 νίων
357 1134 445 1178 τινὰ
469 1131 628 1189 συνάγει
657 1130 882 1188 πανήγυριν
905 1133 972 1174 καὶ
1000 1137 1163 1189 μακροῦ
1194 1135 1396 1181 κυκεῶνος
1426 1132 1493 1174 καὶ
1516 1128 1726 1180 κλύδωνος

243 1206 317 1249 τὸν
335 1206 428 1260 βίον
455 1205 720 1258 ἐμπίπλησιν
759 1201 853 1244 οὐδ’
885 1203 1076 1258 ἐμπορίαι
1102 1200 1314 1258 δημόσιοι,
1354 1203 1421 1244 καὶ
1442 1201 1615 1257 ἀγοραὶ,
1655 1201 1780 1247 καὶ15

241 1272 515 1332 ἀγορανόμοι,
554 1274 621 1315 καὶ
642 1271 855 1314 δικαστικὰ
875 1269 1073 1327 βήματα,
1112 1274 1179 1314 καὶ
1200 1270 1384 1328 γλώττης
1409 1272 1617 1323 ἐπίδειξις,
1657 1270 1726 1312 καὶ

241 1349 374 1402 τῦφος
409 1343 491 1386 ἀπὸ
523 1344 671 1399 δίφρου
701 1343 908 1394 θεσπίζων
937 1341 989 1383 τὰ
1012 1347 1086 1397 τῆς
1109 1341 1277 1399 ὀρέξεως
1299 1339 1468 1396 νόμιμα.
1509 1341 1604 1383 οὐδὲ
1625 1342 1724 1382 δου-

204 1415 333 1458 Ολειά
358 1414 426 1455 καὶ
445 1412 644 1455 αὐθεντία
667 1413 814 1469 μερίζει
836 1411 907 1454 τὸν
926 1413 1020 1466 βίον
1039 1413 1140 1454 ἕκεΐ”
1171 1411 1272 1454 ἀλλ’
1300 1412 1489 1468 ἰσηγορία
1505 1444 1517 1463 ,
1554 1412 1621 1452 καὶ
1650 1427 1725 1464 με-

241 1481 406 1540 τριότης
429 1479 719 1540 φρονήλιιατος,
756 1482 823 1524 καὶ
845 1480 982 1537 ἤθους
1009 1480 1234 1538 σεμνότης,
1273 1483 1340 1524 καὶ
1373 1477 1633 1535 δικαιοσύνης
1658 1479 1725 1522 εὖ-

239 1553 370 1609 γὲνεια
402 1556 651 1608 σκηνοβατεῖ
682 1553 750 1593 καὶ
790 1550 1037 1609 περιχορεῦει
1070 1551 1142 1594 τὸν
1166 1556 1307 1608 χῶρον
1337 1551 1508 1603 ἐκεῖνον,
1548 1551 1615 1592 καὶ
1645 1547 1724 1592 ὅσα
1737 1561 1783 1595 20

241 1622 316 1678 τὴν
337 1623 480 1665 ἔνθεον
502 1623 544 1664 ἐν
574 1625 624 1678 γῇ
658 1623 900 1679 δημιουργεῖ
925 1622 1156 1674 πολιτείαν,
1196 1623 1264 1664 καὶ
1294 1620 1369 1676 τὴν
1390 1619 1520 1670 ὅντως
1546 1621 1587 1662 ἓν
1609 1622 1725 1676 ψυχῇ

241 1693 491 1749 (μλοσοᾳιάν
509 1690 729 1748 ἐργάζεται.
754 1691 801 1733 οὗ
824 1694 1002 1742 πλοῦτος
1020 1693 1104 1735 ἐκεῖ
1116 1692 1183 1734 καὶ
1206 1689 1369 1746 δαπάνη
1395 1687 1626 1747 χρημάτων
1658 1690 1726 1732 καὶ

239 1760 501 1816 βλακεύουσα
524 1759 686 1818 θρύψις
709 1759 1038 1816 ἒμπολιτεῦεται“
1076 1761 1173 1804 ἀλλ’
1197 1759 1308 1804 ἅπαν
1329 1762 1439 1803 ἐστὶν
1460 1760 1634 1815 ἀληθῶς
1659 1775 1727 1802 σε·-

332 1838 367 1871 2.
393 1836 446 1873 ἔτι
468 1836 531 1872 καὶ
553 1836 641 1872 coni.
665 1837 766 1872 Boiv.

240 1898 309 1929 tem
330 1894 500 1940 integram
519 1896 666 1937 faciant,
692 1895 864 1942 supplices
879 1898 1037 1932 votorum
1063 1907 1194 1942 pennas
1219 1895 1262 1931 ad
1280 1895 1389 1930 Deum
1416 1891 1602 1939 tranquille
1623 1892 1726 1927 attol-

239 1941 344 1975 lendi.
393 1943 531 1987 Quippe
551 1943 594 1976 ad
614 1944 830 1978 solitudinem
849 1947 886 1978 et
908 1944 1059 1989 quietem
1080 1944 1226 1977 maxime
1248 1942 1379 1977 habiles
1404 1941 1524 1976 reddit
1548 1951 1642 1974 mons
1667 1939 1727 1974 ille

241 1999 314 2029 eos,
335 1987 392 2033 qui
411 1990 592 2023 caelestem
612 1989 646 2023 in
664 1998 760 2024 terra
774 1991 867 2025 vitae
887 1990 1053 2025 rationem
1071 1989 1208 2035 ingredi
1229 1989 1351 2031 velint,
1371 2001 1412 2023 ac
1431 1988 1475 2022 iis
1494 1988 1600 2021 omnis
1618 1998 1727 2030 gene-

240 2035 291 2068 ris
311 2034 469 2070 alimenta
488 2041 653 2081 perpetuo
676 2043 712 2071 et
730 2037 862 2071 affatim
882 2037 1084 2083 suppeditat
1099 2037 1190 2071 domi
1207 2040 1301 2071 nata.
1350 2035 1422 2070 Sed
1443 2042 1479 2069 et
1499 2034 1583 2068 mari
1603 2044 1726 2078 magno

242 2086 436 2122 coronatur,
465 2082 553 2127 quod
574 2083 605 2116 ei
623 2084 758 2118 multum
777 2084 931 2130 undique
950 2083 1053 2118 affert
1071 2084 1284 2125 venustatis,
1310 2094 1350 2118 ac
1369 2095 1409 2117 eo
1429 2085 1560 2116 tantum
1584 2080 1727 2122 insulam

240 2127 376 2161 omnino
396 2128 473 2161 fieri
493 2140 558 2163 non
579 2129 682 2172 sinit,
707 2136 748 2165 ut
768 2131 879 2176 possit
895 2143 957 2177 per
976 2131 1135 2165 isthmum
1153 2130 1371 2165 interiectum
1395 2129 1489 2163 facili
1510 2128 1630 2163 labore
1651 2127 1729 2161 fru-

240 2179 332 2207 ctum
355 2174 535 2219 percipere
561 2175 662 2210 etiam
686 2189 730 2211 ex
754 2182 870 2220 terra3
893 2189 983 2224 quae
1002 2178 1040 2212 in
1060 2178 1196 2222 longum
1220 2177 1320 2212 simul
1348 2189 1388 2211 ac
1414 2176 1518 2210 latum
1541 2185 1644 2220 porro
1664 2185 1727 2207 ex-

240 2220 350 2254 currit
372 2232 413 2255 ac
433 2221 647 2256 diffunditur.
694 2223 791 2266 Illuc,
816 2236 882 2259 uno
907 2225 1034 2266 verbo,
1063 2224 1155 2259 omni
1174 2235 1215 2258 ex
1239 2229 1340 2271 parte
1367 2222 1545 2262 confluunt
1563 2233 1616 2263 ea,
1637 2231 1728 2266 quae

240 2266 404 2321 yirtutem
428 2268 650 2303 excellentem
671 2276 839 2315 arguunt,
865 2271 940 2306 sive
966 2271 1033 2306 loci
1055 2277 1210 2306 naturam
1234 2275 1392 2317 spectes,
1411 2270 1486 2304 sive
1503 2267 1729 2303 habitantium

243 2317 452 2348 1nst1tutum.
499 2314 679 2360 Nusquam
703 2316 753 2351 ibi
781 2318 1054 2352 muliercularum
1079 2317 1325 2359 contubernia3
1350 2327 1513 2362 nusquam
1535 2315 1651 2349 oculus
1675 2314 1730 2347 in·-

239 2363 436 2404 temperans
463 2364 499 2395 et
527 2361 765 2397 effoeminatos
795 2364 866 2398 fuci
890 2364 1004 2406 nitor3
1037 2371 1073 2400 et
1097 2376 1325 2410 quaecuuque
1349 2369 1500 2398 veterem
1522 2362 1614 2396 illam
1634 2361 1730 2395 vitae

241 2407 546 2450 consuetudinem,
570 2419 658 2453 quae
676 2420 751 2444 cum
770 2410 942 2456 Serpente
966 2412 1044 2446 olim
1070 2412 1160 2454 fuit,
1185 2411 1330 2457 quodam
1356 2409 1464 2445 veluti
1490 2408 1730 2444 encaeniorum

240 2452 331 2487 festo
351 2458 540 2496 renovant,
563 2465 605 2489 ac
623 2467 744 2500 magna
769 2457 988 2500 confusione,
1013 2459 1146 2504 magnis
1163 2458 1339 2492 turbarum
1361 2456 1526 2491 fluctibus
1544 2455 1650 2489 vitam
1665 2454 1730 2488 im-

239 2498 351 2544 plent.
397 2501 578 2546 Nusquam
599 2501 648 2535 ibi
667 2503 806 2536 venales
823 2503 858 2537 in
878 2505 1016 2549 publico
1035 2517 1185 2546 merces3
1209 2515 1374 2550 nusquam
1391 2503 1480 2544 fora,
1508 2506 1568 2537 aut
1584 2501 1729 2543 aediles,

240 2550 302 2600 aut
320 2545 468 2581 iudicum
488 2548 698 2590 tribunalia,
723 2555 785 2583 aut
809 2550 945 2594 linguae
966 2552 1177 2593 venditatio,
1203 2555 1262 2585 aut
1288 2551 1331 2585 (le
1360 2550 1471 2584 curuli
1495 2549 1579 2584 sella
1603 2549 1727 2589 fastus,

238 2602 315 2646 {ura
335 2604 398 2638 pro
419 2593 564 2628 libidine
583 2594 828 2640 interpretans.
876 2598 958 2631 Non
978 2598 1046 2632 illic
1066 2599 1162 2632 vitae
1180 2597 1332 2632 conditio
1347 2596 1382 2630 in
1402 2596 1603 2631 servitutem
1623 2598 1728 2640 atque

239 2639 419 2684 imperium
441 2640 549 2675 herile
576 2641 687 2676 divisa
709 2645 775 2676 est.
823 2643 893 2677 Sed
916 2649 952 2677 et
968 2644 1133 2690 loquendi
1160 2657 1270 2690 aequa
1289 2644 1453 2685 libertas,
1480 2647 1516 2677 et
1533 2641 1636 2677 animi
1655 2653 1728 2676 mo-

239 2685 388 2728 deratio,
412 2690 449 2721 et
465 2698 594 2722 morum
614 2688 799 2732 honestas,
822 2694 858 2724 et
876 2689 1031 2730 iustitiae
1050 2691 1248 2736 ingenuitas
1265 2690 1375 2725 locum
1393 2690 1488 2724 illum
1506 2701 1570 2736 pro
1588 2689 1727 2723 theatro

237 2729 386 2774 habent,
412 2737 448 2768 et
465 2733 569 2768 choro
587 2734 694 2768 veluti
715 2734 884 2777 lustrant,
909 2749 1039 2783 eaeque
1056 2750 1171 2773 omnes
1188 2737 1357 2778 virtutes,
1382 2748 1473 2782 quae
1489 2736 1673 2772 caelestem
1690 2733 1728 2768 in

236 2781 330 2813 terra
355 2791 467 2814 rerum
493 2780 647 2816 ordinem
669 2781 829 2826 pariunt,
856 2793 898 2818 ac
915 2795 1032 2819 veram
1054 2785 1089 2819 in
1111 2784 1240 2819 animos
1266 2783 1519 2829 philosophiam
1546 2782 1726 2817 invehunt.

220 2822 317 2859 *Non
335 2825 384 2860 ibi
402 2838 487 2872 opes
504 2838 545 2863 ac
563 2827 759 2874 pecuniarii
774 2836 951 2876 sumptus3
974 2842 1042 2867 non
1059 2831 1109 2868 ibi
1130 2842 1248 2867 socors
1265 2830 1402 2866 luxuria
1419 2834 1566 2877 regnat:
1590 2828 1653 2864 aed
1670 2832 1726 2862 to-
