1794 3172
241 187 265 233 1
277 185 371 233 180
780 187 874 235 ‘AN
875 189 916 234 N
918 188 1273 234 OTATIONES.

242 304 280 339 et
300 314 339 340 οι
358 311 416 337 slc
437 296 750 350 pronuntiantur
771 302 817 336 ut
835 297 932 336 iota.
992 297 1205 336 Praeterea
1233 295 1276 334 in
1300 308 1383 334 uno
1403 308 1526 334 versu
1549 292 1776 349 συνιζήσεις

241 356 424 395 adhibuit
444 355 568 405 duas,
598 351 754 402 πόλεως
779 350 995 408 Τράλλεως.
1058 354 1170 402 Quae
1203 353 1333 392 omnia
1364 359 1540 404 arguunt
1565 354 1776 392 oraculum

239 414 354 452 istud
386 427 468 451 non
495 412 619 451 fuisse
650 410 909 464 Delphicum,
942 418 1011 450 aut
1039 411 1303 462 Sibyllinum,
1335 410 1403 449 sed
1435 412 1595 449 omnino
1623 424 1775 449 recens.

242 472 287 510 In
312 470 451 509 codice
473 469 773 519 Barberiniano‚
805 482 885 520 quo
907 483 1004 508 usus
1026 475 1086 507 est
1110 468 1312 518 Possinus,
1343 468 1449 506 idem
1471 468 1680 506 oraculum
1704 481 1778 506 ex—

243 534 323 567 stat
347 528 470 581 paulo
503 527 661 566 auctius
680 524 746 579 *),
777 526 892 578 eique
914 526 1090 578 praefixa
1109 525 1210 565 haec
1237 525 1467 577 inscriptio,
1499 519 1617 572 οὗτος
1644 523 1666 565 ὁ
1684 540 1777 576 χρη-

244 582 343 638 σμὸς
363 586 601 625 Παυσανίου
621 583 841 638 προέδρου,
873 582 968 624 Hoc
995 593 1049 622 esi
1080 580 1296 622 oraculum
1320 580 1541 621 Pausaniae
1564 579 1777 620 Praesidis.

242 643 326 693 Ego
344 656 442 681 vero
461 642 580 681 facile
605 641 841 680 crediderim
863 642 1102 680 fabricatum
1127 640 1229 679 illud
1250 639 1372 678 fuisse
1394 640 1442 678 ab
1464 640 1600 691 aliquo
1621 638 1779 677 Andro-

244 700 324 738 nici
344 700 493 750 amico,
526 700 612 739 sive
632 700 666 737 is
689 698 927 738 Theodorus
948 697 1163 738 Metochita
1186 697 1320 747 suerit,
1352 696 1436 735 sive
1458 697 1572 737 alius.
1606 696 1779 734 Maxima

245 763 353 796 certe
383 757 463 796 illis
496 757 746 809 temporibus
785 763 871 795 erat
900 757 1140 795 Graecarum
1180 755 1386 793 Musarum
1431 748 1618 806 ἅμουσία.
1677 753 1779 792 Vide

246 814 421 853 carmina
450 813 656 853 Theodori
682 813 944 862 Metochitae,
976 821 1016 853 et
1043 827 1134 852 cum
1159 812 1248 850 istis
1278 811 1431 852 confer.
1491 811 1627 856 Solus,
1660 824 1779 862 quem

246 872 382 921 sciam,
415 885 459 911 ea
481 878 608 910 aetate
629 871 827 910 Maximus
852 871 1051 911 Planudes
1068 869 1296 910 tolerabiles
1326 869 1481 921 aliquos
1504 882 1645 907 versus
1668 868 1779 911 fecit.

246 929 325 967 Sed
345 929 394 968 de
414 929 683 968 recentiorum
705 929 946 968 Graecorum
971 929 1085 981 po'esi
1117 928 1234 966 etiam
1260 927 1363 965 infra
1392 927 1443 965 ad
1461 941 1502 980 p.
1537 929 1628 969 190-
1650 925 1691 966 C.
1713 924 1780 963 di-

248 988 351 1026 cturi
376 1000 532 1036 sumus,
563 986 634 1024 ubi
660 986 711 1025 de
733 986 938 1025 Theodori
960 986 1198 1025 Metochitae
1220 984 1428 1038 poematis.
1486 997 1640 1023 noivm.

363 1057 458 1107 Pag.
494 1057 598 1104 143,
629 1058 696 1098 22.
764 1053 821 1095 To}
851 1053 895 1096 δὲ
925 1052 1021 1108 μετοῖ
1053 1056 1274 1108 μοναχικοῦ
1303 1049 1502 1106 σχήματος
1532 1051 1642 1105 ἕτερα
1669 1048 1779 1104 ἤως]

248 1110 496 1150 Asteriscum
517 1118 612 1164 post
639 1112 750 1166 ἕτερα
772 1119 1011 1165 apposuerat
1028 1113 1240 1164 interpres,
1269 1124 1344 1149 nec
1366 1110 1477 1162 quod
1495 1111 1626 1148 statim
1653 1108 1782 1161 sequi-

248 1175 318 1207 tur
348 1169 491 1208 vertit:
525 1175 564 1207 et
593 1175 702 1208 certe
733 1177 824 1221 post
851 1170 961 1224 ἕτερα
997 1170 1211 1221 legendum
1236 1164 1333 1218 δυό,
1363 1174 1426 1206 tot
1455 1168 1558 1206 enim
1588 1181 1710 1205 annos
1739 1166 1782 1204 in

247 1225 391 1272 habitu
427 1225 664 1265 monachico
704 1227 837 1278 exegit
869 1227 1148 1275 Andronicus,
1189 1234 1233 1265 ut
1264 1226 1405 1264 scribit
1437 1225 1542 1263 idem
1584 1225 1781 1274 Gregoras

247 1283 321 1323 lib.
347 1283 421 1322 IX.
447 1297 534 1335 cap.
566 1284 640 1323 ult.
680 1297 751 1322 seu.
785 1290 831 1323 ut
861 1291 920 1324 est
950 1285 992 1323 in
1026 1291 1121 1323 nota
1151 1283 1360 1334 marginali
1390 1282 1444 1321 ad
1475 1295 1565 1334 cap.
1596 1281 1780 1322 XXVIII.

248 1340 317 1381 lib.
340 1341 390 1379 II.
416 1341 706 1391 Cantacuzeni,
737 1341 781 1381 ἐν
807 1345 997 1395 μοναχαῖν
1029 1338 1199 1395 σχήματι
1231 1337 1433 1394 διαγαγών
1466 1336 1675 1386 ἐνιαυτούς
1707 1335 1782 1379 δύο

248 1393 350 1451 παρ’
374 1392 525 1451 ὀλίγον.
583 1399 698 1436 Tunc
725 1398 857 1437 addit:
880 1397 967 1452 ἤως
991 1398 1078 1452 τρὶς
1098 1396 1194 1440 ἑπτα
1215 1395 1356 1438 κύκλοι
1380 1395 1629 1448 σεληνιακοὶ,
1662 1393 1685 1436 ὂ
1713 1395 1783 1436 καὶ

249 1453 426 1507 βέλτιον,
458 1451 532 1495 δύο
556 1453 724 1508 ἔγγιστα,
754 1456 797 1494 id
822 1462 892 1506 est,
917 1454 982 1495 vel
1011 1453 1081 1510 (ex
1105 1470 1184 1508 quo
1212 1453 1452 1493 monachum
1472 1453 1625 1501 induit,
1654 1453 1784 1491 inter-

251 1508 363 1565 sunt)
389 1521 445 1549 τεν
467 1520 607 1565 sepiem
633 1510 775 1552 circuli
795 1511 953 1553 lunares
991 1510 1081 1568 (seu
1109 1527 1263 1553 menses
1289 1512 1402 1552 XXI.
1430 1527 1496 1550 seu
1522 1511 1657 1565 potius
1687 1511 1784 1549 anni

246 1583 368 1622 prope
385 1568 466 1622 IL).
523 1582 696 1608 nummo.
803 1581 805 1583 ’

369 1639 464 1690 Pag.
499 1640 598 1687 144,
628 1641 667 1680 2.
729 1640 902 1691 Πρῶτον
920 1638 988 1680 καὶ
1009 1636 1183 1681 εἰκοστὸν
1199 1635 1367 1692 ἤμειβεν
1387 1635 1498 1689 ἔτος]
1528 1635 1784 1675 Vertitwol-

249 1693 350 1744 ssus,
381 1709 526 1733 annum
550 1696 691 1734 aetatis
721 1706 850 1748 ageret
874 1698 1046 1749 primum
1076 1707 1111 1735 et
1137 1697 1375 1750 vigesimum.
1417 1694 1663 1733 Vertendum
1690 1693 1781 1742 fuit,

250 1765 398 1789 annum
417 1760 491 1790 aet.
517 1750 733 1802 excederet,
755 1759 829 1792 etc.
851 1755 1086 1805 praesertim
1113 1755 1147 1793 si
1165 1755 1322 1805 legatur
1350 1749 1628 1807 παρήμειβεν,
1660 1757 1704 1789 ut
1724 1750 1785 1789 le-

249 1807 357 1858 gitur
375 1809 416 1846 in
438 1808 585 1847 Codice
600 1809 736 1860 Regio.
794 1825 950 1852 BOIVIN.

365 1862 470 1907 Ibid.
485 1866 527 1904 in
550 1873 658 1905 nota.
677 1864 788 1915 ’Ήως
807 1867 891 1923 τρὶς
915 1866 1012 1909 {nvo}
1033 1865 1174 1910 κύκλοι
1196 1866 1447 1919 σεληνιακοὶ]
1481 1865 1622 1905 Graeci
1642 1878 1785 1904 recen-

250 1921 374 1959 tiores
406 1922 546 1962 dicunt
574 1921 660 1977 ἤως
687 1937 765 1977 pro
797 1922 848 1979 ἢ,
886 1926 952 1965 vel
981 1924 1083 1979 ἤτοι.
1130 1927 1233 1966 Vide
1266 1925 1442 1964 Glossar.
1473 1923 1575 1963 med.
1609 1923 1784 1964 Graecit.

250 1991 406 2018 BOIVIN.

369 2039 467 2091 Pag.
499 2041 604 2088 144,
633 2040 676 2082 4.
725 2036 917 2089 ’Ἄτταλός
936 2057 996 2089 τις
1021 2036 1208 2094 εὐγενής]
1240 2039 1417 2087 Tralles,
1447 2038 1589 2077 urbem
1613 2037 1660 2076 ad
1679 2037 1785 2076 Mae-

253 2092 445 2144 andrum,
477 2096 732 2147 Pelasgorum
753 2098 950 2137 coloniam
978 2098 1102 2137 fuisse
1132 2098 1274 2137 scribit
1300 2096 1486 2149 Agathias
1515 2096 1584 2138 lib.
1607 2097 1654 2134 V.
1680 2096 1794 2141 duce,

252 2149 359 2189 sorte
380 2151 513 2191 Attalo
536 2154 615 2191 isto
635 2153 820 2196 Troiano.
875 2169 1051 2195 DUGANG.

370 2210 466 2261 Pag·
500 2210 603 2258 145,
632 2215 702 2253 21.
720 2208 864 2254 ’Ώὸινε
879 2211 952 2266 μὲν
969 2211 1044 2268 γάρ
1068 2211 1092 2254 ὁ
1114 2209 1346 2267 Κάρουλος]
1377 2209 1610 2263 Pachymer.
1630 2208 1784 2249 lib.VI.

254 2276 342 2317 cap.
360 2265 533 2307 XXXII.
573 2280 746 2307 nocane.
1507 2283 1511 2290 ‘

368 2320 407 2361 Ρ
406 2337 471 2375 ag.
501 2323 583 2367 146
591 2354 602 2373 ,
632 2329 672 2368 6.
726 2322 1024 2380 Ῥωσονσύλην]
1058 2327 1140 2376 Qui
1156 2326 1347 2379 Pachym.
1366 2325 1434 2364 lib.
1447 2324 1514 2365 VI.
1529 2337 1617 2375 cap.
1631 2323 1784 2363 XXXI.

251 2376 344 2427 Ῥῶς
374 2382 563 2432 Σολυμᾶς
585 2383 836 2435 appellatur,
878 2398 997 2436 quem
1027 2383 1094 2424 hic
1123 2385 1273 2437 pariter
1301 2383 1494 2436 depingit.
1554 2381 1654 2422 Vide
1681 2380 1786 2422 Hist.

255 2435 621 2490 Franco-Byzant.
650 2440 719 2479 lib.
742 2441 807 2480 VI.
829 2454 869 2479 n.
895 2442 965 2482 XI.
997 2456 1172 2482 nucaxo.
1231 2441 1456 2490 Ducangius
1478 2439 1581 2479 Hist.
1605 2439 1786 2476 Franco-

255 2491 428 2545 Byzant.
449 2494 518 2537 lib.
537 2495 609 2535 VI.
631 2509 670 2537 n.
691 2497 762 2537 XI.
791 2512 879 2536 eum
906 2505 1024 2538 vocat
1051 2497 1241 2553 Solyman
1275 2497 1322 2537 de
1350 2497 1486 2537 Rossi.
1534 2497 1618 2546 Ego
1653 2501 1786 2535 autem

255 2562 336 2589 non
356 2551 518 2603 dubito,
549 2552 648 2605 quin
671 2553 705 2592 is
726 2555 849 2595 fuerit
874 2554 1012 2611 Rufus
1035 2555 1083 2595 de
1107 2554 1295 2606 Soliaco,
1323 2556 1393 2594 ille
1411 2556 1497 2607 ipse
1520 2553 1686 2602 scilicet,
1717 2552 1787 2604 qui

255 2615 500 2648 memoratur
518 2609 561 2648 in
587 2610 851 2651 instrumento
874 2627 941 2652 seu
964 2614 1188 2666 Diplomate
1211 2614 1347 2665 Regio,
1378 2612 1489 2664 quod
1511 2625 1561 2650 ex
1579 2609 1785 2649 Thesauro

257 2662 495 2705 Chartarum
517 2674 752 2719 excerptum
785 2683 875 2709 cum
905 2671 991 2709 aliis
1019 2672 1117 2710 actis
1138 2677 1178 2710 et
1204 2670 1477 2710 instrumentis
1499 2668 1673 2721 publicis
1697 2667 1786 2705 Du-

257 2723 419 2774 cangius
439 2724 578 2766 edidit.
618 2725 720 2765 Vide
740 2725 908 2766 Chartas
932 2728 1135 2768 Historiae
1156 2726 1592 2779 Franco-Byzantinae
1613 2724 1786 2763 subiun-

257 2784 355 2830 ctas,
381 2793 471 2833 pag.
495 2784 563 2826 34.
598 2782 766 2833 Nomen,
794 2791 841 2823 ut
860 2785 1041 2836 videtur,
1076 2785 1278 2825 Gallicum
1295 2785 1374 2824 fuit
1389 2782 1596 2824 Rousseau
1615 2779 1663 2820 de
1682 2778 1784 2831 Soli,

300 2879 339 2925 *)
361 2880 451 2917 Vide
476 2882 733 2920 observationes
757 2885 894 2921 Possini
915 2886 1177 2934 Pachymerian.
1202 2888 1281 2921 tom.
1303 2885 1332 2920 1.
1357 2896 1440 2932 pag.
1465 2881 1544 2922 479.
1592 2892 1729 2918 noivm.
