1754 3164
477 149 726 190 NOMINUM
754 150 821 189 ΕΤ
853 147 1151 191 VERBORUM.

78 254 216 299 legatus
247 253 283 289 in
317 252 480 288 Serviam
512 251 556 286 ad
584 251 721 288 Cralem
754 254 791 287 et

78 300 316 336 Caesarissam
338 300 478 335 viduam
508 299 653 334 missust
697 311 788 345 quae

76 347 144 381 sibi
177 353 215 382 et
246 347 350 382 sociis
380 347 417 382 in
447 347 574 381 itinere
597 345 790 381 acciderint

77 398 200 428 narrat
222 394 314 436 374,
341 395 396 430 19.
430 392 586 439 acceptis
610 405 632 427 a
656 392 789 427 Caesa·

76 441 166 475 rissa
189 440 381 483 mandatis,
405 440 613 486 Byzantium
637 439 789 474 reverti-

75 492 134 521 tur
157 488 239 529 383,
266 489 325 523 11.
347 486 544 522 Andronico
565 486 694 520 seniori
723 485 788 520 ad-

77 533 215 576 dictus3
257 533 466 569 calamitatis
498 533 675 579 particeps
705 533 788 575 427,

74 578 112 616 4.
146 580 256 615 vitam
287 581 449 622 Ioannis,
492 580 686 615 Heracleae
715 591 789 614 me-

74 626 303 672 tropolitani,
344 626 505 661 avunculi
535 627 601 670 sui',
645 626 788 672 scripsit

75 673 167 717 429,
198 675 233 710 7.
267 673 385 708 amicis
408 674 636 715 instantibus,
678 685 788 707 vanas

74 720 333 767 praedictiones
379 720 587 755 refellendas
639 719 790 764 suscipit

74 767 164 812 447,
192 766 247 804 14.
280 767 510 801 Andronicum
541 765 710 801 seniorem
732 766 788 800 in-

74 814 192 848 visere
216 814 364 848 solitus:
389 826 464 848 cum
481 825 523 848 eo
541 813 694 847 ultimum
713 812 786 847 col-

73 860 230 907 loquitur
252 861 334 904 461,
356 862 390 896 8.
418 860 589 895 Cralaena
612 861 786 902 hortante,

73 907 266 943 monodiam
288 907 383 942 canit
405 907 442 942 in
466 907 595 941 obitum
616 906 787 941 Androni-

75 954 108 988 ci
131 954 278 989 senioris
310 955 397 996 465,
438 956 469 989 1.
507 954 579 988 Th.
611 952 787 989 Metochi-

73 1005 134 1035 tae
157 1006 297 1036 mortem
321 1001 531 1036 lamentatur
554 1000 712 1035 monodia
727 1012 787 1034 re-

74 1048 184 1082 citata
207 1047 299 1090 474,
325 1050 381 1084 13.
414 1047 603 1082 orationem
628 1047 786 1082 consola-

72 1095 200 1129 toriam
232 1095 325 1141 apud
349 1094 582 1129 Andronicum
615 1094 785 1128 iuniorem

71 1141 180 1176 habet
203 1141 248 1176 de
271 1141 368 1176 obitu
391 1141 512 1176 matria
530 1141 606 1175 eius
624 1139 705 1182 490,
725 1139 783 1176 14.

72 1200 271 1234 quanquam
293 1187 413 1231 laicus,
439 1199 461 1223 a
483 1187 612 1222 Ioanne
630 1187 783 1233 patriar-

72 1237 139 1270 cha
163 1236 358 1269 advocatur
378 1235 424 1269 ad
443 1234 686 1279 disputandum
705 1245 782 1267 cum

72 1282 247 1328 episcopis
270 1281 428 1316 Latinisz
463 1281 635 1315 silentium
672 1280 782 1326 primo

70 1328 216 1364 suadet:
254 1327 380 1362 deinde
405 1328 638 1375 patriarcham
664 1332 700 1362 et
724 1339 782 1361 se-

70 1375 182 1410 lectos
207 1374 392 1422 episcopos
423 1375 583 1421 privatim
619 1373 783 1408 convenit

70 1424 153 1464 501,
177 1423 236 1458 21.
259 1422 447 1456 orationem
467 1433 581 1456 coram
599 1420 643 1455 iis
664 1421 781 1461 habet,

27 1472 32 1476 “
70 1481 142 1515 qua
165 1469 491 1503 sententiam-suam
523 1467 635 1501 fusius
670 1479 781 1513 expo-

70 1516 125 1550 nit
148 1518 228 1557 502,
256 1518 311 1551 10.
335 1514 639 1549 acclamationibus
659 1521 695 1547 et
716 1526 781 1559 ap-

71 1562 192 1609 plausu
226 1562 358 1603 efficit,
401 1574 443 1596 ne
476 1561 692 1595 Andronicus
725 1561 781 1594 iu—

70 1609 149 1644 nior
181 1608 334 1654 inquirat
356 1608 391 1642 in
414 1607 623 1643 Demetrium
646 1607 783 1654 Despo-

70 1660 140 1691 tam
165 1657 256 1697 533,
282 1659 314 1691 1.
340 1655 512 1700 dialogum
537 1654 686 1696 scribit,
723 1654 780 1688 cui

68 1703 191 1739 titulus
218 1703 414 1736 Florentius
436 1714 496 1736 seu
528 1702 571 1735 de
596 1703 779 1745 Sapientia

70 1751 160 1792 555,
187 1751 245 1786 23.
282 1761 342 1783 cur
373 1749 515 1794 Synodo
548 1752 668 1782 contra
691 1748 779 1783 Bar-

68 1797 215 1832 laamum
256 1795 396 1830 habitae
440 1795 533 1829 haud
567 1794 778 1838 interfuerit,

68 1844 114 1879 ab
131 1845 341 1889 imperatore
359 1842 550 1882 invitatus3
573 1841 654 1875 item
674 1854 695 1875 a
713 1853 777 1888 pa-

68 1891 225 1925 triarcha
248 1895 285 1924 et
316 1894 390 1923 toto
415 1889 570 1923 Concilio
593 1890 685 1931 558,
720 1892 775 1927 17.

68 1937 210 1972 iubetur
232 1941 329 1972 astra
353 1935 532 1970 consulere
556 1947 662 1981 super
686 1947 778 1970 mor-

67 1985 114 2019 bo
139 1982 326 2018 Andronici
349 1982 493 2016 iunioris
526 1984 616 2023 559,
641 1984 700 2018 20.
734 1995 775 2018 eo

68 2036 228 2073 mortuo,
259 2029 467 2064 lamentandi
490 2041 608 2064 munus
633 2029 778 2076 suscipit

67 2078 152 2120 560,
179 2080 234 2113 10.
258 2076 448 2111 monodiam
472 2076 601 2111 recitat
615 2078 697 2118 560,
721 2078 775 2113 13.

66 2136 134 2159 non
155 2123 340 2170 simplicem
359 2122 537 2158 historiam
555 2122 678 2157 scribit
694 2125 775 2166 677,

69 2173 126 2207 15.
160 2171 205 2206 ab
235 2169 324 2205 Aula
358 2169 490 2204 secedit
519 2171 609 2212 720,
644 2172 699 2207 19.
731 2171 774 2205 ab

68 2219 166 2253 Anna
189 2216 395 2259 arcessitur,
434 2220 474 2250 ut
499 2228 573 2250 cum
599 2217 775 2262 astrologo

68 2265 227 2311 disputet
267 2265 360 2307 723,
410 2265 464 2300 12.
512 2263 773 2307 Astrologorum

95 2311 327 2346 raedictiones
358 2322 467 2345 vanas
490 2322 566 2345 esse
591 2310 707 2355 arguit
731 2321 774 2344 ex

100 2359 288 2400 tolemaeo,
318 2358 361 2392 D.
386 2357 540 2396 Basilio,
565 2361 602 2391 et
625 2368 667 2391 ex
693 2369 774 2392 ora-

69 2404 154 2439 culis
201 2403 471 2439 Chaldaeorum:
514 2405 621 2438 fatum
664 2404 774 2438 tollit:

67 2451 323 2498 providentiam
347 2451 504 2496 agnoscit
527 2453 608 2492 723,
630 2452 685 2486 13.
710 2451 775 2485 ha-

66 2497 154 2534 riolo
178 2498 353 2540 refutato,
385 2501 503 2533 Annae
537 2498 652 2531 odium
676 2497 710 2531 in
735 2510 773 2532 se

66 2549 184 2580 movet
207 2546 297 2587 725,
330 2543 386 2582 14.
417 2544 646 2591 patriarcham
681 2544 773 2578 inter

67 2596 105 2626 et
126 2590 299 2625 Palamam
323 2591 455 2627 arbiter
471 2591 674 2626 constitutus
690 2593 771 2633 769,

66 2639 102 2674 3.
127 2649 234 2672 novas
257 2637 434 2683 opiniones
459 2639 613 2673 damnat:
639 2639 772 2672 Annam

65 2684 231 2719 offendit:
256 2686 461 2720 sententiam
479 2685 607 2731 scripto
630 2685 772 2719 tradere

65 2730 206 2765 iubetur
228 2733 309 2772 769,
334 2734 390 2767 15.
414 2744 456 2767 ea
475 2731 652 2766 occasione
675 2731 771 2773 data,

66 2789 176 2812 novos
198 2776 360 2813 doctores
382 2779 512 2814 refellit
534 2781 627 2820 770,
652 2780 685 2813 6.
702 2790 771 2812 non

65 2822 146 2860 ideo
168 2825 495 2871 reprehendendus,
537 2826 628 2872 quod
660 2824 770 2860 victo-

1459 139 1589 189 1351

884 251 970 288 riam
995 250 1039 287 de
1062 251 1276 288 adversariis
1299 262 1370 288 non
1399 256 1593 300 reportarit

882 301 966 342 771,
989 302 1047 336 22.
1072 299 1172 335 immo
1195 300 1408 336 constantiae
1439 306 1477 336 et
1505 303 1591 337 reli-

881 347 996 391 gionis
1021 358 1106 392 ergo
1126 347 1317 382 laudandus
1332 348 1415 390 772,
1434 350 1466 384 8.
1485 349 1592 385 multa

882 393 962 427 aliis
992 393 1159 439 relinquit
1190 394 1386 429 accuratius
1417 397 1591 431 narranda

881 438 965 483 784,
987 441 1044 475 20.
1069 440 1151 481 786,
1167 442 1225 476 20.
1249 441 1331 484 793,
1351 443 1407 478 18.
1432 444 1591 488 praecla-

880 496 941 520 ras
964 498 1045 532 spes
1067 486 1111 521 de
1143 486 1387 524 Cantacuzeno
1417 501 1591 536 concepe-

881 538 957 576 rat,
990 538 1174 579 antequam
1206 534 1238 568 is
1269 546 1381 570 rerum
1415 536 1591 581 potiretur

882 581 964 622 820,
979 581 1036 615 22.
1061 581 1218 623 eundem,
1242 592 1304 616 sua
1327 593 1390 627 spe
1409 583 1588 629 deceptus,

880 638 1001 662 errore
1013 627 1164 662 liberare
1187 629 1312 662 statuit
1335 630 1418 670 821,
1432 631 1486 665 12.
1509 642 1588 665 cre-

881 673 946 708 bra
978 686 1055 708 cum
1089 686 1130 709 eo
1166 675 1338 721 colloquia
1357 676 1482 711 habet:
1516 678 1587 711 Pa-

881 723 970 754 trum
995 720 1157 765 dogmata
1176 721 1330 756 studiose
1339 722 1494 758 defendit
1504 725 1587 765 828,

880 768 915 802 3.
957 767 1196 813 imperatorem
1224 769 1448 804 confidentius
1470 771 1587 815 arguit

881 813 962 856 824,
985 816 1018 850 2.
1044 814 1168 849 lrenen
1192 815 1287 857 adit,
1311 815 1377 850 filii
1400 822 1508 851 morte
1531 818 1587 852 af-

881 861 1031 895 flictam:
1066 872 1139 896 eam
1174 867 1315 896 mortem
1345 868 1585 908 corruptorum

880 907 1078 953 dogmatum
1108 919 1253 953 poenam
1294 921 1371 944 esse
1412 911 1584 944 affirmat:

879 954 933 988 ita
954 959 1074 1000 partes
1106 966 1187 989 suas
1217 957 1398 1001 Augustae
1430 957 1585 1003 patroci-

879 1000 938 1034 nio
961 1002 1123 1036 roborat:
1147 1001 1314 1036 Isidorum
1336 1003 1509 1038 variorum
1527 1015 1584 1038 er·-

878 1058 996 1082 rorum
1020 1052 1160 1083 accusat
1183 1050 1263 1091 827,
1287 1051 1343 1085 15.
1366 1056 1473 1096 negat
1493 1061 1584 1085 nova

879 1094 1113 1139 disputatione
1155 1107 1241 1141 opus
1277 1107 1354 1130 esse
1394 1099 1485 1141 829,
1526 1098 1582 1132 17.

877 1140 1052 1175 Palamam
1076 1141 1257 1186 redarguit
1289 1144 1380 1186 830,
1412 1147 1468 1180 10.
1500 1143 1582 1178 item

878 1186 1155 1223 Cantacuzenum
1179 1190 1268 1231 830,
1298 1189 1355 1224 24.
1387 1192 1584 1225 assentato-

876 1245 947 1268 rem
977 1235 1138 1280 obiurgat
1175 1237 1264 1277 833,
1298 1239 1353 1273 10.
1394 1236 1584 1279 blanditiis,

875 1280 1128 1325 largitionibus,
1154 1282 1330 1328 promissis
1352 1284 1483 1318 frustra
1505 1290 1583 1319 ten-

875 1333 968 1362 tatus
991 1329 1079 1370 871,
1103 1330 1160 1364 22.
1185 1329 1287 1363 etiam
1316 1331 1582 1376 patriarchalem

875 1374 1080 1419 dignitatem
1105 1375 1255 1410 oblatam
1288 1377 1472 1422 repudiat:
1516 1378 1581 1412 im-

874 1427 1070 1466 peratorem
1095 1426 1132 1455 et
1163 1424 1353 1467 Augustam
1378 1423 1488 1458 officii
1516 1425 1580 1459 ad-

874 1471 990 1501 monet
1013 1469 1095 1509 872,
1122 1470 1176 1503 10.
1202 1469 1314 1503 oratio
1338 1470 1430 1515 apud
1447 1471 1580 1505 Canta—

874 1525 1037 1548 cuzenum
1062 1514 1151 1556 884,
1186 1517 1240 1551 15.
1273 1515 1328 1550 cui
1350 1521 1491 1552 mortem
1513 1517 1580 1552 filii

872 1561 1096 1606 praenuntiat
1118 1563 1208 1604 887,
1234 1561 1297 1617 24.
1322 1575 1387 1609 pro
1409 1563 1581 1609 religione

870 1612 1122 1689 Ξῗῇἳῖἷῗέιίἰ,
1144 1609 1577 1702 .ἓίἒῖἓέῗ.ηῗ3ἓὲῗ“ἕὲἱῗ

871 1698 907 1733 4.
934 1700 1116 1745 Gregorae
1140 1702 1303 1747 discipuli
1326 1702 1415 1745 894,
1436 1705 1470 1740 5.
1495 1715 1576 1738 ora-

870 1746 921 1781 tio
945 1749 1037 1793 apud
1061 1748 1173 1783 socios
1192 1749 1401 1784 orthodoxos
1417 1751 1498 1793 894,
1516 1752 1577 1787 20.

870 1793 949 1838 ipse
973 1799 1009 1829 et
1032 1795 1115 1829 socii
1138 1795 1372 1831 excluduntur
1386 1797 1482 1831 aditu
1502 1799 1575 1832 Au—

870 1840 926 1874 lae
949 1840 1124 1876 interioris
1149 1843 1238 1884 896,
1273 1844 1330 1879 15.
1362 1855 1426 1890 per
1449 1843 1574 1879 atrium

870 1886 1042 1933 dispersi,
1084 1889 1142 1923 diu
1174 1894 1362 1934 expectant
1396 1892 1484 1932 897,
1519 1893 1573 1926 16.

869 1933 1134 1969 introducuntur
1153 1937 1235 1978 898,
1254 1934 1287 1972 4.
1300 1942 1416 1971 aetate
1431 1937 1571 1972 debilis:

869 1981 996 2026 capitis
1029 1984 1146 2016 morbo
1179 1988 1218 2017 et
1249 1983 1326 2018 aliis
1352 1984 1573 2018 incommodis

870 2028 1021 2063 afflictus
1045 2030 1135 2071 900,
1158 2030 1216 2065 15.
1237 2030 1412 2064 Barlaami
1434 2030 1570 2066 victor:

869 2075 1043 2109 variorum
1065 2075 1228 2110 librorum
1261 2081 1385 2111 auctor
1413 2078 1505 2120 901,
1535 2079 1572 2114 2.

868 2122 964 2157 senio
988 2123 1120 2157 fractus
1143 2124 1235 2165 901,
1268 2125 1324 2160 16.
1356 2124 1572 2159 Cantacuze-

869 2180 947 2203 num
983 2174 1086 2204 antea
1120 2169 1295 2204 laudatum
1334 2182 1396 2205 cur
1440 2171 1570 2205 demum

866 2215 1042 2260 vituperet
1063 2217 1145 2258 902,
1167 2218 1226 2252 22.
1253 2217 1442 2252 orationem
1466 2218 1571 2251 habet
1628 2235 1631 2239 ·

866 2263 958 2307 apud
982 2262 1160 2308 Synodum
1184 2263 1417 2298 Palamiticam
1435 2265 1515 2306 909,
1532 2265 1568 2299 9.

866 2309 1039 2344 Barlaami
1063 2309 1147 2344 victi
1173 2314 1210 2345 et
1230 2310 1380 2356 repressi
1406 2317 1568 2344 constans

865 2355 1025 2390 inimicus
1056 2358 1145 2399 917,
1179 2359 1235 2393 16.
1270 2369 1291 2391 a
1327 2358 1568 2391 Cantacuzeno

866 2401 1129 2448 interpellatur:
1153 2403 1293 2438 liberius
1316 2403 1409 2448 loqui
1431 2403 1566 2445 solitus,

866 2449 1058 2483 maiestatis
1098 2450 1295 2484 reverentia
1336 2448 1568 2493 comprimitur

866 2497 957 2538 936,
990 2498 1046 2532 17.
1078 2508 1171 2531 suam
1204 2495 1338 2530 dicendi
1370 2495 1566 2530 libertatem

867 2542 1022 2577 defendit
1044 2543 1208 2588 exemplis
1226 2547 1262 2576 et
1274 2541 1462 2576 rationibus
1482 2543 1566 2585 938,

865 2591 900 2627 7.
933 2601 1008 2624 cum
1039 2590 1158 2635 saepia
1181 2593 1418 2633 comparatus:
1461 2599 1566 2634 asper

865 2640 902 2670 et
934 2636 1030 2671 flecti
1065 2636 1199 2669 nescius
1230 2636 1317 2675 937,
1344 2636 1398 2670 12.
1428 2634 1566 2669 obiecta

865 2683 934 2717 sibi
957 2695 978 2717 a
1002 2683 1242 2716 Cantacuzeno
1260 2680 1388 2715 refellit
1404 2681 1485 2724 938,
1504 2682 1563 2717 22.

864 2730 910 2765 de
952 2728 1128 2764 Thaborio
1160 2727 1282 2762 lumine
1322 2727 1492 2761 dicturum
1524 2739 1563 2762 se

888 2777 1032 2812 romittit
1054 2776 1144 2817 939,
1167 2773 1202 2808 4.
1227 2773 1372 2808 subinde
1396 2773 1562 2819 interpel-

862 2789 953 2859 iiitur
975 2824 1055 2865 939,
1082 2824 1137 2857 11.
1162 2820 1286 2867 capitis
1309 2820 1484 2855 doloribus
1506 2820 1562 2854 af-
