1754 3164
174 142 198 188 1
206 141 307 191 320
669 147 1152 197 ANNOTATIONES.

289 258 384 309 Pag.
422 256 551 306 1125,
585 259 622 298 1.
680 248 780 308 ’Eyni
803 260 973 310 στερεῶν
1001 255 1179 313 βροντήν
1199 258 1268 301 καὶ
1286 260 1430 311 κτίζων
1451 259 1638 316 πνεῦμα]
1669 261 1716 301 In

169 313 354 354 Hebraeo
377 320 491 352 textu
516 313 664 365 legitur
683 321 792 355 1:⁹5³
817 324 906 356 Ἷκν
931 315 1061 355 idest
1075 315 1263 370 formans
1284 329 1454 369 montes,
1485 325 1532 358 ut
1559 326 1601 359 et
1621 320 1717 359 vul-

171 379 285 423 gatus
311 371 509 424 interpres
527 371 692 410 Latinus
719 372 853 412 vertit.
913 373 1178 413 Doctissimus
1211 375 1379 415 Drusius
1412 382 1524 416 recte
1553 377 1717 416 coniicit

171 427 267 478 τούς
276 429 398 467 LXX.
420 443 496 482 pro
508 439 619 470 :³³5³
632 428 675 467 id
687 435 745 468 est
757 440 920 481 montes,
942 431 1086 483 legisse
1105 440 1227 473 ΕυἿΠ
1244 431 1324 472 hoc
1336 439 1397 473 est
1417 435 1581 484 tonitru,
1609 434 1717 473 sicut

171 501 267 527 mox
286 485 435 525 ibidem
456 502 531 540 pro
553 497 710 526 mxv-nn
731 486 775 526 id
797 493 858 527 est
876 503 978 543 quae
997 490 1047 528 sit
1070 490 1263 543 cogitatio
1281 491 1382 542 eius,
1411 491 1596 541 legerunt
1616 506 1719 531 con-

171 544 342 584 iunctim
369 555 496 585 *imvm
529 544 639 599 quod
671 550 837 584 vertunt
868 543 941 588 τόν
982 546 1156 603 Χριστὸν
1177 543 1332 598 αὐτοῦ,
1385 546 1582 589 Christum
1622 550 1717 592 eius.

174 615 422 642 cAPrERONN.

291 662 389 714 Pag.
422 662 554 709 1126,
588 662 654 701 11.
721 663 810 702 Τοῦ
828 661 924 703 υἱοῦ
948 658 1066 710 ὄντος
1084 677 1120 702 κ.
1140 677 1173 703 τ.
1191 660 1243 715 λ.]
1272 661 1443 702 Roman.
1463 665 1506 707 8.
1528 662 1623 702 Isai.
1645 663 1719 707 XI.

173 717 260 759 loh.
277 717 426 758 XVIII.
451 722 491 761 1.
521 718 613 757 Cor.
635 718 664 757 Ι.
690 724 732 758 et
749 718 799 760 ΙΙ.
862 733 1103 759 curationis.

320 778 417 830 Pag.
450 778 581 825 1126,
625 775 692 819 15.
754 775 837 817 Καὶ
876 775 1134 831 Γρηγορίου]
1189 777 1356 828 Gregor.
1391 777 1578 818 Nazianz.
1618 784 1718 821 orat.

174 833 380 874 XXXVII.
403 848 508 887 quae
530 839 592 873 est
622 839 826 888 postrema
845 833 896 875 <le
920 834 1127 888 theologia
1150 840 1192 875 et
1212 834 1451 875 inscribitur
1483 835 1534 876 de
1562 836 1721 890 Spiritu

176 898 328 932 sancto.
387 903 637 934 csrrenonn.

294 953 391 1005 Pag.
433 952 562 998 1126,
596 952 661 993 18.
716 944 820 1005 Ἐγώ
853 950 1028 1004 φρίττω,
1063 965 1100 991 κ.
1129 965 1164 992 τ.
1191 948 1257 1002 λ.]
1306 948 1338 989 l.
1374 950 1466 990 Cor.
1490 950 1523 990 Ι.
1562 951 1656 1004 Sap.
1686 950 1719 994 Ι.

176 1009 347 1048 Roman.
371 1008 480 1048 VIII.
505 1006 593 1047 Ioh.
617 1007 687 1048 lV.
709 1012 748 1052 2.
771 1009 863 1048 Cor.
883 1009 953 1047 111.
984 1008 1074 1047 Isai.
1099 1008 1172 1047 XI.
1231 1021 1476 1048 carrnnomv.

292 1065 394 1116 Pag.
418 1069 541 1115 1127,
572 1068 612 1107 8.
647 1061 706 1106 Οὔ
719 1062 844 1117 μόνον
856 1063 955 1107 gnta*
973 1068 1046 1106 τοῦ
1068 1066 1187 1106 θείου
1202 1062 1433 1117 πνεύματος
1445 1061 1639 1119 ὀνόματα]
1670 1068 1723 1107 Et

178 1137 273 1163 sane
291 1123 556 1176 permultaibi
568 1129 731 1162 sanctus
743 1124 963 1175 Gregorius
975 1129 1156 1162 recenset
1167 1123 1296 1163 sancti
1317 1122 1491 1176 Spiritus
1509 1127 1666 1163 nomina
1682 1131 1723 1165 et

179 1182 398 1230 attributa,
439 1195 542 1234 quae
570 1181 807 1233 praesertim
848 1181 971 1220 sacris
1001 1194 1021 1219 e
1058 1180 1277 1233 Scripturis
1318 1181 1534 1234 excerpsit.
1596 1182 1641 1221 In
1676 1196 1722 1221 ea

178 1240 268 1292 ipsa
309 1239 507 1278 duntaxat
546 1239 714 1291 pagina,
766 1238 874 1278 unde
908 1238 1181 1277 testimonium
1214 1237 1283 1276 hic
1310 1238 1518 1277 laudatum
1550 1241 1723 1292 sumpsit

181 1299 404 1348 GregoraS,
435 1297 684 1350 septuaginta
710 1296 791 1335 duo
818 1296 1025 1335 numeravi
1045 1295 1176 1335 sancti
1195 1295 1370 1348 Spiritus
1399 1296 1587 1348 nomina,
1618 1311 1722 1350 quae

181 1355 314 1407 legere
338 1355 488 1407 poteris
509 1360 605 1393 tom.
626 1354 655 1396 Ι.
679 1367 766 1407 pag.
791 1357 888 1396 610.
910 1353 1004 1395 edit.
1023 1353 1115 1393 Bill.
1174 1366 1420 1393 carrssnoun.

297 1411 398 1467 Pag.
431 1415 540 1456 1128
553 1441 564 1462 ,
599 1414 664 1455 13.
718 1407 786 1453 Ἐν
803 1408 1048 1467 εὐαγγελίοις
1067 1426 1104 1452 κ.
1124 1427 1157 1452 τ.
1173 1410 1237 1464 λ.]
1268 1411 1367 1451 Luc.
1380 1410 1452 1452 XI.
1473 1410 1613 1451 Matth.
1631 1412 1721 1452 XII.

185 1484 427 1510 curram-N.

296 1526 400 1581 Pag·
435 1529 564 1577 1129,
596 1527 663 1570 15.
719 1524 953 1581 Λέγοντος]
985 1525 1081 1568 Luc.
1100 1525 1188 1568 XII.
1208 1540 1247 1566 v.
1268 1529 1335 1569 10.
1393 1539 1641 1567 carrenomt.

297 1585 403 1638 Pog·
435 1587 566 1634 1129,
605 1588 671 1628 19.
727 1579 794 1625 Ἐν
823 1581 1093 1637 Βεελζεβούλ]
1131 1584 1190 1623 Ita
1225 1584 1372 1623 Graeci
1400 1598 1476 1637 pro
1504 1582 1722 1624 Beelzebub

185 1649 414 1683 constanter
441 1643 580 1693 legunt
604 1639 863 1695 Βεελζεβοῦλ,
908 1656 1028 1694 quam
1065 1643 1308 1695 scripturam
1343 1642 1591 1682 retinendam
1637 1655 1722 1681 esse

185 1706 322 1741 censet
358 1700 650 1740 eruditissimus
678 1700 844 1739 Drusius
870 1700 1066 1752 tantisper
1097 1700 1190 1738 dum
1215 1699 1304 1752 quis
1334 1699 1569 1753 probaverit
1593 1714 1677 1738 eam
1699 1713 1723 1738 a

185 1758 328 1798 scribis
348 1764 577 1811 corruptam
601 1757 745 1807 fuisse,
777 1764 816 1796 et
841 1771 920 1796 non
941 1757 989 1795 ab
1013 1771 1113 1802 usu,
1147 1764 1186 1796 et
1205 1758 1343 1809 vulgo.
1402 1758 1503 1797 Nam
1523 1757 1556 1796 si
1575 1757 1623 1796 ab
1644 1770 1723 1795 usu

186 1824 247 1857 est
263 1816 370 1855 illius
391 1811 606 1869 temporis,
636 1822 674 1854 et
696 1814 972 1866 Evangelistae
992 1829 1080 1853 eam
1101 1815 1377 1864 retinuerunt,
1410 1829 1483 1854 cur
1501 1829 1574 1854 nos
1596 1821 1723 1853 muta-

186 1873 347 1915 bimus?
379 1875 590 1915 Caeterum
617 1871 834 1913 Beelzebub
857 1879 917 1913 est
945 1871 993 1911 ab
1017 1872 1200 1912 Hebraeo
1226 1882 1314 1912 25:23
1334 1867 1436 1922 ἓν),
1465 1873 1575 1924 quod
1601 1873 1723 1924 signi.

186 1934 282 1972 ficat
313 1930 525 1970 Dominum
555 1946 803 1971 muscarum.-
835 1936 875 1970 et
902 1935 961 1969 est
990 1943 1133 1968 nomen
1162 1930 1263 1969 idoli
1291 1930 1642 1980 Accaronitarum‚
1672 1930 1722 1969 de

189 2004 270 2044 quo
288 1989 355 2029 IV.
378 1990 468 2040 Reg.
496 2003 581 2041 cap.
601 1989 632 2029 I.
689 1988 778 2027 Hoc
799 2001 944 2026 nomen
973 1986 1177 2027 Israelitae
1201 1987 1460 2041 postmodum
1480 1988 1522 2026 in
1545 1994 1723 2027 contem-

187 2056 305 2102 ptum
325 2046 445 2086 huius
464 2046 566 2085 idoli
587 2045 738 2086 dabant
757 2044 1062 2085 daemoniorum
1080 2045 1281 2100 principi,
1312 2052 1357 2084 ut
1378 2051 1491 2099 patet
1509 2044 1651 2086 Matth.
1666 2046 1720 2085 X.

190 2112 230 2145 et
249 2104 337 2144 XII.
398 2117 640 2144 CAPPERONN.

304 2162 405 2215 Peg.
435 2165 558 2209 1132,
588 2164 628 2204 8.
691 2155 744 2201 To
761 2156 805 2200 δὲ
826 2154 1072 2209 συνδοξᾶζον
1093 2162 1151 2217 τῷ
1171 2156 1277 2217 λόγῳ
1298 2157 1374 2213 τήν
1391 2158 1550 2211 κτίσιν]
1581 2158 1629 2199 Α
1643 2173 1722 2213 quo

190 2235 311 2274 aeque
330 2228 448 2273 atque
474 2235 500 2258 a
531 2216 662 2258 Verbo
685 2226 863 2257 creatura
881 2214 1146 2272 glorificatur,
1179 2218 1222 2257 id
1254 2224 1335 2266 est,
1365 2215 1422 2255 ad
1437 2215 1612 2270 gloriam
1634 2231 1723 2254 eve-

144 2307 148 2310 ·
191 2276 310 2316 bitur.
367 2276 414 2314 In
444 2275 686 2315 editionibus
717 2273 928 2313 Athanasii
955 2281 1080 2314 veter.
1112 2281 1151 2314 et
1184 2288 1278 2315 nov.
1315 2274 1464 2326 legitur
1501 2269 1722 2324 συνάπτον,

192 2348 314 2373 sensu
330 2333 462 2373 minus
484 2331 705 2373 commodo.
764 2332 864 2371 Nam
895 2346 946 2371 ex
972 2331 1186 2376 Athanasii*
1212 2332 1408 2372 sententia
1435 2331 1610 2384 Spiritus
1633 2344 1722 2370 san-

194 2398 283 2431 ctus
317 2398 521 2430 creaturas
552 2390 684 2430 Verbo
714 2403 794 2429 non
820 2389 1046 2441 coniungit,
1087 2390 1156 2429 sed
1183 2391 1354 2443 Spiritus
1381 2394 1566 2438 sanctus,
1604 2388 1723 2427 simul

193 2463 286 2488 cum
306 2449 437 2489 Verbo
461 2462 526 2488 eas
548 2448 657 2487 Patri
680 2447 896 2498 coniungit,
921 2460 990 2486 seu
1011 2447 1189 2500 adducit,
1213 2442 1419 2502 προσάγει,
1449 2453 1494 2486 ut
1513 2446 1580 2485 hic
1601 2444 1723 2485 habe-

191 2513 274 2547 tur.
331 2506 496 2546 Rectius
516 2506 650 2558 itaque
670 2504 818 2556 legitur
837 2500 1104 2557 συνδοξάζον,
1132 2506 1188 2544 ita
1210 2511 1256 2544 ut
1275 2507 1331 2560 τῷ
1349 2500 1455 2560 λόγῳ
1477 2499 1723 2552 συνδοξάζον

192 2561 269 2616 τήν
288 2565 418 2606 κτίσιν
447 2564 500 2604 sit
527 2562 633 2602 idem
656 2562 763 2614 quod
784 2576 925 2616 supra,
958 2562 1002 2603 ἐν
1019 2559 1147 2619 τούτῳ
1172 2558 1416 2615 [πνεύματι]
1441 2559 1517 2614 τὴν
1537 2561 1666 2602 κτίσιν
1697 2558 1723 2601 ὁ”

192 2617 311 2676 λόγος
331 2617 497 2671 δοξάζει.
556 2620 749 2660 Editionis
764 2633 894 2660 novae
924 2625 1066 2659 auctor
1090 2620 1381 2660 eruditissimus
1410 2625 1520 2660 recte
1549 2618 1630 2657 iam
1650 2631 1723 2657 an-

193 2685 352 2719 notarat
369 2679 413 2717 in
433 2682 460 2722 4
481 2679 589 2719 MSS.
610 2676 710 2718 Cod.
733 2676 810 2728 legi
833 2674 1091 2727 συνδοξάζον.
1151 2690 1395 2717 CAPPERONN.

308 2736 409 2790 Pag.
441 2740 570 2786 1132,
604 2738 670 2779 11.
732 2734 814 2775 Καὶ
843 2731 965 2776 πάλιν
989 2750 1026 2776 κ.
1054 2750 1088 2775 τ.
1107 2735 1171 2789 L]
1202 2733 1390 2775 Athanas.
1417 2739 1519 2774 orat.
1542 2733 1638 2772 olim
1654 2730 1721 2773 IV.

194 2793 273 2834 iam
289 2793 359 2837 ΙΙΙ.
381 2800 520 2833 contra
538 2793 720 2832 Arianos.
780 2805 1024 2832 CAPPERONN.

309 2851 413 2907 Pag.
442 2854 576 2902 1132,
611 2854 676 2895 12.
731 2845 867 2900 Ἐκτός
895 2849 1001 2894 ἐστιν
1023 2845 1141 2900 οὗτος
1158 2851 1239 2891 τῶν
1257 2843 1448 2904 βουλήσει
1464 2842 1720 2904 γεγονότων]
