1754 3164
551 174 1033 222 ANNOTATIONES.

257 283 372 341 Πρὸς
401 286 603 352 συμπαθῆ
632 283 845 324 παίδευσιν
874 281 1009 331 ὅλκαῖς
1035 277 1243 350 ἕμφυτοις.

258 343 342 384 Και
372 340 424 396 δὴ
454 338 644 393 συνάψας
670 339 742 381 καὶ
769 355 953 389 πυκνους
977 334 1104 410 ταύτῃ
1132 335 1308 391 πόνους,

255 400 511 468 Ὑπερφυοῦς
539 398 657 448 ἔδοξα
685 393 894 451 τυγχάνειν
921 395 1082 448 κλέους,

259 456 419 500 Καινόν
445 473 484 498 τι
511 458 657 508 θαῦμα
684 455 932 522 χρηματίζων
960 456 1018 524 τῷ
1045 454 1135 508 βίῳ.

258 518 412 567 Σοφῶς
440 513 485 555 δὲ
511 516 639 554 πᾶσιν
667 507 902 563 ἐκκαλύψας
928 509 1003 564 τήν
1032 509 1197 579 τέχνην,

254 567 527 624 Ιπποκρατεις
556 569 684 619 ἔδειξα
713 566 887 622 συχνους
913 572 968 635 τῷ
998 563 1144 635 χρόνω,

261 627 413 677 Δεινοῖς
442 644 504 669 οτι
529 623 699 697 μάλιστα
726 624 828 680 πρός
854 622 1003 678 ταύτην
1032 621 1197 677 φυσεις·

263 684 363 729 Νόει
395 689 435 727 Γ
429 682 603 739 αληνον,
638 679 813 731 Ἀέτιον,
843 681 939 731 τούς
966 678 1100 733 πάνυ,

267 742 351 797 Την
377 739 580 792 Ἀρεταίυυ
608 741 677 782 καὶ
707 743 841 790 σοφοῦ
882 736 1048 781 Παύλου
1077 736 1212 794 χάριν·

266 771 381 844 Μεθ’
410 817 469 841 ων
495 795 721 865 Ὀριβᾶσιος
748 796 780 850 ἦ
806 795 944 850 κλεινή
973 793 1116 866 φύσις·

248 857 392 901 ”Amos
418 873 462 899 τε
492 855 629 910 συχνοὶ
661 853 883 909 συνδρομοι
909 851 984 907 τήν
1013 849 1154 904 ἆξίαν,

251 912 333 958 Ὦν
360 911 540 969 λαμπρόν
567 911 797 985 {pnffqnqu-
801 915 856 968 τῷ
884 913 961 967 βίω
990 910 1115 959 κλέος.

259 970 374 1016 'Auni
402 970 661 1040 παραιρεῖταί
680 985 720 1011 τι
746 972 819 1022 τῆς
828 954 1034 1018 εὕδόξίας

268 1029 323 1073 Ta
352 1046 451 1071 των
450 1026 603 1070 πόνων
632 1024 858 1079 απληστον,
901 1023 963 1075 οἷς
991 1024 1017 1066 o‘
1048 1027 1130 1072 πᾶς
1159 1024 1249 1077 βίος

250 1086 449 1141 Ἀληκτον
477 1081 530 1140 ἦν
560 1081 800 1137 σπούδασμα
828 1100 930 1137 προς
952 1098 1070 1124 τουτο
1100 1081 1261 1135 βλέπον.

265 1143 331 1188 Συ
361 1143 406 1186 δὲ
435 1140 626 1209 στρατηγὲ
652 1158 735 1183 των
766 1138 940 1195 ἀρίστων
969 1135 1189 1190 Αὐσόνων,

268 1200 396 1245 Κοινὲ
425 1197 647 1255 στρατάρχα
674 1202 756 1239 τῶν
784 1200 937 1241 διπλων
967 1193 1298 1268 στρατευμάτων,

264 1259 312 1303 Ὅ
340 1263 419 1316 γῆν
447 1274 490 1300 τε
517 1257 587 1299 καὶ
615 1254 821 1298 θάλατταν
849 1252 1020 1308 ασχέτως
1047 1252 1215 1307 τρέχων,

269 1319 524 1372 Διεξαγωγεῦ
550 1330 633 1356 των
661 1315 750 1355 κατ’
783 1310 931 1362 αυτους
958 1327 1215 1380 πραγματων,

266 1372 490 1429 Ἐπήβολος
519 1369 629 1426 φρήν
656 1388 737 1414 των
766 1374 909 1422 σοφῶν
939 1365 1246 1423 βουλευματων,

266 1432 312 1474 ‘0
338 1436 413 1485 τῆς
441 1433 558 1483 δίκης
584 1445 781 1484 πρυτανις
810 1424 1054 1480 ευστάθμοις
1083 1425 1261 1494 μέτροις,

267 1489 322 1531 Ἡ
341 1487 443 1542 πρός
472 1485 616 1542 λόγους
645 1485 843 1537 απληστος
872 1481 1024 1553 ἐξόχως
1044 1480 1188 1535 φύσις,

268 1547 315 1588 Ὁ
341 1561 520 1600 τεχνικος
547 1547 647 1593 νοῦς
673 1541 773 1597 πρὸς
800 1543 948 1591 κτίσεις
978 1536 1246 1594 ευμηχοὶνους,

276 1607 374 1656 Πως
397 1604 456 1652 εἰς
481 1605 655 1644 τοσαῦτα
670 1600 921 1670 κερματίζων
947 1614 1020 1647 τας
1047 1595 1221 1651 φρένας,

263 1657 343 1703 Ὦν
374 1661 430 1710 εἷς
461 1659 629 1701 εκαστον
657 1653 822 1711 ἀρκέσαι
850 1672 910 1705 τις
939 1672 992 1696 αν
1021 1652 1159 1708 μόλις,

275 1718 361 1761 Καὶ
387 1714 564 1771 λαμπρὸς
592 1731 697 1757 ουτω
725 1718 808 1762 τοῖς
835 1717 960 1754 πᾶσιν
982 1710 1258 1781 ὄεδειγμένος,

259 1775 430 1818 Ἔπειτα
459 1773 613 1827 βλέψας
641 1769 744 1826 πρός
767 1786 924 1824 μακραν
953 1766 1060 1811 οὕτω
1086 1768 1251 1821 τέχνην,

274 1831 391 1887 Πρός
416 1831 476 1902 ἣν
502 1828 651 1885 βραχυς
677 1833 759 1878 πᾶς
785 1828 891 1870 ἐστιν
919 1823 1141 1897 ἄνθρωπον
1174 1825 1277 1879 βίος,

278 1888 419 1939 Ουτως
450 1885 611 1930 aiveinon
639 1889 794 1928 θαττον
818 1901 945 1937 αυτην
973 1881 1003 1937 ἢ
1029 1879 1172 1937 λόγος,

277 1949 363 1990 Καὶ
387 1949 524 1989 πᾶσαν
552 1944 766 1997 ἐξέπληξας
794 1942 838 1984 ἐν
863 1957 994 2014 τουτῳ
1023 1938 1186 2007 φύσιν,

277 2009 388 2048 Ωστε
413 2000 564 2058 χρόνον
592 2018 633 2043 τε
660 2017 730 2043 και
758 1996 897 2055 λόγους
923 1998 994 2040 καὶ
1015 1996 1098 2069 τήν
1125 1993 1278 2050 φύσιν,

277 2059 476 2114 Σπουδήν
503 2076 547 2102 τε
572 2063 709 2100 πᾶσαν
738 2056 814 2111 τήν
842 2054 945 2110 ἐμήν
974 2072 1025 2098 ου
1054 2055 1241 2122 μετρίαν,

275 2120 400 2161 Ὁδοῦ
426 2115 650 2187 πάρεργον,
686 2118 807 2156 τοῦτο
836 2112 890 2167 δη
915 2111 961 2155 τὸ
983 2116 1059 2155 τοῦ
1085 2109 1230 2166 λόγου,

280 2176 365 2218 Καὶ
392 2172 560 2217 παιδιαν
591 2171 758 2227 ἤλεγξας
786 2187 882 2214 οντα
909 2174 988 2213 σοῦ
1015 2169 1202 2238 σθένους.

265 2233 427 2284 ’Όντως
453 2232 574 2283 ξένην
604 2229 738 2283 α’ριστε
766 2225 995 2281 πλουτήσας
1023 2241 1165 2280 φυσιν,

282 2291 417 2340 Ξένως
445 2286 597 2343 ἐχρήσω
626 2291 728 2328 πασι
755 2290 840 2336 τοῖς
869 2289 1034 2334 κοινοῖς
1051 2282 1234 2354 τρόποις·

282 2349 366 2390 Καὶ
396 2346 555 2400 σφόδρα
582 2340 808 2397 θαυμαζειν
837 2358 885 2396 με
911 2345 1044 2394 φιλῶν
1069 2346 1154 2390 τοῖς
1182 2338 1338 2396 λόγοις,

266 2404 454 2455 Ἔδειξας
483 2405 614 2458 ἔργοις
643 2419 698 2450 ως
727 2399 886 2471 βραχύς
906 2401 967 2448 τίς
995 2415 1074 2453 μου
1102 2395 1231 2453 λόγος.

288 2461 368 2512 Τας
394 2460 570 2530 ’ψυχικας
599 2458 676 2514 γαρ
706 2474 755 2500 ου
782 2454 962 2511 νοσήσας
991 2452 1184 2510 δυνάμεις

277 2516 347 2561 Ἐκ
373 2523 448 2573 τῆς
475 2515 622 2560 ἐνυλου
649 2518 862 2569 συμφυοῦς
888 2516 1091 2569 διαρτίας,

280 2575 526 2631 Ευρῤωστος
557 2590 662 2616 ουτω
688 2578 776 2622 ταῖς
804 2572 1018 2641 ἐνεργείαις
1045 2570 1172 2637 ἔφυς,

287 2634 395 2683 Τοὺς
418 2629 662 2704 γνωστικοῦς
689 2631 748 2679 εἷς
775 2627 902 2684 ἄκρον
929 2624 1101 2670 εὖεκτοῖν
1126 2622 1284 2672 τόνους·

280 2687 380 2732 Ἀλλ’
401 2687 661 2759 ευχαρίστως
678 2684 741 2737 οἷς
766 2691 899 2739 φιλεῖς
924 2685 1035 2739 ημας
1062 2685 1183 2738 ἔχων,

282 2746 328 2788 ‘O
353 2763 488 2789 παντα
515 2743 704 2816 Z‘NJ‘fwss'g
739 2743 770 2796 ἦ
796 2745 1003 2798 τρισολβία
1031 2739 1183 2794 φύσις,

286 2800 421 2875 Χάριν
447 2807 536 2877 θεῷ
565 2817 616 2844 συ
643 2805 725 2843 τῶν
759 2804 895 2843 καλων
924 2798 1041 2848 εἴδεός
1071 2798 1158 2850 εχε,

289 2857 400 2916 Παρ’
431 2857 482 2903 ου
507 2846 636 2902 καλόν
660 2858 843 2911 πέφυκεν
869 2853 1106 2913 ἐνθρωποις
1133 2867 1254 2895 απαν.

157 2927 373 2974 Maepham
392 2928 542 2975 Gregor.
574 2927 648 2962 1⁷01
669 2927 714 2962 11.
1257 2911 1312 2951 80

1432 169 1564 216 1257
