1794 3172
253 169 255 172 <
267 133 367 181 806
540 151 544 154 ’
674 136 992 182 NICEPHORI
1021 134 1345 180 GREGORAE

45 258 83 292 Δ.
102 256 146 289 M.
159 255 251 293 6855
268 249 317 295 οὗ
346 249 491 300 τελε’ως
520 247 585 292 δέ·
625 244 728 291 διότι
760 246 818 302 μὴ
849 246 1000 289 τέλειον
1030 244 1107 301 ἔχει
1139 244 1187 288 τὸ
1217 249 1294 301 τῆς
1322 241 1596 304 ἀποφάνσεως
1616 243 1751 303 δόγμα

90 304 220 341 Ῑ“ᾱ”15
268 321 336 364 καὶ
371 317 586 377 ψήφισμα.
634 318 725 374 περὶ
758 316 837 373 γὰρ
871 314 970 371 ὅλης
1000 319 1075 372 γῆς
1107 316 1174 358 καὶ
1202 312 1423 372 θαλάττης
1454 314 1752 373 ἀποπεφάνθαι

225 393 500 448 Οπροσῆκον,
535 385 561 443 ἦ
593 387 637 429 δὲ
666 387 755 444 περὶ
788 383 919 441 μόνης
935 383 1108 440 Λιβύης
1136 383 1183 427 τὸ
1207 382 1341 441 δόγμα
1364 383 1571 442 ἐξήνεγκε,
1600 389 1750 443 μικροῦ

265 476 376 508 τινος
394 457 545 514 μέρους
564 455 692 511 οὔσης
722 455 873 511 αὐτῆς,
910 456 978 497 καὶ
997 455 1141 509 βιαίαν
1161 452 1336 510 ἐχούσης
1353 454 1430 511 τὴν
1445 456 1619 511 μίμησιν
1647 455 1751 511 πρὸς

266 529 341 584 τὴν
374 531 448 582 τῆς
477 525 576 581 ὅλης
603 530 678 582 γῆς
709 525 1041 583 ἀριστοκρατίαν.
1076 522 1250 579 Λιβύης
1276 525 1352 578 μὲν
1380 524 1459 582 γὰρ
1497 522 1524 580 ἡ
1561 522 1786 580 καινότης5

254 596 379 651 Υζώων
413 613 455 639 τε
483 594 630 651 μόναις
661 592 990 652 τερατομόρφοις
1030 594 1158 644 ἰδέαις
1193 591 1368 651 ὁρίζεται
1395 595 1464 636 καὶ
1491 592 1595 651 πρός
1621 611 1663 650 γε
1693 593 1752 636 ἔτι

263 671 349 710 τῶν
371 666 526 708 ἐκεῖθεν
546 665 614 707 διὰ
635 669 767 720 μῆκος
786 662 887 707 ὁδοῦ
907 664 1089 714 σπανίως
1106 664 1498 720 παρακομιζομένων
1516 665 1557 714 ἔς
1577 663 1628 706 τὰ
1649 661 1751 719 ἦμέ-

262 754 363 794 τερα
384 735 472 792 ἤθη
493 733 749 793 πραγμάτιον
769 734 919 787 ἄλλων,
945 735 1201 791 ἴδιοτροπιάν
1219 733 1311 776 τινὰ
1325 733 1594 790 κεκτημένων,
1617 730 1751 776 ὁπόσα

224 807 470 859 Βξενίζοντα
491 803 635 863 φύεται
655 804 769 861 παρὰ
794 808 845 862 τῇ
872 807 1032 863 σκληρᾷ
1060 805 1128 846 καὶ
1150 803 1341 862 ἀνημέρῳ
1362 804 1491 861 ἐκείνῃ
1509 807 1573 861 γῇ.
1612 807 1687 858 τῆς
1708 803 1752 845 δὲ

262 874 401 932 πάσης
427 879 500 932 γῆς
531 873 557 931 ’ἢ
587 873 778 930 καινότης
807 878 1018 933 μαρασμῷ
1050 876 1118 916 καὶ
1149 871 1253 931 χλόῃ
1285 875 1353 916 καὶ
1389 876 1504 933 χαρᾷ
1545 873 1611 915 καὶ
1643 870 1752 929 λύπῃ
1765 878 1794 914 1(

267 947 416 1004 μερίζει
444 945 517 988 τὸν
542 946 634 1000 βίον
667 947 880 1000 διηνεκῶς,
920 945 988 986 καὶ
1012 941 1113 1001 δόξῃ
1142 945 1209 986 καὶ
1245 943 1415 1003 ἀδοξία,
1450 944 1518 985 καὶ
1549 940 1659 1000 νόσῳ
1683 943 1753 984 καὶ

264 1014 417 1077 ὑγιεία,
443 1016 509 1058 καὶ
530 1012 704 1072 θανάτῳ
727 1016 793 1057 καὶ
821 1016 925 1072 ζειγῇ,
951 1015 1019 1057 καὶ
1041 1011 1183 1063 ἁπλῶς
1204 1015 1340 1066 εἰπεῖν,
1375 1012 1501 1070 ἀρετῇ
1520 1013 1587 1054 καὶ
1611 1012 1748 1072 κακίᾳ,

265 1087 334 1129 καὶ
359 1091 532 1143 τροπαῖς
560 1086 627 1127 καὶ
658 1082 898 1127 ἀλλοιώσεσι
926 1085 1141 1134 παντοίαις
1169 1100 1211 1127 τε
1231 1084 1298 1125 καὶ
1321 1082 1474 1141 μέτρον
1498 1081 1607 1124 ἅπαν
1628 1082 1751 1124 ἔλαυ-

265 1153 447 1205 νοόσαις.
486 1156 554 1197 καὶ
588 1158 737 1209 θαῦμα
758 1155 858 1209 μὲν,
891 1157 980 1204 πῶς
1010 1161 1100 1204 ταῖς
1130 1155 1400 1203 καινοποίίαις
1427 1149 1600 1202 ταύταις
1623 1150 1752 1208 ἄμφω

267 1229 492 1281 κεκτῆσθαι
513 1226 636 1277 δοκεῖ,
669 1226 734 1267 καὶ
756 1226 886 1277 παίζει
905 1223 982 1274 τὰς
999 1228 1083 1267 τῶν
1104 1220 1342 1280 ἀνθρώπων
1358 1219 1539 1279 γνώμας,
1577 1222 1645 1263 καὶ
1667 1227 1754 1271 τοῖς
1766 1228 1794 1262 1ἑ

222 1295 341 1351 Εμὲν
369 1294 511 1337 ἀνθεῖν
542 1293 602 1337 ἀεὶ
635 1295 767 1347 δοκεῖ,
814 1296 882 1338 καὶ
912 1293 1010 1344 τούς
1041 1297 1116 1350 τῆς
1156 1291 1284 1349 τύχης
1313 1291 1445 1343 πόδας
1477 1291 1649 1334 ἕκαστον
1681 1289 1750 1333 ἐπ’

257 1364 483 1423 ἃσφαλοῦς
500 1364 664 1421 ἐρείδειν
678 1378 688 1388 ·
717 1371 805 1412 τοῖς
825 1365 870 1408 δὲ
892 1364 1022 1420 μηδὲν
1043 1367 1269 1420 κεκτῆσθαι
1287 1363 1459 1418 βέβαιον
1478 1360 1585 1417 μηδ’
1610 1359 1753 1418 ἀσφα-

265 1434 344 1485 λές.
381 1439 554 1491 βραχεῖα
586 1431 666 1491 γάρ
693 1451 754 1484 τις
787 1433 876 1491 ὥρα
901 1431 1100 1484 πολλάκις
1129 1434 1198 1476 καὶ
1229 1434 1306 1488 μιά
1335 1431 1443 1491 ῥοπὴ
1470 1428 1755 1486 διαστήματος

198 1513 203 1518 “
261 1508 455 1562 χρονικοῦ
476 1502 726 1559 μεταβάλλει
748 1504 853 1562 πρὸς
873 1503 1113 1547 τούναντίον
1135 1502 1260 1557 ἅπαν,
1283 1504 1350 1546 καὶ
1367 1502 1497 1560 ῥίπτει
1515 1499 1649 1543 πολλὰ
1669 1504 1753 1542 τῶν

265 1572 434 1617 ἑστάναι
463 1572 696 1617 δοκούντων
722 1576 779 1625 εἰς
810 1574 989 1632 ἔδαφος·
1025 1576 1093 1617 καὶ
1125 1568 1178 1617 αὖ
1206 1572 1312 1631 πρὸς
1339 1568 1607 1629 ὖπερήφανον
1627 1571 1753 1612 ἐνίοτε
1764 1575 1794 1610 21

262 1641 392 1700 τύχην
415 1641 553 1701 ἀνάγει
581 1643 633 1687 τὰ
656 1643 810 1702 ἀφανῆ.
853 1646 1010 1700 Θαῦμα
1033 1645 1099 1697 δὲ,
1129 1647 1226 1694 πῶς
1247 1642 1388 1700 ἀμιγὲς
1408 1640 1527 1684 οὐδὲν
1550 1639 1649 1683 οὐδ>
1675 1638 1753 1681 αὖ-

264 1715 426 1765 τοτελὲς
453 1718 536 1757 τῶν
568 1711 766 1758 ἁπάντων
803 1712 1030 1772 εὑρίσκεται
1058 1712 1324 1757 παντάπασιν
1357 1711 1522 1766 οὐδαμῆ
1532 1743 1545 1763 ,
1587 1708 1691 1752 οὔθ’
1725 1707 1753 1751 ἃ

230 1788 352 1832 Ετῶν
383 1783 578 1841 ἀγαθῶν,
615 1783 718 1827 οὗθ’
755 1783 783 1827 ἃ
809 1789 893 1828 τῶν
925 1782 1097 1842 φαύλων
1126 1781 1226 1828 εἶναι
1247 1784 1483 1838 νομίζουσιν
1508 1779 1750 1835 ἄνθ-ρωποι·

269 1853 374 1897 ἀλλὰ
411 1854 464 1897 τὰ
495 1852 685 1911 ἀλλήλων
723 1856 917 1912 διηνεκῶς
945 1854 1121 1910 πολέμια
1160 1855 1229 1897 καὶ
1264 1850 1480 1908 μαχόμενα
1518 1846 1754 1907 σύντροφόν

269 1964 371 2007 novi,
393 1964 496 2001 laudo
519 1966 677 2013 quidem,
701 1966 763 2001 sed
783 1978 850 2001 non
874 1965 1050 2007 absolute,
1074 1964 1155 2010 quia
1172 1976 1236 1999 nec
1258 1963 1418 1998 absoluta
1436 1965 1492 1997 est
1511 1961 1584 1996 eius
1602 1972 1755 2007 pronun-

268 2011 351 2045 ciati
369 2014 553 2048 sententia.
598 2014 736 2048 Etenim
757 2013 800 2048 de
821 2013 985 2048 universo
1002 2017 1118 2046 terrae
1135 2017 1172 2047 et
1189 2011 1291 2046 maris
1311 2011 1395 2044 orbe
1415 2021 1490 2044 cum
1505 2009 1542 2043 id
1561 2008 1632 2043 dici
1652 2019 1756 2054 opor·-

268 2062 372 2099 teret,
390 2059 433 2094 de
450 2060 522 2094 sola
534 2060 643 2106 Libya
661 2060 922 2107 pronunciatum
939 2065 1013 2100 est3
1035 2070 1126 2105 quae
1145 2070 1224 2104 pars
1244 2069 1319 2093 cum
1339 2057 1469 2102 exigua
1490 2056 1548 2098 sit,
1570 2055 1679 2090 totius
1695 2065 1756 2088 or-

267 2104 323 2138 bis
348 2107 589 2150 rempublicam
613 2107 671 2142 vix
693 2112 945 2153 repraesentat.
991 2106 1056 2140 Illa
1079 2117 1201 2151 nempe
1226 2116 1338 2139 rerum
1367 2115 1533 2138 novarum
1559 2101 1754 2142 affluentia,

271 2162 361 2197 qnae
379 2152 510 2197 Libyae
535 2155 720 2196 tribuitur,
745 2155 788 2189 ad
808 2154 898 2189 solas
922 2153 1074 2199 pertinet
1098 2151 1292 2187 animalium
1321 2154 1587 2186 monstrosorum
1613 2149 1753 2190 formas,

273 2202 310 2252 et
327 2209 440 2233 rerum
466 2200 607 2235 aliarum
623 2201 777 2248 species,
801 2201 844 2235 ad
865 2207 1003 2236 nostras
1023 2199 1217 2246 provincias
1234 2202 1377 2244 propter
1395 2196 1680 2242 longinquitatem
1696 2206 1754 2248 ra-

270 2255 345 2278 nus
369 2247 644 2290 commeantium,
669 2248 845 2294 peculiare
865 2252 980 2282 autem
1003 2247 1135 2292 aliquid
1156 2246 1194 2280 in
1220 2258 1260 2280 se
1280 2244 1499 2286 habentium,
1523 2242 1638 2289 qualia
1656 2242 1756 2276 nobis

268 2290 445 2336 incognita
464 2292 499 2326 in
515 2293 572 2327 illa
592 2294 679 2329 dura
697 2300 733 2330 et
749 2295 887 2330 immani
912 2294 1055 2339 regione
1080 2297 1281 2328 nascuntur.
1329 2291 1457 2326 Totius
1476 2301 1560 2325 vero
1580 2288 1673 2324 orbis
1693 2299 1756 2321 no-

269 2337 399 2372 vitates
416 2338 503 2381 situ,
526 2340 723 2384 viriditate,
747 2342 896 2388 gaudio,
920 2341 1083 2382 tristitia,
1107 2339 1242 2384 gloria,
1265 2338 1420 2380 infamia,
1445 2337 1575 2377 morbo,
1591 2335 1754 2378 sanitate,

270 2384 357 2427 Vita,
381 2390 502 2427 morte,
527 2391 651 2433 atque,
675 2394 713 2423 ut
730 2389 849 2434 paucis
867 2388 1060 2429 absolvam,
1085 2387 1238 2428 virtute,
1261 2385 1368 2429 vitio,
1392 2383 1639 2418 mutationibus
1657 2380 1756 2416 deni-

272 2443 338 2479 que
357 2442 398 2466 ac
418 2433 605 2478 omnigenis
631 2438 667 2468 et
683 2435 827 2470 infinitis
847 2434 1116 2475 variationibus,
1139 2445 1195 2468 res
1215 2433 1377 2467 humanas
1397 2442 1507 2476 usque
1527 2429 1753 2474 distinguunt.

272 2477 321 2511 Et
340 2478 458 2513 mirum
477 2491 579 2522 sane,
602 2483 694 2526 quod
712 2494 785 2516 cum
803 2486 857 2517 tot
874 2493 964 2516 nova
982 2482 1072 2516 idem
1095 2481 1153 2515 hic
1172 2479 1266 2514 orbis
1281 2478 1414 2525 pariat,
1438 2482 1622 2522 utrumque
1641 2482 1754 2510 tamen

272 2523 306 2559 ei
324 2524 436 2559 inesse
457 2526 637 2570 credatur,
661 2532 765 2572 atque
784 2529 836 2563 ita
855 2529 1023 2563 hominum
1047 2532 1178 2563 mentes
1197 2526 1359 2566 deludat,
1383 2529 1423 2559 ut
1438 2523 1516 2558 aliis
1537 2533 1670 2568 semper
1689 2521 1754 2555 ΗΟ·

271 2581 370 2613 rere,
395 2576 431 2606 e't
446 2573 607 2608 fortunae
629 2575 781 2620 vestigia
800 2575 917 2610 stabili
938 2575 1159 2610 fundamento
1176 2573 1322 2619 quisque
1340 2571 1452 2617 figere
1470 2569 1653 2611 videatur3
1676 2567 1754 2602 aliis

271 2615 358 2650 nihil
374 2617 461 2652 firmi
482 2619 621 2662 habere,
639 2621 722 2655 nihil
742 2622 842 2657 certi.
890 2623 1015 2667 Fugax
1033 2621 1121 2655 enim
1149 2621 1234 2655 hora
1259 2630 1366 2664 saepe
1389 2622 1424 2652 et
1444 2621 1648 2652 momentum
1667 2619 1755 2649 tem-

270 2662 368 2708 poris
392 2665 516 2707 multa,
542 2678 631 2711 quae
656 2674 750 2703 stare
778 2668 1004 2711 videbantur,
1034 2667 1168 2702 omnino
1192 2666 1229 2701 in
1255 2664 1465 2700 contrarium
1489 2667 1629 2698 vertunt
1654 2666 1691 2696 et
1709 2659 1755 2695 ad

270 2714 399 2744 terram
415 2711 596 2755 affligunt:
620 2718 725 2760 atque
741 2714 784 2749 ad
803 2727 966 2749 summum
982 2716 1143 2750 fortunae
1159 2712 1373 2760 splendorem
1390 2711 1538 2746 obscura
1551 2708 1755 2755 quandoque

271 2757 434 2792 evehunt.
466 2758 592 2794 Mirum
609 2772 705 2802 vero,
724 2761 890 2806 quomodo
909 2761 994 2796 nihil
1010 2771 1155 2806 usquam
1174 2759 1356 2800 sincerum,
1378 2757 1466 2793 nihil
1482 2757 1526 2792 ab
1546 2755 1635 2791 omni
1654 2758 1756 2801 parte

270 2803 463 2857 perfectum
479 2803 674 2841 inveniatur
690 2818 805 2841 eorum
824 2807 968 2842 omnium
981 2833 991 2852 ,
1015 2819 1105 2853 quae
1127 2818 1188 2841 seu
1208 2807 1300 2840 bona
1319 2817 1379 2840 seu
1399 2804 1488 2839 mala
1506 2815 1582 2838 esse
1602 2801 1755 2837 homines

271 2849 503 2886 arbitrantur:
535 2853 598 2888 sed
626 2865 703 2896 res,
726 2853 794 2888 sibi
812 2853 959 2890 invicem
981 2859 1155 2891 aeternum
1180 2852 1338 2889 inimicae
1365 2856 1403 2888 et
1422 2854 1637 2898 pugnantes,
1659 2847 1755 2883 velut
