1794 3172
243 123 345 171 866
654 125 974 173 NICEPHORI
1002 124 1331 170 GREGORAE

23 246 60 280 A.
77 246 120 279 Μ.
139 244 231 281 6857
240 252 371 297 ματα,
391 239 520 296 μηδὲν
548 239 589 290 ἒς
610 237 657 282 τὸ
681 234 918 295 παράλογον
935 240 1060 280 τοῦτο
1081 232 1282 293 τρόπαιον
1304 232 1409 288 ὅλως
1428 233 1598 282 ἴνοπλον
1618 240 1723 282 εἷσε-

78 294 465 375 Ιυά’2Ενεγκόντων
505 309 622 366 ἔργον
652 306 679 364 ἢ
715 306 886 352 συνετὸν
917 303 1146 363 μηχάνημα
1155 338 1170 359 ,
1211 305 1309 349 ἀλλ’
1351 305 1528 364 ἄθυρμα
1558 309 1723 366 σαθρὸν

242 385 347 424 θεοῦ
370 380 445 436 τὴν
464 379 734 436 ἀνθρωπίνην
759 374 990 427 δεικνύντος
1019 375 1206 431 σπουδὴν
1233 377 1301 418 καὶ
1332 376 1489 433 γέλωτα
1509 382 1624 435 σαφῆ
1648 379 1722 434 τὴν

244 455 329 494 τῶν
355 453 674 506 μεγαλοφρονεῖν
706 447 779 505 ἐφ’
815 445 979 498 ἑαυτοῖς
1012 445 1087 490 οὐκ
1121 444 1351 489 ὀκνούντων
1382 444 1528 505 ὀφρύν.
1567 447 1724 490 διὸκαὶ

243 521 480 575 πέμψαντες
502 518 630 568 εὐθὺς
666 518 708 567 ἐς
737 517 913 573 βασιλέα
951 515 1027 572 τὴν
1056 515 1262 573 προτέραν
1294 511 1422 566 αὖθις
1452 514 1605 571 ὁμοίως
1630 516 1752 572 ε’ζή-5

244 608 343 633 τουν
354 588 516 646 εἰρήνην
525 621 539 642 ,
571 590 606 632 εἰ
633 589 700 630 καὶ
721 588 779 643 μὴ
803 587 875 645 ἐφ’
896 584 1058 641 ὁμοίαις
1078 593 1170 636 ταῖς
1188 587 1464 643 συμφωνίαις.
1503 586 1592 645 (Γ.)
1605 587 1720 630 Ἀλλ’

245 658 359 703 οὕπω
383 659 575 715 τέτταρες
602 656 695 701 ὅλαι
723 661 947 714 παρῆλθον
977 657 1133 699 ἐκεῖθεν
1160 653 1310 713 ἡμέραι
1320 688 1334 710 ,
1369 657 1437 699 καὶ
1456 657 1726 700 κατέπλευσεν

204 731 286 780 Εὲς
320 729 368 772 τὸ
407 733 482 772 τοῦ
512 725 708 772 Γαλάτου
743 725 946 785 φρούριον
989 726 1033 768 ἐκ
1061 728 1104 769 Γ
1101 723 1270 776 εννούας
1298 730 1619 781 ταχυναυτοῦσα
1647 729 1725 782 μία

245 797 440 857 τριήρης,
485 798 677 856 πρέσβεις
708 796 867 854 ἄγουσα
894 795 994 846 τοὺς
1023 793 1161 840 πάντα
1190 795 1431 846 τελέσοντας
1451 796 1639 851 ἀσμένως
1648 830 1662 850 ,
1698 795 1724 839 ἃ

242 869 348 927 πρὸς
375 866 613 924 βουλήσεως
643 867 702 923 εἴη
734 868 988 920 Βυζαντίοις.
1037 869 1269 909 καταλῦσαι
1302 866 1401 921 μὲν,
1433 863 1532 909 ὅσον.
1561 866 1722 922 δηλαδὴ
1737 871 1782 907 10

242 939 341 990 τοὺς
361 940 534 989 οἶκείους
554 935 883 994 παρεκβαλόντες
902 935 1026 994 ὅρους
1051 935 1090 979 οἳ
1110 938 1293 979 Λατῖνοι
1313 936 1627 993 παρακατέσχον
1648 940 1723 980 τοῦ

243 1014 328 1053 τῶν
343 1007 557 1064 Ῥωμαίων
581 1006 711 1051 τόπου
727 1022 737 1031 ·
776 1008 1006 1051 ἀποδοῦναι
1027 1006 1072 1049 δὲ
1089 1007 1158 1048 καὶ
1178 1004 1229 1061 ἢν
1258 1003 1460 1062 ἐπήγαγον
1481 1008 1725 1059 Βυζαντίοις

117 1083 156 1118 Ρ.
168 1080 238 1120 546
254 1080 400 1135 ζημίαν
431 1080 473 1129 ἐς
503 1077 551 1122 τὸ
584 1077 791 1128 ἃνενδεές·
828 1079 897 1121 καὶ
940 1076 1028 1131 ἅμα
1068 1064 1332 1131 προσθέντας
1362 1073 1562 1133 χρήματα
1591 1083 1725 1131 τυχεῖν

1024 1145 1066 1153 ——

243 1169 320 1220 τῆς
349 1163 554 1221 προτέρας
586 1160 748 1219 εἰρήνης
777 1159 880 1218 ὑπὲρ
918 1160 995 1211 τὰς
1027 1178 1051 1218 ρ
1076 1158 1294 1215 χιλιάδας·
1330 1162 1396 1203 καὶ
1418 1158 1568 1217 ὅρκους
1587 1158 1724 1203 ἔπειτα

243 1237 387 1278 δοῦναι
416 1231 774 1291 φρικωδεστάτους
790 1230 902 1287 ,ὑπὲρ
929 1235 1004 1274 τοῦ
1033 1230 1177 1286 μηκέτι
1196 1229 1302 1288 πρὸς
1319 1230 1418 1280 τοὺς
1437 1227 1605 1284 ὁμοίους
1623 1230 1723 1272 ἀπε-
1737 1233 1780 1270 15

243 1308 444 1359 νεχθῆναι
478 1300 799 1359 νεωτερισμούς·
854 1300 961 1344 ἀλλὰ
997 1300 1283 1356 μεμνημένους
1317 1304 1401 1343 τῶν
1432 1299 1535 1355 παρ’
1577 1301 1723 1342 ἐλπίδα

245 1371 609 1428 συμπεπτωκότων
643 1372 760 1429 σφίσι
793 1371 1093 1428 μετριωτέρους
1125 1368 1225 1414 εἶναι
1256 1373 1333 1413 τοῦ
1365 1373 1524 1412 λοιποῦ.
1570 1369 1653 1412 ἐπεὶ
1677 1369 1720 1412 δ’

244 1445 417 1489 ἐλθοῦσι
441 1442 639 1492 κάκείνοις
658 1441 706 1484 τὸ
725 1441 831 1498 μέγα
848 1445 972 1484 τοῦτο
997 1442 1064 1483 καὶ
1084 1439 1198 1497 παρὰ
1215 1444 1354 1483 πᾶσαν
1373 1438 1569 1496 ἔγνωσται
1589 1455 1723 1496 προσ-

202 1514 387 1556 Βδοκιάν
405 1516 489 1555 τῶν
509 1510 731 1569 ὁμοφύλων
753 1509 962 1566 εὐτύχημα
973 1544 986 1564 ,
1027 1510 1168 1565 μέσοις
1191 1527 1235 1554 τε
1251 1509 1588 1567 γεγονέναιδυοῖν
1607 1511 1723 1559 ξυνε-

242 1580 444 1626 πεπτώκει
476 1583 544 1624 καὶ
578 1581 654 1637 τὴν
685 1580 860 1638 αἰσχρὰν
891 1581 1043 1637 ἐκείνην
1071 1577 1234 1636 εἲρήνην
1265 1576 1578 1637 παρασκευάσαι
1601 1577 1722 1634 ποιή-
1734 1581 1782 1618 20

242 1656 405 1695 σασθαι
417 1685 430 1705 ,
462 1649 609 1695 ὁποίαν
636 1653 704 1694 καὶ
723 1652 1087 1707 Πελοποννησίους
1105 1651 1168 1692 ἐπὶ
1184 1650 1451 1693 Ἀνταλκίδου
1472 1646 1600 1691 πάλαι
1621 1648 1725 1705 πρὸς

241 1722 413 1779 Πέρσας
436 1721 674 1765 συνθέσθαι
705 1718 909 1776 ἀκούομεν
919 1753 934 1774 ,
978 1720 1056 1763 δέει
1080 1723 1155 1776 τῆς
1173 1723 1368 1775 ναυτικῆς
1390 1722 1473 1762 τῶν
1489 1719 1725 1773 Ἀθηναίων

243 1789 458 1853 δυνάμεως
500 1791 542 1833 εἰν
569 1798 655 1840 τοῖς
692 1788 785 1834 τότε
812 1787 979 1847 χρόνοις
1000 1794 1234 1847 περιφανῶς
1251 1787 1722 1845 θαλαττοκρατούντων.

122 1868 162 1902 V.
171 1865 241 1905 442
252 1859 346 1920 (A.)
385 1858 559 1903 Τούτων
581 1862 606 1903 δ
612 1860 624 1876 ’
649 1859 759 1904 οὕτω
778 1859 1095 1916 ξυνηνεγμένων,
1124 1859 1198 1902 οὐκ
1217 1859 1344 1917 ἔκρινε
1366 1860 1451 1901 δεῖν
1472 1855 1493 1901 ὅ
1511 1857 1721 1913 βασιλεὺς,

244 2016 368 2052 paeum
392 2003 474 2039 illud
501 2004 710 2050 insperatum
727 2003 812 2038 nihil
834 2015 974 2050 prorsus
994 2015 1059 2040 nec
1074 2003 1234 2039 militaris
1251 2013 1390 2049 operae,
1413 2013 1478 2036 nec
1498 2000 1636 2036 solertis
1652 2012 1725 2036 ma-

244 2051 452 2086 chinamenti
469 2052 711 2086 contulissent:
736 2050 798 2084 sed
815 2062 902 2098 opus
914 2050 982 2085 Dei
998 2062 1074 2085 esse
1091 2055 1296 2093 statuerent,
1314 2050 1491 2084 humanam
1509 2048 1724 2093 diligentiam

243 2099 378 2133 futilem
397 2097 605 2132 declarantis
618 2123 627 2140 ,
651 2101 687 2131 et
705 2109 841 2139 eorum,
866 2097 926 2143 qui
947 2109 983 2131 se
1000 2096 1094 2142 ipsos
1112 2097 1293 2143 magnifice
1314 2096 1440 2131 efferre
1465 2106 1531 2136 non
1551 2095 1724 2136 dubitant,

244 2144 476 2190 arrogantiam
502 2156 628 2179 merum
654 2155 732 2178 esse
758 2144 889 2178 mimum
917 2143 1140 2179 ostendentis.
1195 2143 1371 2178 Miserunt
1394 2142 1515 2188 itaque
1541 2141 1656 2176 statim
1679 2141 1725 2176 ad

243 2191 500 2237 imperatorem,
524 2190 581 2236 qui
602 2202 720 2237 pacem
736 2190 856 2224 itidem
871 2194 909 2224 ut
929 2195 1043 2233 antea,
1067 2191 1128 2226 sed
1151 2201 1220 2225 non
1235 2189 1356 2224 iisdem
1374 2187 1640 2232 conditionibus,
1661 2188 1723 2222 de-

244 2248 313 2272 nuo
331 2242 570 2283 exposcerent.
618 2237 720 2282 (111.)
745 2237 906 2271 Nondum
925 2237 991 2271 toti
1009 2242 1156 2283 quatuor
1178 2249 1221 2271 ex
1242 2249 1282 2271 eo
1300 2236 1375 2270 dies
1394 2235 1623 2277 effluxerant,
1648 2245 1723 2268 cum

243 2283 393 2319 triremis
419 2295 488 2318 una
515 2284 695 2329 expedita,
727 2283 771 2317 ad
796 2284 1003 2319 Galataeum
1028 2284 1203 2319 castellum
1226 2283 1393 2329 appulsa,
1417 2282 1552 2328 legatos
1572 2282 1616 2315 ab
1639 2281 1724 2315 urbe

246 2330 376 2365 Genua
401 2330 562 2372 advexit,
588 2329 650 2375 qui
666 2329 913 2377 Byzantiorum
939 2330 1110 2365 voluntati
1130 2342 1194 2376 per
1215 2330 1327 2364 omnia
1346 2329 1437 2363 ultro
1460 2328 1722 2369 satisfacerent3

247 2386 290 2412 ac
309 2375 535 2412 restituerent
560 2376 696 2422 quidem
720 2376 885 2423 quidquid
910 2377 1046 2419 Latini,
1071 2377 1223 2423 propriis
1249 2375 1413 2411 limitibus
1436 2373 1657 2422 propagatis,
1680 2385 1724 2407 ex

247 2434 334 2469 agro
356 2425 507 2459 Romano
525 2427 772 2468 occupassent3
798 2423 923 2458 deinde
938 2425 1170 2470 rependerent
1187 2423 1231 2458 ad
1252 2423 1400 2469 plenum,
1425 2420 1593 2469 quidquid
1610 2420 1724 2454 damni

247 2470 428 2516 Byzantiis
445 2469 652 2512 intulissent,
676 2470 929 2516 pen-solutisque
947 2470 1086 2517 insuper
1108 2470 1184 2517 plus
1196 2481 1294 2515 quam
1311 2473 1446 2504 centum
1466 2467 1635 2509 millibus,
1660 2478 1723 2512 pa-

248 2528 323 2551 cem
346 2516 528 2563 pristinam
543 2516 787 2562 impetrarent:
811 2517 966 2551 iurarent
985 2517 1133 2563 denique
1157 2515 1453 2551 horribilissimum
1475 2512 1723 2556 iusiurandum,

247 2575 288 2598 se
307 2575 478 2609 nunquam
497 2563 542 2598 ad
562 2562 729 2607 eiusmodi
748 2574 855 2598 novas
871 2575 929 2598 res
946 2564 1133 2599 moliendas
1150 2563 1333 2598 abductum
1350 2561 1417 2604 iri3
1441 2561 1502 2596 sed
1520 2572 1636 2595 eorum
1652 2571 1725 2594 me-

247 2621 382 2652 mores,
407 2621 497 2657 quae
516 2608 584 2644 sibi
603 2613 742 2657 praeter
769 2621 864 2655 spem
888 2611 1105 2653 evenissent,
1130 2609 1376 2645 moderatiores
1392 2609 1468 2643 fore
1484 2606 1520 2642 in
1542 2611 1724 2653 posterum.

249 2657 338 2691 Cum
355 2661 466 2692 autem
490 2657 519 2692 ii
537 2656 645 2702 legati
662 2655 896 2699 advenissent,
920 2669 1128 2704 magnosque
1144 2656 1222 2691 illos
1241 2660 1278 2690 et
1295 2655 1491 2702 inopinatos
1510 2653 1726 2699 accepissent

247 2715 384 2738 suorum
402 2714 605 2746 successus,
628 2707 701 2738 tum
718 2714 855 2749 quoque
874 2703 1111 2750 interposuere
1128 2715 1187 2745 se,
1211 2705 1247 2737 et
1267 2706 1308 2736 ut
1327 2714 1394 2748 pax
1414 2701 1475 2735 ina
1492 2700 1605 2746 turpis
1623 2700 1725 2734 fieret

249 2747 436 2792 curavere}
459 2750 594 2797 qualem
613 2753 650 2786 et
666 2749 955 2798 Peloponnesios,
977 2749 1162 2786 Antalcida.
1181 2753 1370 2794 regnante,
1393 2747 1526 2794 pridem
1546 2758 1620 2781 cum
1637 2746 1724 2780 Per-

249 2795 297 2830 sis
313 2796 487 2842 pepigisse
504 2796 711 2842 accepimus,
728 2798 870 2832 classem
887 2797 1016 2832 veritos
1028 2797 1302 2836 Atheniensium,
1321 2794 1379 2841 qui
1398 2793 1500 2830 maris
1516 2797 1590 2828 tum
1605 2797 1726 2838 aperte

251 2844 483 2889 potiebantur.
535 2843 636 2890 (IV.)
659 2844 757 2881 Haec
776 2855 851 2880 cum
868 2843 920 2880 ita
938 2843 1164 2887 accidissent,
1188 2843 1376 2890 imperator
1396 2852 1460 2877 nec
1476 2842 1639 2877 fortunae
1658 2837 1726 2873 ini-
