1794 3172
324 165 640 217 HISTORIAE
671 165 1046 212 BYZANTINAE
1071 164 1171 212 XII.
1199 168 1241 213 4.
1418 156 1521 209 585

36 277 85 332 ὃν
117 275 502 334 μόνον’ἆντίπαλον
526 273 747 335 κράτιστον
777 274 935 332 εὕρισκε
959 281 1050 326 τοῖς
1081 274 1212 318 αὖτοῢ
1242 275 1427 333 δολεροῖς
1444 279 1516 319 20·
1539 281 1580 316 A.
1596 283 1634 317 c.
1650 279 1735 318 1341

32 354 217 405 γισμοῑς,
256 345 370 402 ὅμως
390 346 465 390 οὔκ
483 346 597 403 ἔληγε
621 346 675 390 τὰ
706 344 857 389 ἑαυτοῦ
887 347 1085 400 διηνεκῶς
1106 346 1290 401 ἐνεργῶν.
1328 329 1738 413 ἐκστατι-Ῐωὲἐὲῐ.ῗ“”

35 417 108 460 κᾶν
135 415 216 474 γάρ
245 433 287 459 τι
311 420 459 474 χρῆμα
487 417 673 466 διανοίας
704 412 859 470 ὅμοίως
894 414 1048 471 πέφυκε
1078 417 1259 465 πλοῦτος
1289 416 1358 458 καὶ
1394 413 1514 470 δόξα,

34 486 141 543 παρ’
166 485 286 537 «ἰξίαν
306 487 385 529 τινὶ
410 482 741 543 προσγενόμενα,
777 480 972 540 καθάπερ
1000 481 1027 540 ἦ
1053 483 1181 540 με’θη.
1219 486 1276 534 εἷς
1293 484 1371 541 γὰρ
1390 482 1519 536 δόξαν

6 557 103 598 5καὶ
125 552 389 613 περιφάνειαν
414 556 459 606 ἐξ
485 552 649 610 ἀσήμου
670 553 811 610 γένους
836 552 1077 608 ἐληλυθὼς,
1124 558 1416 611 συνεργοῦντος
1441 556 1555 598 καὶΕ

32 623 367 681 περιθάλποντος
393 625 767 679 Καντακουζηνοῢ,
813 623 882 665 καὶ
919 626 1101 665 πλοῦτον
1129 621 1248 677 μάλα
1282 624 1413 667 πολὺν
1447 626 1518 667 καὶ

29 691 134 751 ὖπέρ
155 693 231 751 τὴν
250 691 379 748 τύχην
395 693 472 749 τὴν
491 691 642 736 ἑαυτοῦ
662 693 972 747 συναθροίσας,
1011 696 1087 735 τοῦ
1106 690 1368 748 καθήκοντος
1386 693 1518 745 εὐθὺς

30 763 170 818 ἐξέστη
192 760 484 820 φρονήματος,
522 763 594 804 καὶ
614 762 860 819 τυραννίδος
879 761 922 804 ἐν
944 767 1032 811 τοῖς
1048 766 1125 818 τῆς
1142 766 1283 818 ψυχῆς
1302 761 1517 818 θαλάμοις

29 831 207 889 ἔκρυψεν
228 831 411 888 ἔρωτας,
448 833 516 874 καὶ
536 829 662 874 πάντ’
684 831 841 873 ε’κεῖθεν
863 829 1064 887 ἔπραττε,
1103 832 1172 873 καὶ
1191 829 1328 874 πάντα
1349 848 1513 876 συνεισ-

0 906 124 957 ῠῆγεν
155 900 235 944 ὅσα
261 907 429 958 γεωργεῖ
447 905 523 957 τῆς
545 897 742 955 τοιαύτης
760 901 906 950 κακίας
922 900 998 956 τὴν
1017 898 1218 956 βλάστην.
1291 900 1381 960 (Γ.)
1419 905 1513 961 Boc?
1523 905 1564 940 P·
1575 906 1646 943 363

30 972 76 1014 δὲ
97 972 166 1013 καὶ
188 970 295 1013 αὐτὰ
311 972 533 1025 μονονουχὶ
553 969 696 1027 φωνὴν
714 970 973 1024 ἐκπέμποντα
991 970 1187 1027 λαμπρὰν
1204 967 1258 1012 τὰ
1278 975 1361 1014 τῶν
1380 971 1511 1014 αὐτοῦ

28 1057 72 1096 γε
91 1041 229 1083 οἰκιῶν
249 1037 563 1095 οἶκοδομήματα
572 1072 587 1093 ,
624 1039 742 1096 μέχρι
761 1043 835 1081 νῦν
855 1039 932 1094 τὴν
958 1039 1110 1082 ἐκείνου
1137 1040 1284 1082 κακίαν
1300 1041 1512 1100 ἐκτραγῳ-

29 1111 209 1152 δοῧντα·
245 1108 348 1165 λέγω
380 1108 433 1164 δὴ
461 1108 509 1152 τὸ
538 1112 622 1151 τῶν
640 1108 873 1162 Ἔπιβατῶν
894 1106 1119 1166 φρούριον·
1155 1108 1293 1152 ἔπειθ’
1324 1108 1403 1152 ὅσα
1423 1112 1516 1168 περὶ

25 1178 75 1221 τὸ
94 1186 225 1233 τεῖχος
246 1183 323 1235 τῆς
343 1175 647 1233 βασιλευούσης
679 1182 764 1221 τῶν
793 1175 951 1221 πόλεων
973 1177 1154 1236 ἤγειρεν,
1195 1176 1283 1222 οἷον
1312 1178 1514 1237 ἀμφίβιον

0 1249 95 1290 5καὶ
116 1253 169 1305 γῇ
191 1249 259 1293 καὶ
285 1246 485 1305 θαλάσσῃ
500 1246 764 1305 μεριζομὲνην
782 1246 928 1302 ἔχοντα
949 1248 1125 1292 δίαιταν.
1162 1246 1296 1299 πύλας
1315 1249 1394 1306 γὰρ
1415 1247 1513 1292 ἔκα-

23 1317 208 1374 τὲρωθέν
230 1333 372 1375 σφισιν
397 1317 560 1360 ε’τίθετο
595 1314 700 1374 πρός
733 1334 776 1359 τε
815 1321 893 1373 γῆν
919 1318 989 1360 καὶ
1019 1317 1125 1374 πρὸς
1152 1315 1404 1361 θάλασσαν·
1437 1320 1511 1362 ’ίνα

25 1384 274 1442 διωκόμενον
311 1387 357 1429 ἐκ
386 1384 607 1442 θαλάττης
638 1385 807 1443 ἤπειρος
842 1383 1110 1442 ὖποδῷγοαο,
1155 1388 1224 1430 καὶ
1264 1387 1544 1431 τοῦναντίονΒ

25 1450 151 1506 αὖθις
186 1453 390 1514 φεύγοντα
412 1455 490 1512 τὴν
507 1454 678 1513 ἤπειρον
710 1453 738 1512 ἢ
765 1459 952 1499 συνοῦσα
980 1457 1063 1509 καὶ,
1087 1453 1176 1499 οἷον
1194 1458 1331 1510 εἰπεῖν,
1355 1461 1511 1501 ναυλο-

18 1529 156 1581 χοῦσα
183 1523 355 1583 τριήρης
381 1525 498 1583 παρὰ
528 1524 606 1581 τὴν
642 1526 774 1568 οἰκίαν
805 1526 956 1582 γίνοιτο
988 1525 1270 1582 παραπομπός
1298 1526 1368 1569 ἐπ’
1410 1526 1508 1569 ‹inl-

0 1600 126 1638 >στου
161 1595 362 1650 στοιχείου
400 1592 619 1651 θαλάττης
653 1593 749 1651 ἄχρι
785 1598 862 1650 τῆς
902 1592 1032 1650 νήσου
1062 1596 1318 1651 Πριγκίπου,
1362 1594 1505 1651 ἢὸποι

22 1668 100 1719 τῆς
119 1661 246 1719 τύχης
272 1663 364 1720 ἄγοι
389 1662 438 1707 τὸ
467 1662 595 1719 πέρας
625 1661 765 1707 αὐτόν.
803 1662 947 1718 ἔστησε
966 1663 1045 1720 γὰρ
1072 1663 1206 1717 κάκεῖ,
1244 1666 1313 1706 καὶ
1333 1662 1494 1721 ὅπηδή-
1504 1667 1626 1705 V.295

22 1749 122 1775 ποτε
153 1738 402 1790 καταφυγεῖν
431 1730 648 1787 ἐβούλετο,
695 1729 876 1790 φρούρια
902 1733 971 1775 καὶ
989 1730 1173 1790 πύργους
1197 1732 1504 1790 οὗρανομήκεις,

23 1800 134 1845 οὕτω
152 1801 373 1860 μοχθηρὸς
389 1796 479 1858 ἦῖὅ
499 1800 605 1860 ἀνὴρ
622 1802 666 1853 ἐξ
685 1801 840 1860 ἀρχῆς,
879 1802 948 1844 καὶ
980 1803 1155 1858 μελέτας
1171 1801 1367 1861 ἔκρυπτεν
1384 1805 1427 1847 ἐν
1447 1804 1539 1863 τῇΟ

113 1925 171 1961 18.
195 1921 383 1972 φεύγοντα
405 1934 469 1971 pro
493 1920 673 1970 φεύγοντι
694 1920 845 1969 positum
868 1933 946 1959 esse
968 1922 1131 1959 observat
1152 1922 1254 1961 Boiv.

21 2040 124 2076 quem
150 2028 258 2064 solum
286 2027 497 2076 eundemque
520 2028 795 2075 potentissimum
819 2028 1056 2066 adversarium
1081 2028 1234 2065 consiliis
1263 2027 1336 2064 mis
1355 2028 1504 2065 frandu-

20 2076 124 2111 lentis
152 2077 292 2111 obstare
318 2076 576 2121 comperiebat,
608 2089 670 2111 suo
693 2082 807 2111 tamen
829 2088 923 2112 more
948 2088 1055 2122 agere
1077 2088 1145 2111 non
1174 2076 1363 2111 desinebat.
1407 2077 1504 2112 Inaet

22 2123 111 2157 enim
136 2121 222 2157 illud
248 2121 372 2168 opibus
398 2122 530 2168 pariter
556 2127 593 2158 et
619 2123 824 2165 honoribus,
858 2129 899 2158 nt
924 2123 980 2158 cui
1005 2123 1148 2168 indigno
1173 2123 1396 2164 obvenerint,
1428 2123 1504 2157 eius
1525 2121 1534 2127 “

20 2173 168 2204 mentem
192 2180 259 2203 non
286 2180 389 2203 secus
414 2174 518 2214 atque
548 2169 699 2204 ebrietas
727 2181 772 2204 ex
797 2181 862 2204 sua
879 2171 963 2205 sede
991 2169 1197 2204 dimoveant.
1244 2170 1406 2215 Namque
1431 2169 1502 2211 hic,

21 2227 100 2250 cum
118 2215 163 2250 ad
182 2216 329 2250 honores
348 2220 386 2250 et
403 2216 562 2250 fortunae
571 2217 787 2262 splendorem
803 2217 1042 2262 pervenisset,
1062 2227 1257 2262 magnaque
1277 2227 1378 2262 opum
1395 2227 1503 2261 quae-

22 2262 90 2296 sita
124 2261 161 2295 vi
192 2273 286 2296 suam
317 2262 524 2296 excessisset
550 2268 696 2305 sortem,
719 2263 858 2298 decenti
875 2263 967 2297 illico
987 2263 1032 2297 de
1053 2269 1149 2297 statu
1174 2262 1277 2297 animi
1299 2262 1501 2303 declinavit,

19 2307 281 2354 tyrannidisque
307 2319 451 2342 arcanos
481 2320 612 2343 amores
639 2309 743 2344 altius
767 2309 902 2355 pectori
927 2309 1051 2344 infixos
1077 2309 1175 2344 fovit.
1222 2309 1316 2344 Hinc
1334 2309 1395 2343 ille
1413 2308 1502 2343 nihil

20 2364 90 2388 non
119 2354 223 2396 feeit,
258 2354 344 2388 nihil
373 2366 441 2389 non
465 2355 695 2401 conquisivit,
734 2367 802 2402 quo
829 2356 996 2391 eiusmodi
1022 2356 1184 2391 malorum
1210 2356 1353 2401 stirpem
1377 2355 1510 2389 aleten·

21 2401 124 2445 (ΙΙΙ.)
147 2401 188 2435 Id
205 2405 319 2435 autem
334 2401 432 2446 ipsae
454 2401 537 2435 illae
564 2402 712 2437 clamant
727 2403 851 2437 emissa
869 2414 980 2448 paene
1000 2414 1086 2437 voce
1106 2403 1249 2437 insanae
1269 2401 1500 2436 substructio-

20 2458 100 2481 num
110 2447 226 2488 moles,
249 2459 337 2492 quae
357 2448 400 2482 ad
413 2447 610 2482 hodiernam
628 2460 737 2495 usque
747 2449 836 2483 diem
854 2449 947 2484 illius
963 2448 1214 2495 improbitatem
1222 2448 1500 2494 splendidissime

20 2493 214 2528 declarant:
237 2493 462 2538 Epibatarum
482 2506 543 2529 seu
559 2500 738 2530 nautarum
754 2495 909 2541 intelligo
926 2495 1122 2537 castellum,
1145 2499 1183 2530 et
1198 2505 1420 2541 quaecunque
1439 2493 1500 2528 ille

20 2539 115 2574 circa
131 2539 227 2573 urbis
238 2540 404 2586 principis
414 2552 527 2574 muros
539 2541 720 2584 exstruxit,
744 2542 928 2587 ancipitem
943 2542 1040 2588 qnasi
1058 2546 1212 2576 naturam
1229 2541 1404 2582 habentia,
1422 2544 1499 2574 ter-

20 2596 150 2630 raeque
166 2597 209 2619 ac
218 2586 302 2620 mari
313 2587 438 2621 divisa.
462 2587 588 2621 Portas
604 2588 693 2622 enim
708 2590 870 2634 utrinque
887 2588 957 2622 illis
968 2588 1151 2622 addiderat
1161 2599 1183 2622 a
1197 2587 1281 2622 mari
1293 2592 1330 2622 et
1347 2598 1370 2622 a
1385 2593 1501 2627 terra3

20 2635 60 2664 ut
76 2631 162 2666 mari
186 2633 317 2677 pulsum
338 2638 434 2667 terra
457 2633 652 2679 exciperet;
683 2639 720 2669 et
742 2634 893 2670 vicissim
914 2640 1010 2670 terra
1029 2635 1173 2670 eiectum
1191 2634 1342 2668 triremis
1364 2632 1424 2668 illa
1442 2633 1501 2666 fa-

19 2676 174 2720 miliaris,
195 2690 238 2713 ac
252 2679 351 2713 iuxta
375 2680 449 2714 eius
467 2679 598 2715 domum
617 2688 713 2715 stans
731 2681 832 2727 quasi
848 2681 885 2716 in
906 2686 1028 2727 portu,
1050 2693 1114 2727 per
1135 2680 1277 2715 infidum
1296 2679 1498 2714 elementum

19 2723 63 2757 ad
86 2724 227 2759 insulam
242 2725 416 2772 Principis
432 2726 639 2768 deduceret,
662 2732 725 2762 aut
740 2739 942 2774 quomnque
963 2727 1057 2762 illum
1078 2729 1238 2762 fortunae
1256 2726 1368 2760 exitus
1386 2735 1498 2759 voea—

18 2775 119 2803 turus
139 2770 240 2804 foret.
286 2773 376 2807 Nam
393 2777 429 2806 et
450 2772 520 2814 ibi,
544 2778 582 2807 et
604 2776 809 2820 quocunque
831 2786 870 2808 se
894 2774 1035 2808 volebat
1056 2774 1234 2819 recipere,
1257 2772 1400 2807 castella
1417 2782 1499 2805 oae-

17 2815 120 2861 loque
139 2816 280 2851 eductas
308 2829 406 2853 arces
431 2818 647 2854 fundaverat.
692 2820 790 2855 Adeo
808 2820 865 2855 vir
887 2820 947 2855 ille
968 2821 1143 2866 improbus
1164 2819 1241 2865 ipso
1260 2818 1377 2853 statim
1398 2817 1499 2852 initio

17 2861 107 2896 fuit:
131 2862 218 2897 adeo
236 2863 387 2900 malitiae
405 2876 446 2899 ac
467 2865 539 2900 doli
564 2866 686 2912 plenas
708 2867 847 2903 oelabat
869 2867 982 2903 animo
1006 2865 1247 2913 cogitationes.
1294 2864 1499 2910 Quanquam

109 2919 326 2965 Maepham
347 2923 495 2969 Gregor.
527 2923 603 2959 Vol.
618 2923 666 2958 Π.
1164 2916 1222 2958 38
