1794 3172
300 135 617 190 HISTORIAE
642 139 1016 187 BYZANTINAE
1037 139 1158 185 ΧΙΙΙ.
1178 145 1246 188 10.
1409 130 1511 182 675

17 261 218 314 χρηστοῖς
237 254 313 312 τὴν
332 259 408 311 τῆς
428 255 573 305 κακίας
594 251 797 298 ὑπόθεσιν
815 251 1144 310 περιπέττοντες,
1182 252 1252 295 καὶ
1278 249 1352 295 τὸν
1374 251 1508 308 δῆμον
1533 256 1570 290 A
1582 258 1622 290 C.
1641 253 1736 298 1343

22 329 79 377 εἷς
106 326 345 382 συμμαχίαν
376 323 574 378 ἐκάλουν,
612 326 767 380 κερδῶν
797 321 971 378 ἑτοίμων
996 323 1130 366 ε’λπίσι
1157 321 1257 372 τούς
1285 325 1406 380 σφῶν
1423 304 1733 388 θυ-Ῐωῗὲἐζιόξω

20 395 129 452 μοῦς
153 392 481 452 παραθήγοντες.
554 391 645 454 (ς’.)
694 391 818 438 Οὕτω
839 392 892 449 δὴ
926 387 1001 436 οὖν
1034 391 1172 449 ὥσπερ
1203 393 1344 447 βιαίου
1379 396 1554 435 κατα-Ι)

29 463 270 521 σκήψαντος
297 463 530 519 πνεύματος
560 466 618 515 εἷς
644 463 720 520 τὴν
750 461 892 516 πόλιν,
941 459 1133 520 θόρυβος
1150 461 1231 505 ἀνὰ
1253 459 1413 512 πάντας
1432 463 1516 518 δη-.

0 533 162 590 5μότας
181 535 444 592 ἐπεχωριάζεν
464 534 657 587 ἄτακτος,
683 534 752 576 καὶ
772 530 922 583 πάντες
940 530 1093 589 ἀθρόοι
1115 536 1198 576 τῶν
1221 533 1360 576 οἰκιῶν
1381 531 1511 583 εὐθὺς

23 605 251 660 ἐξεχέοντο,
288 605 357 647 καὶ
375 608 460 647 τῶν
482 603 638 655 ἔξωθεν
659 604 863 657 πολεμίων
885 601 1004 646 αὐτοὶ
1023 599 1255 660 πικρότεροι
1273 608 1361 653 τοῖς
1378 605 1517 646 πλου-,

21 676 127 725 σίοις
145 675 322 730 ἐγίνοντο
335 707 350 727 ,
395 671 469 717 τόν
494 691 539 717 τε
568 674 611 716 ἓν
635 680 726 723 ταῖς
747 673 894 723 οἰκίαις
921 676 1102 717 πλοῦτον
1120 670 1320 730 ἅρπαγμα
1339 676 1512 731 λῃστρι-

22 744 95 788 κὸν
121 741 418 798 καθιστάμενοι
454 744 522 786 καὶ
560 742 699 786 αὐτῶν
741 741 855 793 ὅσοις
889 740 1154 799 ἐνετύγχανον
1186 742 1369 800 ἀφειδῶς
1398 742 1552 786 ἀπο-Ε

23 811 304 871 σφάττοντες,
343 815 411 856 καὶ
431 816 652 856 πολιτικῶν
685 810 873 868 αἱμάτων
899 816 1111 870 κρατῆρας
1128 817 1338 863 κενοῦντες
1359 813 1402 855 ἔν
1419 818 1512 862 ταΐς

0 884 233 934 )πλατειἀις
261 887 335 939 τῆς
354 881 524 934 πόλεως.
571 881 621 926 τό
643 900 686 939 γε
706 882 791 939 μὴν
811 882 1017 940 ἔκκριτον,
1055 884 1123 926 καὶ
1144 881 1244 926 ὅσον
1261 887 1337 939 τῆς
1354 880 1510 933 πόλεως
1522 887 1641 927 V.3.42

23 953 122 1008 ὄψις
145 951 326 1009 ὑπῆρχεν
334 986 350 1007 ,
389 955 447 1004 εἷς
469 957 594 996 τοῦτο
626 954 948 1008 κακοδαιμονίας
974 950 1118 1009 ἠλάθη
1141 950 1210 996 διά
1232 970 1276 1010 γε
1297 952 1349 1009 δὴ
1370 951 1417 996 τὸ
1437 957 1513 1008 τῆς

23 1022 167 1073 οὐσίας
197 1021 407 1078 εὔδαιμον.
444 1020 604 1066 τούτων
634 1022 675 1065 δ’
709 1023 749 1066 οἱ
776 1023 852 1078 μὲν
877 1020 1070 1067 θανάτου
1105 1025 1222 1079 δίκην
1251 1022 1402 1066 ἔδοσαν
1433 1021 1514 1065 αὗ-

22 1092 211 1150 θημερὸν
238 1099 330 1144 ταῖς
353 1097 430 1149 τῆς
459 1083 685 1149 δημοτικῆς
714 1094 946 1150 παρανοίας
972 1091 1144 1150 ὁρμαῖς·
1182 1086 1239 1137 ὧν
1270 1095 1296 1136 δ
1305 1092 1318 1108 ²
1342 1093 1385 1135 ἓν
1405 1090 1514 1145 ὕπο-γ

29 1164 151 1217 ’ψίαις
174 1161 232 1205 ἔτι
253 1162 300 1206 τὸ
330 1167 408 1219 τῆς
434 1161 564 1219 τύχης
589 1162 716 1206 ἔκειτο
746 1163 897 1219 με’λλον
929 1164 1112 1223 (πλείους
1145 1163 1185 1206 δ’
1210 1161 1311 1207 εἶναι
1333 1167 1418 1206 τῶν
1439 1160 1513 1217 ἔα(-

0 1230 220 1280 Ξλωκότων
243 1233 485 1276 συνέπιπτεν
504 1231 650 1291 σφᾶς),
676 1231 838 1284 τούτοις
867 1233 910 1276 δ’
944 1231 1312 1291 ἐσκυθρωπακόσιν
1334 1233 1428 1289 ἐνῆν
1450 1234 1556 1276 σι’-Ε

24 1309 210 1360 κουρεῖν,
249 1303 575 1360 φυλαττομένοις
609 1301 665 1354 ὥς
692 1303 746 1347 τὰ
771 1303 904 1347 πολλὰ
930 1301 980 1347 τό
999 1303 1042 1361 γ’
1064 1305 1107 1346 ἐν
1127 1304 1298 1361 ἀγοραῖς
1315 1305 1384 1346 καὶ
1404 1300 1514 1346 θεά-

22 1389 137 1430 τροις
159 1371 534 1431 παῤῥησιάζεσθαι.
571 1371 667 1432 (Z.)
681 1375 767 1417 Καὶ
789 1371 887 1429 τάχ’
911 1372 963 1416 ἂν
984 1371 1262 1430 ἐτεθνήκεσαν
1282 1371 1364 1416 ὕπὸ
1377 1372 1509 1426 δέους,

23 1444 60 1484 εἴ
79 1439 140 1498 μή
158 1459 262 1493 τινες
281 1444 325 1485 ἐκ
349 1443 556 1497 βασιλέως
577 1442 734 1495 ἔξωθεν
754 1445 914 1494 ἐλπίδες
934 1442 1272 1502 εἷσπορευόμεναί
1287 1460 1375 1494 πως
1393 1442 1515 1501 ἀνερ-

24 1509 208 1570 ῥώννυόν
245 1530 290 1556 τε
325 1513 431 1571 πρὸς
468 1513 516 1558 τὸ
554 1511 739 1570 εὔψυχον
768 1515 838 1557 καὶ
880 1514 930 1558 τὸ
968 1512 1228 1571 λογιζόμενον
1266 1517 1343 1569 τῆς
1373 1515 1516 1568 ψυχῆς

0 1581 128 1639 ὶπρός
160 1581 209 1626 τὸ
243 1587 378 1640 νῆφον
407 1582 699 1627 ἀνεκαλοῦντο.
735 1581 862 1639 μόναι
892 1583 973 1642 γὰρ
994 1578 1117 1627 αὗται
1134 1581 1412 1639 μοχθούντων
1432 1580 1512 1625 ἔω·-

23 1655 156 1708 ρῶντο
181 1651 390 1709 τέρπουσα
407 1657 634 1709 τηνικαῦτα
655 1655 802 1710 κρηπὶς
813 1657 1035 1710 λογισμῶν,
1071 1655 1142 1697 καὶ
1158 1650 1263 1712 πρός
1287 1669 1355 1709 γε,
1381 1669 1514 1710 φρονη-
1524 1655 1564 1692 Ρ.
1575 1655 1645 1694 422

21 1722 150 1764 τίδων
181 1723 238 1772 εἷς
267 1719 501 1779 ἀπόγνωσιν
534 1722 786 1766 ὃλισθαίνειν
818 1725 1168 1777 κινδυνευουσῶν,
1216 1726 1351 1780 πρᾶος
1380 1719 1511 1779 φάναι

23 1791 97 1834 καί
115 1807 226 1842 τινος
254 1789 418 1845 ἀπόζων
445 1792 651 1849 εὐθυμίας
678 1792 862 1851 ζέφυρος.
900 1794 936 1836 εἰ
963 1793 1041 1851 γὰρ
1060 1794 1128 1837 καὶ
1160 1792 1209 1837 τὸ
1228 1793 1387 1848 ψεῦδος
1406 1788 1510 1847 ὁμό-

22 1876 166 1918 στεγον
186 1861 313 1905 ε’νίοτε
335 1862 553 1921 φαίνονται
574 1862 839 1919 κεκτημέναι,
878 1861 976 1906 ἀλλ’
999 1858 1072 1908 οὖν
1089 1859 1264 1910 τοιαῦτά
1281 1879 1372 1913 πως
1391 1863 1511 1914 εἰδωτ

22 1970 70 2006 sis
88 1983 210 2018 nempe
226 1972 419 2008 nominibus
436 1974 558 2009 malum
578 1973 790 2021 propositum
807 1974 982 2017 velantes,
1007 1977 1043 2009 et
1058 1973 1192 2020 plebem
1210 1973 1247 2008 in
1265 1973 1428 2009 auxilium
1445 1973 1511 2008 ad·-

21 2026 214 2062 vocarunt,
238 2020 352 2066 parati
369 2021 586 2057 emolumenti
607 2033 671 2067 spe
688 2021 833 2056 animum
850 2021 942 2056 illius
959 2027 1132 2056 acuentes.
1178 2021 1276 2066 (Vl.)
1300 2022 1386 2056 Cum
1400 2020 1509 2066 igitur

21 2063 74 2100 ita
87 2065 124 2100 iu
142 2067 258 2101 urbem
278 2067 379 2112 quasi
395 2069 579 2103 vehemens
599 2068 735 2114 quidam
754 2073 878 2103 ventus
897 2068 1060 2114 impetum
1079 2068 1242 2112 fecisset,
1263 2067 1426 2103 tumultus
1444 2079 1517 2113 per
1574 2083 1576 2085 ’

21 2123 151 2147 omnem
173 2113 348 2148 civitatem
365 2115 561 2159 vagabatur
584 2114 821 2158 inordinatus,
847 2120 884 2150 et
900 2116 1016 2151 cuncti
1040 2115 1239 2160 frequentes
1261 2114 1416 2149 domibus
1433 2123 1510 2149 sta-

21 2159 82 2194 tim
109 2159 357 2206 efficiebantur„
390 2161 660 2207 saeviebantque
687 2161 747 2197 isti
772 2161 809 2197 in
838 2162 967 2197 divites
985 2159 1170 2197 'crudelius
1196 2173 1296 2208 quam
1327 2161 1404 2208 ipse
1426 2161 1514 2196 foris

21 2204 199 2241 imminens
217 2207 338 2242 hostis.
385 2209 475 2243 Nam
495 2213 530 2243 et
549 2220 645 2255 opes,
668 2220 758 2256 quae
775 2208 812 2243 in
827 2209 985 2244 domibus
1001 2213 1131 2253 essent,
1157 2209 1326 2244 latronum
1344 2220 1439 2243 more
1459 2208 1516 2242 di-

20 2251 216 2298 ripiebant,
239 2257 277 2288 et
295 2265 519 2301 quoscunque
544 2255 690 2290 divitum
715 2255 966 2298 offendissent,
990 2268 1050 2291 eos
1073 2255 1271 2291 foedissime
1297 2255 1514 2300 iugulabant,

21 2306 59 2333 et
75 2299 112 2333 in
127 2299 223 2334 urbis
241 2300 368 2347 plateis
387 2302 523 2337 civilem
541 2303 742 2347 sauguinem
759 2302 857 2349 large
873 2303 1053 2348 effuseque
1067 2303 1284 2338 hauriebant.
1315 2301 1512 2337 Lectissimi

21 2351 120 2380 certe
137 2346 264 2381 civium
286 2352 322 2382 et
342 2354 511 2395 quotquot
535 2355 634 2384 erant
660 2350 697 2384 in
723 2350 810 2384 urbe
831 2350 1105 2396 conspectiores,
1129 2350 1167 2384 in
1193 2361 1235 2384 ea
1261 2349 1351 2384 mala
1377 2348 1514 2382 incide-

20 2396 122 2435 runt,
146 2405 188 2428 eo
208 2394 299 2439 quod
321 2395 418 2430 bonis
440 2396 667 2433 abundarent.
714 2396 772 2431 Ex
790 2396 846 2431 his
871 2408 975 2442 porro
1001 2396 1060 2430 alii
1082 2396 1197 2432 statim
1222 2395 1401 2442 popularis
1415 2395 1512 2435 insa,-

22 2439 102 2473 niae
119 2439 249 2486 impetu
271 2452 402 2486 poenas
426 2442 606 2478 dederunt.
655 2443 813 2486 Quorum
841 2448 954 2478 autem
975 2443 1089 2478 adhuc
1111 2444 1279 2478 incertum
1305 2447 1381 2477 erat
1402 2453 1511 2487 quae-,-

24 2496 101 2520 nam
121 2486 356 2522 futura'esset
372 2489 514 2524 fortuna
537 2489 630 2534 (etii
649 2489 785 2535 quidem
805 2489 1029 2536 deprehensis
1048 2490 1166 2536 plures
1179 2489 1310 2534 erant),
1333 2488 1378 2523 iis
1396 2487 1513 2522 tristi·-

23 2531 104 2567 tiam
122 2533 220 2568 vultu
247 2535 524 2579 praeferentibus
550 2535 640 2570 domi
666 2536 868 2571 manendum
890 2542 985 2578 erat,
1012 2537 1280 2583 cavendumque,
1300 2547 1346 2570 ne
1366 2535 1450 2580 quid
1475 2534 1512 2571 iu

21 2579 98 2613 foro
125 2585 187 2614 aut
211 2580 363 2616 theatris
390 2582 491 2628 paulo
517 2583 684 2618 audacius
710 2583 1008 2629 proloquerentur.
1056 2584 1175 2628 (VII.)
1206 2586 1324 2628 Atque
1348 2581 1400 2616 illi
1426 2593 1512 2627 prae

23 2630 116 2659 metu
138 2627 299 2662 fortassis
320 2628 505 2664 exanimati
525 2634 661 2671 essent,
685 2630 755 2664 nisi
771 2641 830 2664 eos
850 2642 932 2676 spes
949 2631 1114 2676 quaedam
1136 2630 1222 2665 foris
1239 2630 1283 2664 ab
1303 2628 1513 2674 imperatore

21 2671 244 2709 advenientes
271 2674 315 2710 ad
342 2676 579 2711 confidendum
605 2676 822 2719 erexissent,
857 2688 1041 2722 eorumque
1067 2676 1230 2712 iudicium
1261 2675 1307 2710 ad
1329 2675 1512 2710 sanitatem

22 2725 255 2754 revocassent.
299 2721 377 2756 Eae
405 2723 498 2757 enim·
521 2723 616 2758 solae
642 2723 823 2758 iucundum
850 2723 1055 2758 videbantur
1081 2735 1123 2759 eo
1146 2727 1301 2768 tempore
1322 2721 1513 2756 laborantis

20 2763 166 2818 rationis
188 2766 450 2804 adminiculum:
474 2775 579 2816 atque
600 2769 658 2804 hic
683 2770 771 2804 lenis
788 2770 890 2816 quasi
907 2770 1093 2816 Zephyrus
1118 2781 1236 2805 eorum
1262 2780 1364 2803 curas
1384 2768 1511 2814 despef·

22 2811 148 2864 rati-oni
166 2813 352 2865 'proximas
377 2815 538 2857 levabat,
562 2819 599 2851 et
623 2816 791 2862 quendam
818 2816 929 2851 veluti
954 2817 1094 2851 odorem
1120 2815 1320 2851 securitatis
1342 2815 1522 2862 spirabat,

22 2857 101 2891 Etsi
121 2868 210 2893 emm
230 2871 312 2906 spes
331 2860 413 2898 illae
439 2861 603 2899 videntur
624 2862 809 2910 aliquando
837 2862 964 2906 socium
989 2863 1120 2900 habere
1141 2862 1376 2905 mendacium,
1407 2866 1445 2898 at
1468 2873 1509 2902 ea
