1794 3172
274 151 409 206 1092
722 155 1042 203 NICEPHORI
1071 155 1398 205 GREGORAE

50 273 93 311 A.
112 274 159 310 Μ.
179 265 477 326 6859εἲρῆσεται
504 265 582 311 κάκ
609 268 695 310 τῶν
717 263 855 311 ἄλλων
877 271 1022 326 σοφῶν
1046 269 1115 312 καὶ
1138 267 1267 313 θείων
1293 271 1370 325 τῆς
1393 267 1608 325 ἐκκλησίας
1635 267 1753 325 ἡμῶν

117 321 533 405 Ῑηᾱ·41)διδασκάλων
562 334 669 379 κατὰ
700 340 867 393 πλῆθος
894 337 948 381 τὰ
975 336 1259 396 παραπλήσια.
1307 337 1438 390 ἔξεστι
1470 338 1514 382 δ’
1538 334 1611 383 οὖν
1642 337 1756 395 ὅμως

271 407 350 452 κάκ
370 404 530 450 τούτοιν
560 405 778 463 ἐπιγνῶναι
797 411 874 463 τῆς
896 409 1141 465 συμφωνίας
1161 408 1209 452 τὸ
1237 405 1479 465 κράτιστον,
1514 406 1569 459 ὥς
1587 409 1651 451 ἐπὶ
1680 413 1756 465 τῆς

272 475 406 533 ἁπλῆς
426 477 495 519 καὶ
512 476 634 527 θείας
658 475 802 527 οὗσιάς
828 476 982 521 ταῦτὸν
1001 476 1102 521 εἶναι
1127 478 1234 536 πρὸς
1261 476 1427 522 πάντων
1451 476 1555 534 ὁμοῦ
1589 495 1751 536 μαρτυ-

273 553 401 605 ρεῖται
411 579 425 601 ,
461 549 544 590 τῶν
563 562 607 589 τε
627 543 822 603 θύραθεν
841 548 908 590 καὶ
932 551 1016 590 τῶν
1036 547 1141 591 καθ’
1166 546 1278 605 ἡμᾶς
1297 545 1553 606 σοφωτάτων
1573 547 1782 606 ἆνδρῶν,5

227 607 230 611 ⁸
268 615 395 659 οὐσία
425 632 470 659 τε
508 616 578 659 καὶ
608 615 797 674 ἐνέργεια.
852 617 937 660 ἐπεὶ
966 618 1104 661 τοίνυν
1136 618 1179 669 ἒς
1203 617 1251 662 τὸ
1282 615 1585 676 ἀναμφίλεκτόν
1611 635 1655 661 τε
1687 620 1756 660 καὶ

235 685 578 745 Εᾶναντίρῥητον
605 686 788 736 ἐπιεικῶς
817 684 916 743 ἡμῖν
939 687 1138 731 δέδεικται
1157 687 1204 732 τὸ
1227 679 1461 745 ἀδιαίρετόν
1484 705 1527 731 τε
1549 688 1616 731 καὶ
1636 685 1757 731 ἀδιά-

274 772 408 814 φορον
438 759 515 811 τῆς
544 754 689 806 οὐσίας
712 757 781 799 καὶ
801 756 1000 815 ἐνεργείας
1021 758 1085 800 ἐπὶ
1112 762 1188 814 τῆς
1208 758 1328 807 θειάς
1347 759 1415 800 καὶ
1438 755 1570 814 ἁπλῆς
1594 755 1757 816 φύσεως

271 822 552 881 πανταχόθεν,
584 824 681 883 φέρε
699 824 778 869 κάκ
796 830 872 882 τῆς
888 824 1073 882 μονάδος
1091 829 1158 870 καὶ
1181 830 1256 870 τοῦ
1277 824 1367 877 ἑνὸς
1394 829 1462 871 καὶ
1482 831 1557 871 τοῦ
1588 827 1755 884 ἀγαθοῦ

275 894 351 952 τὴν
372 898 448 951 τῆς
469 894 613 945 οὐσίας
635 896 703 937 καὶ
733 896 932 953 ἐνεργείας
960 894 1197 953 ταύτότητα
1218 897 1412 952 δείξωμεν
1434 892 1561 948 αὖθις
1587 895 1752 952 ὅμοίως.
1769 908 1794 943 14

273 962 450 1021 »πάντα
461 963 513 1007 τὰ
528 963 629 1007 ὄντα
648 968 708 1023 τῷ
728 963 790 1008 ἔνι’
807 966 917 1009 ἐστιν
936 965 1083 1021 &wast
1096 968 1237 1025 φησὶν,
1262 965 1378 1020 »ὅσα
1390 984 1434 1011 τε
1453 966 1629 1026 πρώτως
1648 969 1758 1010 ἐστὶν

275 1033 378 1078 ὄντα
408 1035 476 1077 καὶ
506 1031 586 1077 ὅσα
616 1031 806 1078 ὁπωσοῦν
838 1035 994 1091 λέγεται
1024 1037 1067 1080 ἓν
1099 1044 1186 1088 τοῖς
1214 1031 1331 1081 οὖσιν
1361 1035 1474 1081 εἶναι.
1527 1039 1572 1080 τί
1595 1037 1674 1094 γὰρ
1706 1035 1758 1080 ἂν

584 1100 641 1119 ἱ(ἱ
701 1103 713 1119 ³

276 1105 344 1147 καὶ
363 1103 424 1159 εἴη
435 1136 449 1158 ,
488 1104 523 1146 εἲ
541 1121 600 1160 μη
621 1121 663 1147 εν
683 1105 770 1160 εἴης
807 1105 967 1162 ἐπείπερ
989 1105 1290 1164 ἀφαιρεθέντος
1312 1111 1388 1150 τοῦ
1411 1105 1500 1157 ἑνὸς
1509 1140 1523 1161 ,
1554 1107 1629 1151 οὐκ
1649 1106 1758 1150 ἔστιν

232 1175 265 1212 F
278 1174 433 1216 ε’κεῒνα·
470 1171 565 1216 οὔτε
584 1173 663 1231 γὰρ
686 1174 888 1232 στρατὸς,
919 1174 1013 1219 οὕτε
1027 1176 1177 1234 χορὸς,
1215 1178 1249 1219 εἷ
1264 1174 1324 1232 μή
1344 1177 1429 1220 ἐστι
1451 1176 1499 1220 τὸ
1522 1177 1575 1221 ἕν.
1615 1178 1682 1220 καὶ
1705 1176 1755 1232 δὴ

274 1244 345 1286 καὶ
363 1242 417 1286 τὰ
435 1246 520 1286 τῶν
538 1246 682 1300 φυτῶν
700 1245 766 1287 καὶ
791 1242 904 1297 ζώων
923 1243 1122 1300 σώματα,
1153 1247 1189 1288 εἲ
1209 1243 1346 1303 φεύγει
1370 1245 1418 1289 τὸ
1448 1243 1492 1290 (ἐν
1515 1248 1571 1297 εἷς
1591 1250 1756 1301 πλῆθος
1768 1255 1794 1291 12

274 1309 563 1368 θρυπτόμενα,
594 1311 671 1369 τὴν
690 1313 834 1357 οὐσίαν
856 1313 994 1358 αῧτῶν
1013 1313 1065 1371 ἣν
1086 1313 1188 1371 εἶχεν
1209 1313 1442 1369 ἀπώλεσεν,
1475 1315 1550 1373 οὐκ
1570 1315 1627 1359 ἔτι
1654 1315 1756 1359 ὄντα

276 1380 305 1425 ἃ
333 1377 398 1438 ἦν.
443 1380 556 1433 ὅστις
588 1382 631 1425 δ’
663 1381 791 1426 οἴεται
833 1383 887 1427 τὰ
918 1383 1019 1427 ὄντα
1036 1381 1142 1442 τύχῃ
1166 1386 1235 1428 καὶ
1262 1388 1321 1444 τῷ
1342 1383 1568 1444 αὐτομάτῳ
1592 1387 1756 1429 διοικεῖ-

274 1455 406 1506 σθαι,
439 1453 507 1495 καὶ
534 1459 788 1508 σωματικαῖς
812 1453 1059 1510 συνέχεσθαι
1081 1455 1232 1505 αἰτίαις
1239 1488 1253 1509 ,
1292 1448 1415 1505 οὗτος
1435 1453 1578 1514 πόρῥω
1599 1453 1756 1511 eiffela&

275 1525 399 1565 λαται
430 1525 535 1564 θεοῦ
564 1523 633 1565 καὶ
661 1523 820 1573 ἐννοίας
851 1521 954 1574 ἑνός.
999 1523 1108 1582 εἴπερ
1132 1526 1199 1567 δεῖ
1215 1542 1255 1568 τι
1277 1523 1611 1582 αὐταρκέστατον
1637 1523 1752 1578 εἶναι,

121 1592 165 1628 P·
187 1592 257 1628 686
281 1591 328 1635 τὸ
347 1589 393 1635 (ἐν
416 1588 518 1635 εἶναι
537 1592 609 1636 δεῖ.
646 1589 782 1643 τόπος
806 1593 851 1635 δὲ
871 1592 1005 1644 οὐδεὶς
1024 1593 1167 1638 αὐτοῦ.
1214 1594 1262 1638 οὗ
1286 1593 1366 1652 γὰρ
1389 1596 1517 1637 δεῖται
1538 1592 1749 1652 ἱδρύσεως,
1765 1604 1794 1653 24

119 1663 165 1698 V.
180 1663 251 1701 553
277 1658 334 1712 ὥς
367 1658 470 1704 αὖτὸ
501 1660 638 1719 φέρειν
670 1661 730 1718 μὴ
762 1659 1014 1718 δυνάμενον·
1061 1661 1173 1718 τό,τε
1205 1661 1536 1722 ἱδρυθησόμενον
1573 1663 1753 1720 ἄψυχον,

277 1732 346 1776 καὶ
375 1729 495 1788 ὄγκος
524 1731 710 1790 πίπτων,
746 1730 818 1776 ἐὰν
842 1730 970 1791 μήπω
1004 1733 1176 1795 ἱδρυθῇ.
1233 1734 1364 1785 ἐνδεὲς
1387 1733 1493 1792 γὰρ,
1528 1735 1597 1778 καὶ
1627 1732 1755 1778 τόπον

277 1841 455 1889 quidpiam
478 1844 601 1878 nactus
622 1843 744 1888 fuero,
768 1844 869 1880 iuxta
888 1844 1093 1891 sapientium
1117 1848 1152 1880 et
1174 1845 1364 1881 divinorum
1391 1845 1560 1882 eeclesiae
1578 1844 1756 1880 doctorum

277 1889 500 1932 sententiam,
523 1890 667 1926 totidem
695 1895 732 1927 et
758 1891 882 1926 similia
909 1893 1022 1926 fusius
1048 1904 1227 1938 exponam.
1281 1893 1414 1927 Tamen
1443 1904 1487 1927 ex
1519 1904 1625 1938 supra
1652 1892 1755 1937 dictis

277 1936 553 1971 animadvertere
579 1936 682 1980 licet,
705 1938 742 1972 in
763 1950 829 1984 quo
862 1939 1048 1984 praecipue
1074 1939 1340 1985 sapientissimi,
1371 1943 1442 1973 tum
1467 1940 1561 1974 inter
1589 1939 1756 1973 ecclesiae

279 1982 440 2017 doctores
453 2007 465 2024 ,
488 1985 561 2018 tum
583 1984 676 2019 inter
697 1985 844 2029 gentiles
862 1985 1084 2031 philosophos
1097 2011 1106 2026 ,
1130 1986 1196 2019 viri
1217 1986 1444 2021 consentiant.
1482 1986 1650 2020 Nimirum
1669 1996 1757 2024 una-

279 2028 362 2063 nimi
386 2040 554 2064 consensu
580 2029 630 2064 illi
651 2042 766 2065 omnes
794 2035 986 2074 testantur,
1010 2032 1046 2066 in
1068 2031 1213 2078 simplici
1235 2045 1276 2067 ac
1303 2033 1423 2067 divina
1450 2033 1643 2067 substantia
1663 2031 1755 2066 idem

279 2087 358 2109 esse
376 2076 602 2111 substantiam
621 2088 662 2112 ac
681 2078 926 2123 operationem.
984 2078 1154 2120 Quoniam
1182 2079 1303 2126 itaque
1322 2079 1505 2114 indivisam
1532 2083 1566 2113 et
1594 2078 1755 2112 indistin-

279 2126 370 2156 ctam
390 2134 466 2157 esse
485 2123 527 2157 ab
547 2124 747 2168 operatione
766 2125 991 2161 substantiam
1009 2126 1046 2159 in
1066 2125 1184 2160 divina
1206 2133 1242 2161 et
1268 2126 1499 2172 undequaque
1524 2125 1671 2171 simplici
1692 2135 1756 2158 na-

277 2171 361 2202 tura
378 2168 594 2204 sufficienter
613 2170 936 2213 demonstravimus,
959 2172 1011 2206 ita
1027 2176 1067 2206 ut
1085 2173 1149 2207 hac
1167 2173 1211 2207 de
1225 2185 1263 2207 re
1284 2184 1379 2207 nemo
1398 2172 1559 2206 dubitare
1585 2176 1647 2206 aut
1672 2182 1756 2205 con-

277 2214 454 2249 tradicere
469 2217 599 2260 possit,
624 2217 769 2262 agedum
795 2228 837 2251 ex
862 2217 1124 2262 singularitate,
1148 2219 1303 2262 unitate,
1329 2231 1369 2254 ac
1388 2219 1565 2260 bonitate,
1588 2218 1755 2252 identita-
1781 2226 1786 2230 “

279 2262 349 2296 tem
369 2262 584 2297 substantiae
600 2267 636 2297 et
647 2263 858 2309 operationis
878 2264 996 2299 eadem
1016 2277 1137 2301 rursus
1153 2266 1287 2300 ratione
1307 2266 1586 2300 demonstremus.
1611 2264 1744 2306 „Omni

281 2306 420 2350 entia‚''
444 2308 576 2353 inquit,
600 2321 689 2354 „per
712 2310 877 2345 unitatem
906 2315 984 2346 sunt
1007 2312 1121 2354 entia,
1144 2316 1213 2347 tum
1234 2323 1460 2358 quaecunque
1482 2311 1643 2357 primario
1661 2310 1754 2345 exsi-

280 2357 398 2396 stunt,
420 2358 492 2388 tum
510 2366 733 2409 quaecunque
751 2357 867 2402 aliqua
886 2358 1019 2393 ratione
1043 2359 1181 2394 entibus
1198 2359 1312 2394 inesse
1332 2358 1502 2393 dicuntur.
1547 2357 1641 2399 Quid
1663 2357 1753 2392 enim

281 2400 476 2443 exsisteret,
499 2401 566 2435 nisi
589 2413 691 2436 unum
712 2405 831 2438 esset?
864 2405 1137 2451 quandoquidem
1162 2406 1296 2440 sublata
1322 2404 1476 2447 unitate,
1501 2404 1562 2439 illa
1582 2416 1650 2439 non
1680 2405 1752 2438 am-

280 2447 374 2494 plius
400 2447 618 2483 exsisterent.
673 2449 764 2484 Nam
787 2461 899 2496 neque
927 2452 1100 2487 exercitus
1126 2463 1237 2498 neque
1269 2452 1394 2486 chorus
1420 2455 1535 2493 esset,
1569 2451 1637 2485 nisi
1660 2452 1754 2484 esset

281 2494 409 2529 unitas.
457 2494 551 2536 Quin
574 2494 673 2529 immo
695 2496 886 2542 plantarum
913 2501 950 2532 et
970 2498 1162 2533 animalium
1181 2510 1350 2544 corpora,
1373 2498 1402 2532 si
1429 2498 1594 2533 unitatem
1619 2498 1755 2541 effuge-

281 2545 361 2575 rent
376 2540 412 2575 in
428 2540 675 2576 multitudinem
697 2544 920 2587 comminuta,
944 2545 1166 2580 substantiam
1186 2556 1293 2588 suam,
1313 2556 1412 2591 quam
1437 2545 1623 2586 habebant,
1653 2542 1754 2577 amit·
1788 2544 1791 2545 ’

281 2591 421 2630 terent3
445 2600 510 2623 nec
534 2592 652 2622 essent
674 2600 762 2634 quae
788 2589 883 2635 prius
903 2595 1014 2626 erant.
1071 2591 1238 2637 Quisquis
1266 2597 1378 2626 autem
1399 2591 1543 2625 fortuito
1564 2602 1605 2624 ac
1624 2594 1755 2627 temere

283 2633 374 2669 hanc
391 2645 505 2669 rerum
523 2634 783 2670 universitatem
799 2637 983 2680 gubernari
1004 2640 1040 2673 et
1056 2638 1290 2684 corporalibus
1316 2637 1485 2673 contineri
1504 2637 1616 2671 causis
1635 2634 1755 2670 existi-

282 2683 373 2723 mat,
394 2680 425 2714 is
440 2692 462 2715 a
477 2681 552 2716 Deo
575 2685 613 2716 et
630 2682 673 2717 ab
691 2682 834 2716 unitatis
853 2683 931 2718 idea
953 2684 1151 2729 longissime
1172 2688 1322 2719 remotus
1348 2690 1411 2719 est.
1456 2683 1632 2729 Siquidem
1651 2691 1755 2727 opor-

280 2729 334 2761 tet
350 2726 524 2773 quidpiam
547 2739 624 2763 esse
650 2739 713 2774 per
727 2739 766 2762 se
785 2728 850 2763 sibi
869 2730 1190 2765 sufficientissimum
1202 2756 1212 2773 ,
1235 2732 1301 2766 hoc
1323 2731 1371 2765 sit
1393 2741 1497 2765 unum
1528 2741 1670 2764 necesse
1688 2730 1754 2767 esu

279 2772 396 2807 Huius
411 2785 494 2808 vero
513 2773 610 2809 locus
633 2774 746 2809 nullus
775 2780 841 2810 est.
886 2776 964 2811 Nec
982 2777 1070 2812 enim
1089 2778 1173 2812 sede
1190 2777 1346 2823 indiget,
1368 2776 1469 2823 quasi
1490 2788 1529 2811 se
1549 2775 1657 2821 ipsum
1678 2785 1754 2809 sus-

280 2818 393 2854 tinere
420 2831 487 2855 non
515 2823 649 2867 posset3
673 2821 953 2867 quemadmodum
970 2835 1032 2858 ens
1049 2823 1283 2866 inanimatum,
1307 2824 1399 2870 quod
1417 2822 1564 2858 certain
1582 2822 1666 2856 sede
1682 2820 1752 2855 col-
1773 2860 1775 2863 ¹

280 2864 390 2903 locari
404 2866 529 2913 debet;
552 2870 590 2905 et
605 2867 709 2906 moles
726 2879 816 2916 quae
831 2869 985 2916 caderet,
1008 2870 1076 2906 nisi
1092 2870 1188 2908 firma
1207 2870 1244 2907 in
1257 2870 1339 2913 sede
1352 2870 1595 2913 collocaretur.
1616 2867 1754 2913 Indiget
