1794 3172
336 140 657 195 HISTORIAE
687 147 1062 193 BYZANTINAE
1088 146 1298 195 X111.1o.
1460 141 1560 191 673

70 254 142 316 ἧκε
162 260 267 316 μετὰ
278 260 422 318 ’βραχὺ
444 261 511 303 καὶ
533 259 554 303 ὃ
576 260 771 314 βασιλεὺς
791 261 835 302 ἐκ
855 257 1073 317 Βεῤῥοίας,
1098 263 1182 303 τῶν
1204 259 1290 302 ε’κεῒ
1301 256 1558 317 πραγμάτων
1581 267 1670 303 A.C.
1691 263 1784 303 1343

70 331 292 389 ἐπίτροπον
321 330 392 374 τὸν
416 331 506 374 υἱὸν
537 329 842 380 καταλελοιπὼς
869 327 1080 384 ΖΠανουήλ
1098 343 1108 353 ·
1146 327 1192 379 ὃς
1218 327 1313 386 ἄρτι
1334 316 1784 398 καθ”ἧλι-Ῑωῗᾶεᾞξῶ

70 401 162 443 κίαν
180 400 253 444 τὸν
274 400 431 458 ἔφηβον
461 399 764 459 παραλλάττων
776 433 790 453 ,
830 400 897 442 καὶ
927 396 1054 454 μήπω
1077 400 1184 455 μηδὲ
1205 398 1278 442 τὸν
1297 403 1464 457 πρῶτον
1483 394 1598 443 ‹iv-'c

68 468 212 525 θήσας
233 470 373 513 ἴουλον
395 471 437 512 ἓν
453 478 550 520 *ταῖς
568 477 775 528 παρειαῖς,
812 468 1088 526 πρεσβυτικὴν
1113 469 1156 511 ἓν
1171 473 1224 527 τῇ
1245 473 1363 528 ψυχῇ
1384 469 1460 526 τὴν
1482 468 1560 513 σύ-

5 589 10 593 ,
34 550 58 586 5
72 556 180 583 νεσιν
212 539 354 599 ἔβοσκε
388 541 455 583 καὶ
490 539 578 595 ἅμα
614 544 672 598 τῷ
694 540 820 597 πατρὶ
842 538 948 596 πρὸς
967 545 1059 588 ταῖς
1078 535 1314 598 ὑπερορίοις
1342 541 1411 582 καὶ
1431 537 1558 583 ὑπαί-

69 613 194 666 θροις
229 611 563 667 στρατοπεδείαις
602 609 744 667 μακρὰ
787 605 1168 666 συγκακοπαθήσας
1216 609 1322 667 πρὸς
1358 610 1556 668 λαμπρὰν
1566 618 1686 657 v.341

68 683 145 734 τῆς
163 683 438 737 στρατηγικῆς
458 680 666 736 ἐμπειρίας
683 676 957 736 γεγύμνασται
979 677 1152 734 ἄσκησιν
1167 692 1177 702 ·
1212 681 1280 722 καὶ
1300 678 1361 722 δι’
1392 678 1496 724 αὐτό
1514 681 1562 737 γε’

68 765 133 791 τοι
157 750 272 792 τουτὶ
295 748 372 805 τὴν
395 753 472 804 τῆς
502 746 699 804 τοιαύτης
721 743 878 798 πόλεως
899 746 920 791 ὃ
942 748 1139 803 βασιλεὺς
1156 750 1224 791 καὶ
1252 749 1390 808 πατὴρ
1415 751 1556 793 ε’πεπι-

68 816 225 861 στεῦκει
247 817 473 875 ἐπιτροπὴν
481 852 494 873 ,
533 818 559 875 ἢ
582 820 727 876 κρηπὶς
745 820 812 861 καὶ
831 818 923 876 ῥίζα
943 818 1047 868 τέως
1064 818 1178 877 αὐτῷ
1203 823 1279 875 τῆς
1300 819 1343 862 ἐκ
1364 819 1450 863 τῶν
1464 838 1552 876 χει-
1565 828 1600 863 D

10 898 55 933 10
68 885 200 944 ρόνων
232 889 274 939 ἒς
305 888 383 939 τὰς
414 890 604 943 βελτίους
629 886 757 944 τύχας
785 888 961 944 κατέστη
993 892 1241 945 μεταβολῆς.
1281 887 1391 933 οὕτω
1411 892 1552 934 τοίνυν

63 958 204 1001 ἐλθών
220 958 264 1001 ἐκ
285 958 492 1017 Βερῤοίας
513 957 534 1003 ὃ
555 958 770 1014 βασιλεὺς,
812 959 881 1001 καὶ
901 957 1010 1016 ἀμφὶ
1029 957 1128 1009 τούς
1149 963 1224 1014 τῆς
1248 961 1556 1017 Θεσσαλονίκης

63 1027 217 1085 ἀγροὺς
261 1033 320 1088 τῷ
356 1031 432 1083 τῆς
459 1032 670 1087 Περσικῆς
713 1026 926 1083 δυνάμεως
953 1028 1226 1085 ἐντετυχηκώς
1253 1027 1420 1086 ἡγεμόνι
1430 1063 1445 1084 ,
1482 1033 1555 1074 καὶ

65 1095 366 1152 ἀσπασάμενος
390 1098 444 1140 τὰ
465 1097 618 1153 εἰκότα,
652 1100 743 1156 περὶ
776 1102 861 1142 τῶν
892 1098 1108 1156 πρακτέων
1142 1098 1271 1158 ἄμφω
1304 1099 1412 1143 κατὰ
1441 1105 1556 1158 σφᾶς

61 1165 344 1221 ἐβουλεύοντο.
426 1169 516 1230 (Γ.)
555 1173 656 1220 Τοῖς
676 1185 720 1226 γε
753 1168 838 1225 μὴν
866 1170 1231 1223 Θεσσαλονικεῦσι,
1270 1174 1415 1225 τειχῶν
1438 1170 1556 1222 ἐντὸς

5 1247 50 1282 15
63 1241 365 1294 συγκλεισθεΐσι
387 1239 492 1296 μετὰ
516 1243 601 1283 τῶν
623 1239 824 1294 ποιμνίων
842 1240 909 1281 καὶ
928 1240 1172 1293 βουκολίων,
1211 1238 1352 1290 αὗτοΐς
1372 1257 1415 1283 τε
1436 1241 1552 1284 ἐστε-

60 1314 279 1364 νοχωρεῖτο
310 1310 364 1352 τὰ
395 1307 602 1366 ἐπιτήδεια
636 1310 704 1352 καὶ
724 1316 812 1360 τοῖς
831 1306 993 1365 ἀλόγοις
1018 1306 1134 1362 ζώοις
1157 1309 1276 1365 -χιλός
1309 1309 1384 1353 οὗκ
1404 1305 1479 1367 ἦν·
1519 1309 1592 1354 ἃΕ

59 1377 113 1433 δὴ
146 1379 214 1420 καὶ
242 1379 350 1421 καθ’
385 1378 543 1438 ἡμέραν
572 1378 680 1423 ἄλλα
698 1378 766 1421 ἐπ’
801 1378 943 1430 ἄλλοις
961 1378 1154 1433 ἔπιπτον,
1193 1381 1261 1423 καὶ
1282 1379 1330 1423 τὸ
1356 1381 1549 1424 ἐντεῦθεν

60 1448 243 1498 δυσῶδες
263 1455 397 1493 νοσεῖν
424 1447 695 1508 παρεσκεύαζε
716 1448 790 1492 τὸν
817 1448 942 1506 ἀέρα·
978 1447 1058 1507 ὑφ’
1088 1443 1145 1493 ὧν
1164 1449 1415 1505 ἀχθομένοις
1432 1451 1550 1494 συνέ-

56 1520 173 1571 βαινε
213 1517 445 1573 στασιάζειν
476 1523 677 1578 λαμπρῶς
705 1525 793 1570 τοῖς
825 1519 1023 1570 πολίταις.
1072 1517 1135 1570 οἷς
1162 1520 1238 1575 μέν
1277 1520 1355 1577 γὰρ
1386 1518 1551 1576 κτήσεις

0 1581 168 1641 Ξοῆσαν
199 1586 356 1645 ἀγρῶν,
409 1589 624 1646 ἄχθεσθαι
663 1590 781 1645 ἐνῆν,
831 1593 915 1632 τῶν
945 1588 1082 1647 ἀγρῶν
1106 1589 1368 1647 δῃουμένων·
1413 1587 1475 1640 οἷς
1498 1589 1545 1633 δ’

59 1655 199 1712 ἀγέλαι
232 1660 457 1713 ποιμνίων,
506 1661 573 1702 καὶ
605 1655 721 1715 ζεύγη
751 1662 887 1712 βοῶν,
935 1660 1004 1701 καὶ
1036 1657 1171 1703 ὁπόσα
1188 1663 1272 1703 τῶν
1290 1657 1547 1717 ἀχθοφόρων

60 1723 197 1780 ζώων,
238 1726 439 1772 ἀνιᾶσθαι
472 1729 683 1784 συνέβαινε
715 1729 785 1770 καὶ
809 1728 972 1781 αὐτοῖς,
1011 1726 1118 1772 αὗτά
1145 1746 1188 1772 τε
1211 1728 1436 1784 θεωμένοις
1455 1732 1582 1786 εἰκῆιῑῢ

56 1794 316 1853 ’φθειρόμενα
352 1800 420 1842 καὶ
470 1797 636 1856 ἀθρόας
683 1797 759 1848 τὰς
799 1796 871 1841 ἐπ’
908 1797 1050 1849 αὐτοῖς
1082 1799 1250 1850 ἐλπίδας
1276 1797 1548 1855 θνησκούσας

57 1864 210 1910 αὐτῶν.
250 1864 312 1918 οἷς
331 1869 357 1911 δ
365 1867 379 1884 ’
401 1866 607 1925 ἡλικιῶτις
637 1862 689 1926 ἦν
717 1865 881 1924 ἦπενία
915 1869 984 1914 καὶ
1013 1868 1061 1913 τό
1084 1873 1242 1928 κοῦφον
1275 1872 1351 1913 τοῦ
1373 1870 1469 1923 βίου
1494 1869 1546 1914 τὸ

147 1979 204 2015 10.
226 1981 431 2027 μεταβολῆς
453 1979 554 2016 Boiv.
578 1991 643 2027 pro
666 1977 863 2027 μεταβολή.

54 2071 102 2106 sis
124 2072 197 2107 dux
219 2073 454 2116 substitisset,
477 2073 575 2109 venit
592 2073 636 2108 ad
657 2085 732 2108 eum
747 2074 850 2120 paulo
868 2075 948 2120 post
964 2075 1000 2108 et
1019 2072 1209 2120 imperator
1225 2072 1403 2109 Berrhoea
1420 2067 1542 2120 egres-⁹

54 2131 123 2161 sus,
141 2121 302 2167 mapdata
321 2121 474 2155 Manueli
490 2121 562 2155 filio
577 2130 690 2155 rerum
707 2121 1010 2156 administratione.
1043 2120 1115 2163 Q'ui
1134 2132 1208 2155 cum
1226 2125 1342 2156 aetate
1357 2121 1416 2155 vix
1431 2123 1540 2168 ephe-

53 2165 132 2200 bum
158 2167 361 2207 excederet,
385 2179 449 2201 nec
470 2167 548 2202 dum
569 2168 678 2203 malae
695 2168 809 2214 prima
826 2168 987 2214 lanugine
1005 2167 1190 2210 florerent,
1214 2167 1354 2202 senilem
1372 2168 1409 2202 in
1427 2169 1540 2203 animo

51 2212 167 2248 alebat
184 2214 413 2259 prudentiam,
434 2218 470 2248 et
489 2214 586 2249 simul
604 2226 679 2249 cum
698 2220 797 2260 patre
814 2215 1025 2261 longinquae
1043 2226 1085 2249 ac
1105 2214 1272 2249 subdialis
1289 2214 1433 2250 militiae
1451 2215 1541 2250 mala

49 2258 110 2294 diu
130 2271 316 2306 perpessus
335 2261 514 2307 praeclaro
543 2274 606 2296 usu
624 2262 667 2296 ad
685 2261 876 2307 imperandi
896 2261 1112 2307 disciplinam
1133 2262 1344 2296 exercitatus
1362 2266 1458 2305 erat3
1483 2267 1538 2297 at-

50 2317 118 2351 que
135 2308 179 2342 ob
196 2308 233 2342 id
253 2308 360 2354 ipsum
382 2308 414 2342 ei
434 2308 619 2354 imperator
635 2320 677 2343 ac
695 2314 797 2354 pater
814 2308 906 2342 illius
923 2309 1018 2343 urbis
1035 2308 1189 2354 r'egimen
1208 2308 1425 2351 crediderat,
1450 2320 1540 2354 quae

48 2351 119 2398 ipsi
147 2354 312 2389 hactenus
338 2355 591 2390 fundamentum
618 2367 659 2389 ac
681 2355 783 2390 radix
808 2356 923 2390 fuerat
948 2356 1108 2390 fortunae
1131 2356 1168 2390 in
1195 2355 1315 2390 melius
1340 2355 1539 2390 mutandae.

50 2400 137 2434 Cum
153 2400 273 2446 itaque
293 2401 373 2436 inde
392 2402 600 2437 excessisset
620 2402 820 2448 imperator,
845 2407 882 2437 et
899 2402 992 2437 circa
1008 2402 1279 2437 Thessalonicae
1297 2413 1434 2448 campos
1451 2403 1543 2437 Per-

49 2445 113 2480 sici
134 2448 308 2483 exercitus
328 2448 449 2482 ducem
470 2449 683 2491 offendisset,
709 2461 854 2494 eumque
873 2452 912 2482 ut
931 2460 997 2494 par
1015 2454 1091 2483 erat
1109 2449 1314 2491 salutasset,
1340 2450 1438 2483 ambo
1455 2448 1541 2494 quid

47 2492 141 2527 facto
161 2505 247 2540 opus
271 2496 363 2529 foret
381 2495 471 2530 inter
490 2508 528 2530 se
547 2496 792 2531 deliberarunt.
843 2496 946 2540 (ΙΙΙ.)
971 2496 1302 2531 Thessalonicenses
1321 2501 1448 2536 autem,
1464 2507 1541 2530 cum

47 2539 213 2585 gregibus
239 2546 343 2587 atque
364 2543 527 2577 armentis
548 2543 641 2577 intra
658 2554 772 2577 muros
793 2543 963 2585 conclusi,
988 2548 1023 2577 et
1041 2543 1111 2589 ipsi
1129 2554 1243 2577 rerum
1268 2541 1541 2577 necessariarum

46 2587 192 2631 penuria
210 2587 425 2630 laborabant,
451 2595 486 2624 et
503 2589 625 2624 bestiis
646 2589 778 2632 deerat,
800 2600 867 2635 quo
888 2589 1075 2624 alerentur.
1124 2589 1225 2630 Quae
1245 2600 1320 2623 cum
1339 2589 1541 2634 frequentes

46 2633 200 2677 quotidie
222 2635 399 2677 caderent,
424 2641 462 2670 et
484 2639 575 2671 teter
591 2635 673 2670 inde
694 2636 779 2671 odor
797 2638 911 2670 aerem
929 2635 1155 2682 corrupisset,
1174 2636 1255 2670 hinc
1271 2636 1400 2670 factum
1417 2640 1482 2677 est,
1499 2639 1540 2669 ut

46 2690 121 2713 cum
140 2679 176 2714 id
197 2681 292 2716 cives
312 2693 418 2727 aegre
433 2682 585 2725 ferrent,
610 2687 733 2729 aperta
751 2683 877 2717 seditio
897 2683 1058 2718 oriretur.
1105 2683 1242 2724 Quibus
1262 2682 1351 2716 enim
1367 2682 1440 2717 ruri
1457 2686 1540 2728 pos·-

45 2725 216 2761 sessiones
234 2732 352 2770 erant,
375 2728 419 2762 iis
438 2740 542 2776 agros
560 2730 695 2764 vastari
718 2741 826 2775 grave
847 2734 934 2764 erat.
981 2730 1052 2764 Sed
1073 2733 1109 2763 et
1129 2729 1187 2775 qui
1208 2729 1377 2774 pecudum
1398 2740 1538 2774 greges,

44 2776 81 2805 et
100 2772 199 2806 boum
218 2773 325 2819 iuga,
349 2779 385 2809 et
402 2775 552 2811 iumenta
576 2776 644 2810 alia
663 2776 838 2821 quaelibet
854 2777 1048 2819 habebant,
1073 2776 1100 2810 ii
1121 2787 1258 2822 quoque
1281 2775 1439 2810 molestia
1458 2774 1538 2809 affi-

44 2818 248 2863 ciebantur,
273 2832 348 2855 cum
370 2825 405 2856 et
423 2822 556 2857 illarum
581 2834 694 2857 rerum
715 2823 831 2858 iacere
851 2824 1029 2858 confusam
1049 2826 1224 2868 stragem,
1248 2825 1285 2857 et
1302 2833 1383 2856 suas
1404 2822 1448 2856 de
1468 2821 1538 2856 illis

43 2876 124 2910 spes
143 2865 243 2902 simul
262 2878 378 2903 omnes
394 2867 572 2905 intermori
595 2869 765 2905 viderent.
814 2869 951 2913 Quibus
970 2875 1085 2906 autem
1104 2881 1231 2905 coaeva
1251 2872 1441 2917 paupertas
1458 2868 1536 2904 ino-
