1794 3172
366 124 687 178 HISTORIAE
715 132 1087 178 BYZANTINAE
1115 130 1232 177 XVI.
1261 133 1301 178 4.
1473 126 1575 175 813

93 238 362 288 εἶποῦσακαὶ
393 243 469 299 τὴν
497 248 572 286 τοῦ
599 243 691 286 υἱοῦ
716 242 940 298 μαλάξασα
972 240 1138 300 γνώμην
1161 240 1188 297 ’ἦ
1217 242 1382 294 βασιλὶς
1397 239 1567 298 Εἴρῆνη,
1591 250 1683 301 ³²7⁰·
1699 246 1787 291 1347

93 311 350 372 καῒσᾳόδρα
379 319 467 362 τοῖς
500 313 660 362 οἷκείοις
691 311 937 367 πειθόμενον
956 314 1123 362 δείξασα
1154 309 1314 367 λόγοις,
1335 313 1414 353 ’καὶ
1436 297 1787 376 rfflllalmgclssffsn‘

92 380 230 425 πάνθ’
244 415 258 435 ,
293 380 425 425 ὁπόσα
452 382 515 423 ἐπὶ
539 379 701 432 τούτοις
716 381 871 438 χρεὼν,
904 381 953 424 οὗ
972 379 1087 435 μάλα
1105 387 1273 435 συχναῖς
1289 387 1383 430 ταῖς
1396 377 1569 436 ἡμέραις

91 455 228 501 καλῶς
247 450 554 505 διαπραξαμένη
566 483 580 502 ,
617 449 793 505 τάχιστα
812 451 855 500 ἐς
875 447 1100 503 Βυζάντιον
1118 447 1282 507 ἐπανῄει
1298 462 1308 472 ·
1326 476 1328 478 -
1343 448 1565 492 κάνταῦθα

60 520 168 576 5τὴν
187 525 263 563 τοῦ
295 519 415 569 υῗέως
441 523 710 574 μεμαθηκυῖα
738 519 927 575 τελευτὴν
956 518 1223 576 Ἀνδρονίκου·
1246 519 1338 561 λιάν
1366 517 1438 576 ἐφ’
1460 517 1564 561 -ixa-
1588 537 1596 564 2

90 595 182 639 ναῖς
202 588 426 643 ἐπένθησεν
444 585 627 644 ἡμέραις.
665 590 732 630 καὶ
750 593 885 631 ’ταῦτα
898 588 973 643 μὲν
991 588 1092 645 τῇδέ
1113 605 1169 643 πη
1194 587 1374 645 ἐφέρετο.

193 656 244 700 δ’.
286 657 409 701 Μετὰ
433 657 478 699 δέ
509 656 585 706 τὰς
606 661 681 699 τοῦ
705 656 954 714 Ἀρκτούρου
985 656 1177 706 ἐπιτολὰς
1206 656 1313 713 ἄρας
1339 657 1384 699 ἐκ
1401 657 1564 710 Βυζαν·ι
1580 658 1616 692 Α·
1630 658 1676 691 Μ·
1689 657 1783 696 6856

89 725 180 770 τίου
210 724 232 769 ὅ
260 725 456 781 βασιλεῦς
488 719 582 781 ἧκεν
604 727 645 776 ἐς
666 724 987 782 Διδυμότειχον,
1021 724 1295 780 συμβιβάσων
1313 727 1382 767 καὶ
1402 725 1603 784 &noxa-D
1621 706 1687 739 ιω·
1703 707 1724 742 ²

88 793 308 851 ταστῆσων
342 794 414 845 οὓς
445 792 471 850 ἦ
500 796 691 849 βασιλὶς,
723 793 781 845 ὥς
808 795 991 852 εἴρηται,
1029 792 1186 852 Εἰρήνη
1214 792 1428 851 θορύβους
1449 793 1563 852 ἔφθη

35 871 80 906 10
90 860 406 908 κατευνᾶσασα.Δ
429 865 496 906 καὶ
524 868 688 919 πρῶτον
708 865 784 919 μὲν
811 865 966 908 ἐκεῖθεν
992 863 1065 907 τὸν
1087 861 1344 920 πατριάρχην
1365 865 1561 919 ἐκβεβλη-
1570 865 1692 904 Ρ.512

89 933 171 984 κῶς
211 931 404 988 Ἰωάννην
442 934 484 975 ἐν
510 939 613 982 -τοῒς
646 934 878 986 Βυζαντίου
917 933 1091 991 ἀρχείοις
1132 933 1299 988 δέσμιον
1339 931 1564 989 ἐπεπόμφει

88 1007 388 1060 φρουρεῖσθαι,
416 1003 488 1044 ‘lm
507 1001 565 1057 μὴ
585 1009 672 1052 τοῖς
691 1003 776 1045 ἐκεῖ·
788 1009 1074 1059 νεωτερισμοῖς
1093 1000 1374 1058 συναράμενος
1390 1003 1462 1051 καὶ
1482 1000 1562 1044 αὔ-
1584 1022 1590 1048 5

87 1072 161 1122 τὰς
189 1072 381 1128 μεγίστης
418 1071 486 1113 καὶ
525 1072 772 1128 δυσεφίκτου
813 1079 901 1122 τοῖς
925 1073 1137 1127 δημοσίοις
1161 1071 1323 1128 γένηται
1348 1068 1562 1128 πράγμασι

86 1138 251 1197 βλάβης
289 1140 432 1190 αἴτιος.
483 1138 531 1190 ὃς
573 1141 641 1183 καὶ
678 1139 825 1197 μικρὸν
866 1140 1048 1195 ἐπιβιοῦς
1085 1141 1271 1184 ἐνταῦθα
1311 1138 1557 1196 ἐτελεύτησε,

30 1215 77 1254 ⁴15
91 1210 206 1253 πέντε
234 1211 304 1252 καὶ
334 1207 529 1264 ἐξήκοντα
545 1209 717 1265 γεγονὼς
745 1209 861 1267 ἐγγὺς
878 1209 948 1266 ἕτη
963 1223 974 1234 ·
999 1207 1332 1267 πατριαρχεύσας
1355 1209 1437 1264 -μέν
1467 1209 1564 1266 περί

86 1297 168 1322 που
201 1278 255 1322 τὰ
282 1280 669 1335 τεσσαρεσκαίδεκα·
706 1277 832 1334 ζήσας
860 1280 906 1322 δέ
928 1278 1034 1335 μετὰ
1053 1279 1130 1335 τὴν
1158 1280 1401 1336 καθαίρεσιν
1421 1283 1556 1334 μῆνας
1566 1283 1608 1318 V.
1619 1280 1687 1319 414

84 1349 200 1392 δέκα.
236 1343 288 1404 ἦν
305 1348 350 1391 δέ
370 1345 392 1390 ὖ
414 1347 518 1405 ἀνὴρ
539 1347 613 1403 τὴν
630 1348 707 1404 μέν
723 1346 883 1404 ἡλικίαν
902 1349 951 1392 οὗ
971 1346 1080 1392 πάνυ
1098 1346 1275 1404 εὐμήκης
1288 1347 1394 1403 ’,τὴν
1413 1348 1460 1390 δέ
1478 1351 1555 1401 τοῦΔ
1565 1353 1596 1388 Β

85 1415 310 1474 ’προσώπου
350 1417 463 1459 ἰδέαν
506 1415 615 1460 πάνυ
649 1416 886 1474 εὐσχήμων·
941 1415 1018 1474 τήν
1043 1435 1088 1461 τε
1126 1421 1313 1474 γλῶτταν
1345 1414 1557 1460 ἀκώλυτον

85 1485 190 1542 ἔχων
209 1487 252 1529 ἐν
269 1491 327 1545 τῷ
348 1486 495 1542 λέγειν·
531 1488 597 1529 καὶ
622 1485 805 1530 κανόνων
830 1488 1170 1543 ἐκκλησιαστικῶν
1197 1488 1265 1529 καὶ
1291 1483 1443 1540 νόμων,
1465 1483 1555 1528 ὅσοι
1583 1505 1588 1509 ’

28 1556 194 1601 ΞΟκατὰ
217 1556 293 1605 τὰς
323 1557 439 1605 δίκας
458 1557 720 1610 ῗχνηλατοῦσι
749 1556 824 1606 τὰς
847 1555 1135 1613 ἇναφυομένας
1163 1556 1205 1597 ἐν
1227 1562 1314 1604 τοῖς
1336 1558 1556 1603 πολιτικοῖς

86 1623 323 1681 πράγμασιν
341 1622 580 1667 ὑποθέσεων
589 1657 603 1677 ,
635 1623 744 1667 πάνυ
763 1642 827 1667 τοι
847 1624 1075 1680 ἠσκημένος
1100 1625 1145 1667 ἐκ
1170 1624 1275 1667 νέου.
1311 1627 1387 1678 τῆς
1403 1640 1446 1681 γε
1470 1621 1555 1679 μὴν

81 1691 321 1749 Ἑλληνικῆς
345 1694 530 1743 παιδείας
555 1692 603 1735 οὐ
637 1691 745 1735 πάνυ
773 1710 837 1736 τοι
857 1692 1023 1750 σφόδρα
1051 1693 1241 1748 μετέσχε,
1272 1691 1378 1748 πλὴν
1404 1690 1431 1747 ἢ
1454 1690 1553 1735 ὅσον

79 1762 199 1821 ’ἄκρῳ
221 1760 408 1821 δακτύλῳ
428 1759 671 1819 γεύσασθαι.
709 1761 937 1818 ἀνεπλήρου
957 1764 982 1805 δ
987 1761 1000 1778 ²
1023 1761 1135 1818 ὅμως
1154 1762 1202 1806 τὸ
1222 1763 1376 1804 ἐκεῖθεν
1397 1761 1592 1810 ἐλλιπέςθ

83 1829 113 1887 ἦ
140 1836 217 1888 τῆς
239 1821 410 1889 φύσεως,
427 1830 587 1887 ὀξύτης.
624 1829 733 1880 οὕτω
756 1831 836 1889 γὰρ
866 1822 1021 1889 εὐφυής
1042 1848 1085 1876 τε
1104 1832 1173 1890 καὶ
1190 1829 1365 1887 μνήμων
1385 1824 1461 1886 ἦν,
1496 1826 1553 1880 ὥς

83 1988 238 2031 mollivit,
260 1993 296 2024 et
314 1989 407 2024 dicto
425 1989 617 2024 audientem
637 1999 780 2034 prorsus
797 1989 928 2026 effecit.
962 1989 1098 2035 Itaque,
1120 1999 1198 2023 cum
1220 1991 1256 2023 et
1270 1990 1410 2022 caetera
1428 1985 1553 2028 omnia,

79 2047 175 2081 quae
195 2042 376 2081 praeterea
396 2036 590 2078 instabant,
613 2035 705 2070 intra
721 2048 787 2070 non
807 2036 933 2071 multos
953 2036 1028 2070 dies
1049 2035 1226 2080 praeclare
1246 2033 1457 2074 ordinasset,
1480 2033 1553 2079 By-

81 2083 232 2116 zantium
251 2093 352 2127 quam
368 2081 627 2127 diligentissime
641 2082 766 2117 rediit:
786 2083 845 2117 ubi
858 2081 1041 2118 Andronici
1055 2081 1118 2115 filii
1134 2081 1187 2115 sui
1204 2085 1378 2126 comperto
1394 2079 1551 2121 interitu,

82 2127 204 2164 diebus
219 2128 306 2163 luxit
322 2128 565 2174 compluribus.
611 2128 663 2163 Et
679 2128 764 2163 haec
783 2129 920 2174 quidem
936 2128 987 2164 ita
1000 2129 1109 2163 ferme
1125 2127 1367 2173 procedebant.

173 2174 210 2211 4.
232 2175 317 2209 Post
341 2174 482 2209 Arcturi
505 2179 618 2209 ortum
639 2174 846 2220 imperator,
873 2175 1044 2221 Byzantio
1071 2185 1249 2220 egressus,
1272 2172 1550 2218 Didymotichum

80 2221 199 2262 venit3
221 2226 262 2255 ut
277 2233 336 2255 eos
350 2221 535 2261 tumultus,
559 2233 647 2267 quos
664 2222 707 2256 ab
726 2221 943 2267 imperatrice
959 2221 1059 2256 Irene
1081 2221 1148 2255 iam
1174 2220 1305 2266 sopitos
1330 2218 1439 2254 fuisse
1461 2218 1551 2252 dixi-

79 2278 168 2308 mus,
191 2272 421 2313 componeret,
445 2271 481 2301 et
500 2279 557 2301 res
572 2268 608 2300 in
627 2267 797 2302 meliorem
812 2272 937 2302 statum
955 2272 1119 2302 verteret.
1152 2267 1245 2301 Hinc
1261 2272 1374 2300 autem
1391 2264 1450 2300 ille
1469 2269 1550 2300 ante

79 2314 192 2348 omnia
207 2314 365 2348 Ioannem
382 2313 609 2359 patriarcham
629 2313 751 2356 eiecit,
775 2318 812 2348 et
824 2314 1049 2360 Byzantium,
1079 2318 1119 2347 ut
1137 2313 1175 2347 in
1191 2313 1319 2359 palatio
1335 2311 1469 2346 vinctus
1485 2321 1552 2344 cu-

79 2360 282 2401 stodiretur,
303 2360 417 2401 misit3
439 2371 483 2394 ne
504 2365 540 2394 et
555 2360 631 2405 ipse
646 2360 882 2395 favensnovis
898 2361 1012 2403 rebus,
1059 2371 1125 2394 uae
1138 2359 1211 2394 illic
1228 2359 1419 2399 ciebantur,
1442 2356 1551 2391 maxi-

78 2417 169 2440 mum
187 2411 223 2440 et
242 2406 487 2440 intolerandum
513 2406 726 2452 reipublicae
748 2407 987 2442 detrimentum
1013 2417 1036 2441 a
1064 2410 1169 2441 erret.
1216 2407 1264 2440 At
1287 2405 1362 2445 hic,
1385 2413 1454 2437 non
1475 2401 1551 2436 lou-

80 2463 162 2496 gum
182 2463 226 2487 ex
244 2464 285 2487 eo
309 2453 346 2486 in
372 2452 447 2486 vita
472 2458 719 2494 commoratus,
742 2452 791 2487 ibi
815 2453 984 2495 decessit,
1008 2453 1158 2498 quinque
1176 2452 1285 2486 ferme
1310 2455 1345 2484 et
1366 2447 1550 2493 sexaginta

12 2504 15 2506 “
78 2509 188 2532 annos
202 2504 314 2540 natus,
336 2498 592 2544 quatuordecim
608 2499 749 2534 circiter
765 2500 995 2545 patriarchica
1010 2499 1182 2544 dignitate
1199 2498 1343 2543 potitus,
1364 2499 1400 2529 0¹·
1415 2493 1547 2529 d0⁰3¹¹¹⁰

78 2548 161 2590 post
177 2545 480 2590 exaugurationem
507 2556 622 2579 mense
637 2550 802 2580 mortuus.
847 2545 937 2580 Erat
950 2557 1054 2592 porro
1070 2545 1127 2579 vir
1143 2544 1204 2578 ille
1225 2548 1359 2578 stamra
1377 2552 1445 2576 non
1461 2539 1549 2575 adeo

76 2601 250 2636 proceru
273 2591 388 2625 vultus
405 2591 671 2626 conformatione
688 2591 789 2637 plane
808 2592 952 2626 honesta
967 2603 1011 2626 ac
1028 2590 1184 2633 liberali;
1206 2590 1288 2624 item
1303 2588 1421 2633 lingua
1437 2586 1476 2621 in
1495 2585 1551 2621 di-

78 2636 190 2671 cendo
207 2637 380 2682 expedita.
426 2637 466 2670 In
485 2637 594 2672 sacris
609 2637 795 2672 canonibus
813 2644 850 2673 et
867 2638 903 2672 in
920 2638 1067 2683 legibus,
1085 2649 1175 2683 qnae
1192 2637 1235 2670 ad
1253 2636 1408 2670 forenses
1425 2643 1551 2667 causas

78 2683 257 2728 pertinent
274 2687 312 2717 et
328 2682 549 2728 quotidianos
565 2684 716 2718 civilium
731 2683 944 2729 negotiorum
961 2695 1063 2719 casus
1079 2683 1272 2729 explorant,
1297 2678 1551 2715 versatissimus

77 2729 148 2763 iam
167 2728 248 2764 inde
262 2729 307 2764 ab
325 2729 556 2764 adolescentia
571 2730 653 2766 fuit.
697 2732 744 2765 At
763 2730 856 2765 idem
871 2729 1021 2765 Graecis
1041 2729 1169 2764 litteris
1189 2740 1257 2762 non
1273 2726 1454 2762 admodum
1473 2727 1551 2759 erat

78 2774 291 2817 instructum
313 2775 375 2810 sed
390 2779 542 2810 exuemo
560 2780 694 2811 tantxun
712 2776 824 2822 digito
840 2788 901 2812 eas
916 2777 1095 2822 attigerat.
1129 2775 1231 2810 Hunc
1248 2778 1362 2808 autem
1376 2771 1551 2806 desectum

78 2821 136 2857 vis
151 2826 294 2857 naturae
310 2821 481 2858 excellens
497 2823 692 2870 supplebat-
738 2823 859 2859 Indole
875 2823 963 2860 enim
985 2821 1213 2868 memoriaque
1232 2820 1320 2856 adeo
1337 2817 1551 2866 praestabat,
