1794 3172
257 150 360 201 970
645 157 959 205 NICEPHORI
989 157 1319 203 GREGORAE

40 278 75 311 A.
95 275 138 310 M.
152 275 243 313 6859
259 265 490 328 προῦτεινε,
521 268 583 322 τὸ,
613 267 689 324 τὴν
711 266 903 311 ἄκτιστον
922 267 1120 325 ἐνέργειαν
1142 267 1336 312 ἶίκτιστον
1357 266 1502 313 οὐσίαν
1518 286 1732 326 χαρακτη-

94 321 198 360 ¹⁰d’4
261 341 404 399 ρίζειν”
449 338 526 381 κάκ
561 342 644 381 τῶν
674 342 749 380 τοῦ
781 339 900 381 θείου
941 338 1161 380 Βασιλείου
1205 338 1276 392 τὸ,
1329 339 1373 381 ἐκ
1402 343 1484 382 τῶν
1530 340 1733 396 ἐνεργειῶν

259 409 504 467 γνωρίζομεν
524 406 596 450 τὸν
617 404 717 450 θεόν
731 421 741 430 ·
779 405 804 463 ἡ
822 406 900 464 γὰρ
926 407 1047 450 οὐσία
1071 406 1200 450 αὐτοῦ
1221 407 1329 462 μένει
1350 408 1592 462 ἇμέθεκτος.

221 484 253 521 Β
363 476 413 535 γ’.
448 480 597 520 Ταῦτα
635 476 677 519 δ’
711 475 786 531 οὐχ
816 475 878 520 ὅτι
915 476 987 519 τὸν
1017 481 1115 520 νοῦν
1147 477 1293 520 εἰδέναι
1324 474 1550 533 δυνάμενος
1585 477 1729 534 ἔλεγεν,

259 546 316 598 ὥς
339 543 601 602 δειχθήσεται
619 550 833 604 προϊοῦσιν
852 544 950 602 ημῖν
973 547 1184 606 (μηδὲγὰρ
1198 547 1459 603 ἀνελέγκτους
1476 544 1575 603 ἡμῖν
1594 546 1762 590 ozza-9⁶5

258 619 630 674 παραδραμεΐσθαι
659 615 845 666 κάκείνας
867 613 1026 666 ὁπόσας
1054 614 1260 672 ἦκηκόειτε
1286 618 1558 674 βλασφημίας
1589 616 1733 660 αὐτοῦ.

259 687 303 730 αἱ
336 686 411 742 μὲν
439 685 518 744 γὰρ
553 687 621 729 καὶ
651 685 1030 742 προκαταλέλυνται
1067 686 1212 743 μικρὸν
1245 685 1461 744 ἀνωτέρω,
1508 683 1644 743 λόγοις
1679 686 1733 729 θ’

257 754 469 814 ἡμετέροις
488 756 557 798 καὶ
576 763 796 813 γραφικαΐς
815 756 1063 813 μαρτυρίαις
1077 769 1088 780 ·
1126 756 1169 798 αἱ
1188 757 1233 799 δὲ
1251 760 1465 814 προϊοῦσιν
1494 753 1592 812 ἡμῖν
1623 754 1737 805 ἱστὸς

221 823 446 883 Οᾶράχνης
486 822 563 868 σύν
597 842 639 882 γε
666 829 754 885 θεῷ
784 823 1059 883 φανήσονται)
1097 825 1174 880 οὐχ
1202 824 1264 868 ὅτι
1299 826 1437 869 τοίνυν
1469 823 1577 869 οἶδεν
1606 825 1737 868 ε’κεΐνα

257 894 505 954 προῦτεινεν.
552 893 648 937 ἀλλ’
681 891 788 952 δρῶν
821 893 1100 949 ὡπλισμένους
1129 893 1239 950 ἡμᾶς
1271 896 1340 938 καὶ
1367 892 1535 953 σφόδρα
1567 912 1632 938 τοι
1662 912 1736 938 πε-
1749 902 1794 937 10

107 973 154 1010 V.
173 971 243 1011 493
267 965 527 1024 φραγμένους
545 961 860 1022 ἀφθόνοιςταῒς
879 966 1014 1015 θείαις
1035 972 1236 1022 γραφαῖς,
1274 964 1418 1015 δεδιὼς.
1434 964 1494 1021 μὴ
1512 964 1594 1008 ἀπὸ
1622 961 1738 1022 πρώ-

258 1052 356 1091 της,
387 1032 408 1077 ὅ
433 1049 560 1092 φασι,
600 1038 794 1092 γραμμῆς
823 1037 1051 1092 κληροῦχος
1082 1038 1156 1090 τῆς
1180 1033 1309 1091 ἣττης
1337 1034 1520 1092 γένηται,
1559 1036 1654 1091 πρὶν
1682 1035 1739 1084 εἷς

261 1104 442 1156 ἐξέτασιν
462 1103 584 1158 μείζω
606 1105 675 1146 καὶ
695 1103 947 1161 τελειοτέραν
966 1104 1211 1159 ἐληλυθέναι
1221 1137 1236 1158 ,
1265 1104 1487 1162 συμφέρειν
1504 1102 1640 1155 ἔδοξεν
1660 1102 1738 1146 αὖ·-

260 1178 347 1233 τῷ,
382 1173 673 1230 μετεωρίσαντι
702 1173 778 1223 τὰς
811 1177 893 1216 τῶν
931 1177 1095 1216 πολλῶν
1132 1173 1286 1227 ἀκοὰς,
1330 1176 1457 1225 δεῖξαι
1490 1174 1558 1215 καὶ
1588 1170 1737 1216 ἑαυτὸν

260 1244 337 1293 τὰς
358 1243 478 1293 θείας
501 1240 703 1293 συνόδους
724 1241 829 1298 ὁμοῦ
852 1249 937 1293 τοῖς
955 1240 1084 1299 ἁγίοις
1112 1241 1293 1301 πατράσι
1322 1241 1620 1299 συναιρομένας
1646 1248 1738 1292 ταῖς
1751 1249 1794 1287 15

221 1313 547 1370 Ββλασφημίαις
577 1311 706 1356 αὐτοῦ
738 1312 1003 1368 κεκτημένον,
1054 1312 1198 1367 δέλεαρ
1230 1315 1353 1356 τοῦτο
1388 1318 1475 1365 τοῖς
1507 1308 1740 1354 ἁπλουστέ-

262 1399 350 1440 ροις
378 1383 624 1440 προτείνων,
672 1385 731 1441 τῷ
761 1386 902 1440 χαλκῷ
941 1385 1017 1437 τῆς
1052 1381 1241 1435 ἀσεβείας
1280 1380 1410 1423 αὐτοῦ
1447 1381 1736 1436 περικείμενον.

263 1450 356 1510 (Β.)
387 1451 498 1495 ’.Επεὶ
529 1452 598 1494 καὶ
626 1449 727 1495 ὅταν
755 1450 886 1506 συχνὰ
922 1449 1120 1507 ἐπιφέρῃ,
1166 1449 1274 1492 κατὰ
1310 1449 1407 1499 τούς
1438 1451 1582 1500 θείους
1613 1449 1738 1506 λέγειν

262 1520 467 1579 πατέρας,
513 1520 672 1578 τυφλὸν
705 1521 773 1564 καὶ
810 1519 969 1576 ἀσαφὲς
1007 1518 1124 1562 τοῦτ’
1168 1518 1394 1577 ἐπιφέρων,
1439 1517 1555 1575 μήθ’
1596 1517 1739 1567 οἵτινές

263 1592 365 1634 εἶσιν
390 1590 429 1634 οἱ
457 1589 663 1646 λέγοντες,
700 1586 813 1645 μήθ’
846 1587 874 1632 ἃ
906 1588 1089 1645 λέγουσιν
1123 1587 1377 1645 ἀποσαφῶν,
1416 1587 1492 1631 οὐκ
1521 1586 1674 1638 ἄλλους
1697 1588 1739 1631 ἓν
1751 1596 1794 1631 20

263 1663 324 1720 νῷ
349 1658 449 1715 ἔχειν
471 1658 584 1714 οἶμαι
597 1658 778 1717 πατέρας
797 1657 948 1711 αὐτὸν,
983 1657 1010 1713 ἢ
1035 1656 1182 1701 ἑαυτὸν
1201 1659 1268 1700 καὶ
1290 1656 1380 1701 ὅσοι
1398 1657 1494 1701 κατ’
1517 1656 1644 1700 αὐτὸν
1664 1675 1741 1700 κα-

228 1727 434 1781 Εκόὸοξοι
453 1726 580 1773 πάλαι
601 1727 843 1786 γεγένηνται.
890 1726 996 1784 πλὴν
1020 1726 1099 1785 γὰρ
1129 1727 1259 1771 αὐτοῦ
1295 1725 1400 1771 οὗθ’
1435 1724 1607 1785 εὕρηταί
1633 1725 1742 1770 ποθ’

357 1860 391 1898 4.
417 1858 505 1898 ὡσεὶ
521 1859 607 1897 coni.
632 1860 733 1897 Boiv.
758 1871 822 1909 pro
845 1856 914 1898 ὅτι.

267 1977 421 2010 creatam
438 1975 672 2021 operationem
687 1975 875 2011 increatam
894 1975 1118 2010 substantiam
1147 1977 1242 2010 certo
1259 1972 1638 2019 characteresignaria
1662 1972 1743 2009 item

268 2021 355 2055 illud
383 2033 427 2056 ex
447 2021 491 2058 D.
511 2022 633 2057 Basilii
662 2022 818 2068 scriptis:
853 2022 962 2056 Deum
990 2033 1034 2056 ex
1060 2021 1318 2067 operationibus
1345 2020 1604 2068 cognoscimus3
1635 2032 1745 2066 quon-

268 2067 336 2102 iam
355 2067 430 2101 eius
453 2068 644 2103 substantia
666 2068 965 2115 imparticipabilis
985 2074 1111 2104 manet.

359 2114 394 2149 3.
419 2113 529 2149 Porro
548 2115 634 2150 haec
651 2114 710 2149 ille
731 2126 798 2149 non
823 2115 902 2150 ideo
922 2114 1079 2159 dicebat,
1111 2114 1204 2161 quod
1229 2115 1411 2150 verborum
1437 2117 1581 2150 mentem
1604 2112 1744 2159 assequi

269 2163 411 2206 posset,
437 2164 475 2194 ut
495 2165 618 2206 postea
638 2161 866 2196 ostendemus.
915 2162 1054 2196 Etenim
1076 2173 1300 2208 quascunque
1321 2162 1395 2196 eius
1422 2161 1652 2207 blasphemias
1680 2171 1744 2194 au-

269 2205 428 2248 divistis,
447 2205 522 2241 illas
539 2219 583 2241 ue
598 2207 810 2242 arbitremini
826 2208 877 2243 sic
897 2209 1200 2254 praetermissuros
1219 2221 1296 2244 esse
1314 2220 1388 2251 nos,
1412 2211 1451 2242 ut
1469 2218 1538 2242 non
1554 2207 1746 2252 redargua-

267 2263 354 2288 mus.
402 2253 452 2286 Ac
474 2264 587 2287 earum
603 2253 740 2299 quidem
759 2254 850 2289 aliae
869 2254 969 2301 paulo
987 2266 1091 2300 supra
1111 2255 1238 2290 nostris
1269 2254 1558 2301 disputationibus
1582 2258 1620 2288 et
1646 2251 1746 2287 Scri-

269 2302 394 2344 pturae
421 2299 625 2335 testimoniis
648 2301 825 2335 refutatae
838 2301 905 2336 iam
933 2303 1094 2344 fueruut3
1117 2302 1225 2345 alias,
1249 2301 1324 2337 Deo
1344 2300 1509 2342 iuvante,
1533 2303 1573 2336 ut
1598 2310 1744 2334 aranea-

269 2355 347 2380 rum
366 2345 473 2388 telas,
497 2345 640 2380 ulterius
663 2348 840 2393 progressi
859 2347 1081 2383 resolvemus.
1128 2348 1193 2383 Illa
1210 2348 1349 2394 itaque,
1374 2358 1441 2382 non
1470 2346 1553 2392 quia
1571 2344 1744 2391 intellige·

269 2394 347 2434 ret,
372 2392 595 2437 proferebat3
618 2393 680 2427 sed
699 2394 757 2428 ubi
776 2406 837 2429 nos
852 2394 940 2429 vidit
958 2395 1066 2430 sacris
1084 2394 1275 2441 Scripturis
1293 2396 1440 2429 armatos
1464 2397 1501 2427 et
1517 2391 1746 2427 cumulatissi-

270 2449 324 2473 me
349 2437 556 2481 instructos,
589 2438 721 2474 veritus
746 2452 790 2475 ne
811 2441 854 2475 ab
875 2441 887 2475 i
913 2441 961 2476 sis
982 2441 1039 2486 (ut
1065 2442 1182 2486 aiunt)
1211 2441 1410 2475 carceribus
1425 2438 1598 2474 infelicem
1615 2439 1744 2473 exitum

270 2483 479 2528 sortiretur,
501 2484 664 2531 expedire
689 2486 758 2521 sibi
783 2487 879 2522 credi
904 2489 953 2531 it,
985 2492 1168 2533 antequam
1188 2492 1328 2522 ventum
1349 2490 1442 2522 esset
1465 2486 1511 2522 ad
1531 2485 1640 2520 maius
1661 2495 1745 2531 per-

270 2531 468 2577 fectiusque
486 2542 647 2575 examen,
671 2533 768 2578 vulgi
785 2533 923 2569 auribus
941 2534 1088 2570 arrectis
1106 2546 1148 2569 ac
1166 2533 1354 2580 suspensis,
1378 2532 1560 2568 ostendere
1579 2531 1744 2577 seipsum

273 2588 409 2623 quoque
436 2589 554 2614 sacras
582 2579 730 2625 synodos
750 2583 786 2615 et
804 2585 940 2616 sanctos
963 2581 1089 2615 Patres
1105 2581 1233 2615 habere
1254 2580 1326 2615 suis
1351 2578 1572 2626 blasphemiis
1592 2576 1746 2624 patroci-

272 2627 418 2666 nantes,
440 2629 477 2660 et
491 2625 578 2660 hano
592 2624 701 2660 veluti
716 2637 850 2669 escam,
874 2627 984 2662 errori
1003 2638 1066 2661 suo
1088 2630 1252 2672 tanquam
1266 2627 1364 2661 hamo
1382 2624 1645 2666 circumiectam,
1664 2623 1746 2658 sim-
1779 2632 1783 2635 ·

272 2669 409 2714 pliciori
427 2671 551 2719 cuique
567 2671 760 2718 porrigere.
804 2673 889 2718 (Π.)
912 2673 1096 2709 Enimvero
1125 2684 1200 2708 cum
1219 2674 1308 2708 hanc
1327 2672 1522 2714 formulam,
1546 2675 1612 2714 „ut
1634 2669 1745 2705 sancti

271 2716 396 2751 Patres
413 2717 634 2764 loquuntur’',
657 2718 803 2754 subinde
822 2721 963 2765 repetit,
988 2720 1167 2756 obscuram
1186 2719 1322 2755 scilicet
1341 2726 1376 2754 et
1396 2720 1574 2760 incertam,
1597 2727 1664 2751 non
1682 2716 1745 2750 de·-

273 2763 408 2798 claraus
426 2765 562 2810 quinam
582 2764 610 2800 ii
627 2765 716 2808 sint,
739 2777 804 2800 nec
823 2778 911 2812 quae
931 2766 1068 2809 dicant,
1093 2776 1168 2801 eum
1186 2769 1269 2812 puto
1290 2777 1357 2801 uon
1373 2765 1458 2802 alios
1471 2765 1596 2799 Patres
1615 2762 1652 2797 in
1670 2762 1745 2797 ani·-

274 2819 328 2843 mo
350 2809 497 2854 habere,
519 2811 587 2846 nisi
613 2815 720 2847 semet
748 2812 880 2859 ipsum,
914 2816 952 2848 et
975 2816 1143 2860 quotquot
1166 2811 1367 2860 iampridem
1389 2812 1426 2848 in
1455 2810 1590 2847 eosdem
1621 2808 1745 2854 quibus

276 2854 352 2902 ipse
370 2868 505 2893 errores
524 2858 680 2906 prolapsi
695 2863 785 2897 sunt.
832 2859 992 2907 Quippe,
1017 2872 1058 2897 eo
1081 2862 1248 2907 excepto,
1270 2870 1441 2906 uunquam
1458 2857 1545 2895 alius
1565 2855 1745 2903 quisquam
