1794 3172
243 124 345 174 938
700 125 1024 174 NICEPHORI
1052 124 1378 172 GREGORAE

24 253 61 286 A.
77 250 122 284 Μ.
140 247 232 286 6859
252 244 379 298 θῆναι
406 238 594 297 λέγοντος
629 241 790 294 μᾶλλον
821 237 946 292 ἐμοῦ,
990 234 1261 293 καθήπτοντο
1293 233 1410 291 μάλα
1436 237 1631 293 σφοδρῶς
1658 235 1726 277 καὶ

87 292 458 378 ῙωΑΕπαρρησιίιι
476 312 688 363 Παλαμᾶς
709 309 776 350 καὶ
794 304 1075 365 Ἡρακλείους,
1111 304 1186 350 σύν
1204 323 1247 363 γε
1270 309 1328 364 τῷ
1351 302 1601 363 πατριάρχῃ,
1633 302 1726 347 τότε

250 381 432 437 λέγοντες
451 375 744 433 καυθήσεσθαι
761 381 886 434 σφᾶς,
927 374 991 420 ὅτε
1018 378 1086 420 καὶ
1104 376 1151 419 τὸ
1174 379 1248 418 τοῦ
1269 378 1459 431 Χριστοῦ
1479 373 1722 431 εὐαγγέλιον,

247 452 303 501 εἷς
320 445 574 503 ταύτότητος
592 444 713 503 λόγον
736 450 813 504 φεῦ
836 446 912 502 τὴν
935 446 1181 504 ἀμφοτέρων
1199 444 1382 494 τιθέντες
1403 441 1619 501 ἁρμονίαν.
1657 443 1726 486 καὶ

246 519 305 563 Ξ-’τι
339 519 406 561 καὶ
438 517 577 573 τρίτον
613 515 794 573 ἔγκλημα
825 516 941 559 τουτὶ
971 520 1176 573 προσῆγεν
1207 515 1319 569 ἐμοὶ,
1358 513 1460 570 λέγω
1491 513 1542 569 δὴ
1575 511 1624 555 τὸ
1651 516 1759 567 τῆς5

248 589 348 644 ἐμῆς
369 585 530 641 ὁμιλίας
549 586 654 644 πρὸς
671 585 846 640 βασιλέα
867 585 1046 643 σκληρὸν
1073 586 1140 628 καὶ
1163 583 1237 628 οὒκ
1258 580 1517 639 ἓνδιδόμενον
1538 580 1701 638 οὐδαμῆ
1715 594 1725 605 ·

207 658 354 713 Εμηδὲ
384 655 462 713 γὰρ
500 653 602 698 εἶναι
633 659 777 713 σοφῶν
811 658 1049 710 βασιλεῦσιν
1080 653 1232 710 ὁμιλεῖν
1261 651 1425 697 οὑτωσί.
1495 650 1587 710 (Ε.)
1621 651 1728 708 Περὶ

251 721 301 771 οὗ
336 727 403 769 καὶ
428 725 587 781 βραχέα
625 725 747 768 εῗπῶν
782 722 1075 781 ἀπήλλαγμαι,
1110 723 1158 767 οὗ
1190 720 1320 778 μόνον
1349 722 1450 773 τοὺς
1479 725 1563 765 τῶν
1601 718 1727 777 ἁγίων

249 794 378 840 πάλαι
398 794 503 852 πρὸς
523 794 719 849 βασιλέας
740 795 796 844 εἷς
816 794 942 849 μέσον
959 793 1120 851 ἀγαγὼν
1148 790 1388 849 διαλόγους,
1425 790 1531 834 ἀλλὰ
1554 791 1622 834 καὶ
1643 794 1728 833 τῶν

250 865 329 917 ἔξω
360 867 503 922 σοφῶν
534 864 687 916 ἐνίους,
725 862 918 914 Σόλωνος
955 863 1058 920 πρὸς
1089 860 1276 920 Κροῖσόν
1307 879 1414 920 φημι
1441 864 1526 904 τῶν
1561 861 1726 904 Λυδῶν
1741 868 1784 902 10

249 934 439 991 βασιλέα,
470 934 538 976 καὶ
566 931 798 984 Πλάτωνος
817 933 920 990 πρὸς
948 931 1197 985 Διονύσιον,
1236 931 1309 974 τὸν
1335 935 1410 987 τῆς
1428 931 1630 983 Σικελίας,
1661 930 1728 972 καὶ

248 1005 413 1054 πλείους
431 1001 606 1056 ἄλλους,
645 997 701 1046 ὧν
718 1003 765 1046 οὗ
783 1004 902 1060 χρεία
925 1006 1164 1059 μεμνῆσθαι
1192 1005 1333 1044 τανῦν.
1370 1004 1459 1050 πῶς
1480 999 1557 1056 γὰρ
1588 997 1638 1041 ἂν
1657 1017 1728 1053 μι-

248 1074 333 1131 γείη
364 1073 417 1116 τὰ
449 1071 625 1127 ἄμικτα,
664 1074 791 1130 σοφία
817 1072 919 1129 λέγω
951 1074 1019 1115 καὶ
1050 1072 1266 1126 κολακεία;
1309 1072 1344 1114 εἷ
1370 1069 1448 1127 γὰρ
1483 1068 1640 1126 σοφὸς,
1679 1066 1728 1111 οὗ

250 1141 400 1194 κόλαξ·
443 1143 478 1184 εἲ
502 1142 547 1184 δὲ
577 1140 725 1194 κόλαξ,
766 1141 813 1185 οὗ
835 1139 978 1199 σοφός.
1027 1140 1126 1184 ὅταν
1159 1141 1203 1183 δὲ
1230 1141 1298 1182 καὶ
1323 1141 1413 1195 περὶ
1437 1143 1511 1182 τοῦ
1539 1141 1644 1182 θεοῦ
1674 1136 1729 1181 τὰ

96 1218 138 1253 P.
157 1216 228 1255 590
251 1217 324 1269 τῆς
349 1211 562 1262 διαλέξεως
592 1206 619 1268 ᾗ
631 1244 644 1264 ,
682 1209 775 1254 τότ’
798 1211 893 1262 οὐδ’
916 1211 1084 1266 εὐσεβὴς
1107 1208 1128 1253 ὃ
1151 1207 1289 1261 κόλαξ.
1329 1209 1464 1260 ἄλλως
1489 1225 1533 1251 τε
1561 1209 1628 1251 καὶ
1653 1212 1730 1263 τῆς
1745 1220 1784 1256 15

250 1282 417 1341 σοφίας,
433 1283 467 1324 εἲ
480 1279 583 1336 πρὸς
603 1280 868 1338 ἀνθρωπίνην
886 1278 1052 1323 ἅπασαν
1066 1281 1319 1337 συγκρίνοιτο
1341 1279 1553 1335 εὐγένειαν,
1577 1281 1730 1321 τοσοῧ-
1779 1308 1785 1312 --

249 1369 298 1396 το
319 1347 596 1408 διαφερούσης
615 1348 713 1393 ὅσον
737 1349 887 1404 ὀβολοῦ
918 1350 1108 1405 λυχνίτης
1119 1382 1133 1402 ,
1172 1352 1348 1392 τοσοῦτο
1373 1347 1579 1405 διαφέρειν
1595 1346 1730 1404 χρεὼν

251 1423 319 1465 καὶ
344 1420 420 1476 τὴν
447 1423 531 1462 τῶν
552 1423 696 1476 σοφῶν
728 1417 890 1474 ὁμιλίαν
898 1452 911 1473 ,
951 1418 1267 1476 συγκρινομένην
1290 1417 1393 1475 πρὸς
1423 1414 1730 1474 ἀνδραποδώδη

251 1491 318 1537 καὶ
350 1489 493 1547 ἀγεννῆ
525 1489 751 1531 κολακείαν.
789 1484 815 1544 ῆ
841 1488 972 1544 πολλὴ
998 1487 1150 1543 μεντᾶν
1180 1486 1325 1544 ἀλογία
1354 1504 1397 1543 γε
1429 1486 1514 1543 εἴη,
1550 1489 1618 1528 καὶ
1647 1504 1730 1528 πα-

252 1557 481 1618 ραπλήσιον
491 1590 505 1612 ,
529 1555 668 1616 ὥσπερ
690 1556 741 1600 ἂν
763 1559 797 1601 εἶ
816 1555 988 1601 ἐνεκάλει
1011 1575 1072 1608 τις
1085 1557 1263 1613 Ἀχιλλεῖ
1277 1556 1336 1613 μὴ
1358 1555 1598 1614 βουλομένῳ
1621 1557 1730 1613 Θερ-
1742 1567 1787 1602 20

211 1630 373 1685 Βσίτην
408 1626 531 1680 εἶναι,
577 1625 604 1682 ἢ
637 1631 695 1686 τῷ
728 1626 945 1683 uam-m}
975 1627 1050 1683 τὴν
1089 1626 1304 1682 ἀλωπεκῆν
1335 1624 1625 1684 ἀλλαττομένῳ
1655 1629 1731 1680 τῆς

253 1701 431 1755 λεοντῆς.
488 1693 710 1756 (ς’.)’Περὶ
733 1697 777 1740 δὲ
798 1700 873 1740 τοῦ
893 1700 968 1753 τῆς
988 1698 1139 1754 σηπίας
1158 1696 1335 1753 μέλανος
1358 1697 1426 1739 καὶ
1444 1692 1552 1738 πάνυ
1571 1691 1729 1738 τεθαύ-

341 1809 377 1844 2.
403 1804 423 1844 ὃ
440 1803 657 1853 Ἶ-Ιροικλείας
677 1806 766 1843 coni.
784 1806 885 1842 Boiv.
1003 1808 1057 1844 10.
1089 1803 1157 1844 τὸν
1186 1817 1251 1852 pro
1276 1806 1352 1841 τῶν
1380 1804 1512 1841 mavult
1535 1803 1638 1841 Boiv.

345 1856 403 1891 19.
425 1853 493 1908 μέν
509 1852 549 1889 τ’
570 1849 619 1891 ἂν
637 1852 770 1901 ἀλογία
789 1854 892 1890 Boiv.
909 1865 974 1900 pro
996 1852 1064 1900 μέν
1086 1850 1127 1890 τ’
1151 1850 1343 1900 ἀναλογία.

250 1958 343 1989 rem,
367 1946 462 1982 illico
481 1947 640 1982 Palamas
664 1950 699 1982 et
721 1946 911 1981 Heracleae
927 1945 1108 1992 episcopus
1139 1957 1212 1980 cum
1243 1944 1442 1991 patriarcha
1475 1943 1589 1979 acrius
1612 1955 1666 1979 me
1694 1946 1730 1978 et

251 1993 393 2029 liberius
421 1994 677 2038 reprehendere
704 1996 916 2039 coeperunt,
939 1997 1011 2026 tum
1039 2004 1081 2027 ea
1102 1993 1311 2027 combustum
1337 1991 1382 2025 iri
1398 1991 1575 2032 dicentes,
1600 2001 1674 2026 cum
1695 1994 1731 2025 et

250 2040 364 2087 ipsum
384 2039 519 2074 Christi
537 2040 785 2086 Evangelium,
810 2038 989 2084 utriusque
1007 2038 1121 2085 operis
1142 2039 1284 2074 eandem
1306 2037 1420 2084 (proh
1439 2038 1599 2083 scelusl)
1622 2036 1731 2072 ratio-

253 2097 332 2121 nem
349 2086 530 2122 habentes.
577 2087 632 2122 Ad
651 2088 739 2121 haec
756 2086 895 2120 tertium
911 2085 947 2119 in
967 2097 1019 2120 me
1038 2086 1211 2130 culpabat,
1238 2096 1394 2132 asperam
1413 2084 1504 2119 illam
1527 2088 1562 2119 et
1581 2083 1729 2119 nesciam

251 2131 348 2168 flecti
377 2132 620 2178 pertinaciam,
646 2145 715 2179 qua
730 2143 807 2167 cum
825 2132 1031 2177 imperatore
1056 2133 1271 2178 colloquutus
1293 2132 1444 2166 fuissem.
1498 2131 1624 2176 Neque
1641 2130 1729 2165 enim

254 2179 460 2225 sapientium
489 2190 587 2221 esse,
618 2179 671 2214 ita
702 2179 793 2224 apud
817 2178 1044 2223 imperatores
1067 2179 1173 2225 loqui.
1231 2179 1315 2224 (V.)
1349 2178 1429 2219 Qua
1457 2177 1593 2222 quidem
1619 2177 1663 2212 de
1691 2187 1731 2211 re

278 2236 363 2261 auca
381 2223 475 2267 dixi,
505 2229 540 2259 et
558 2237 611 2259 me
635 2225 746 2271 ipsum
771 2224 885 2259 statim
903 2225 1086 2270 expedivi,
1113 2225 1256 2271 prolatis
1279 2225 1314 2259 in
1347 2224 1493 2259 medium
1516 2235 1584 2258 non
1612 2223 1655 2258 iis
1672 2234 1730 2257 so·-

268 2283 322 2307 um
343 2270 569 2314 sermonibus,
593 2283 677 2317 quos
701 2272 779 2306 olim
805 2270 871 2306 viri
893 2272 1004 2306 sancti
1026 2283 1101 2306 cum
1129 2271 1394 2318 imperatoribus
1426 2270 1642 2312 habuissent,
1667 2269 1729 2303 sed

254 2321 292 2353 et
321 2318 522 2364 quibusdam
549 2318 765 2363 profanorum
789 2318 994 2363 sapientium
1022 2318 1148 2360 dictis,
1178 2319 1316 2353 Solonis
1343 2328 1464 2363 nempe
1483 2317 1528 2351 ad
1551 2316 1730 2359 Croesum,

252 2364 427 2419 Lydorum
447 2375 585 2409 regem,
610 2364 764 2399 Platonis
780 2364 824 2398 ad
834 2364 1044 2410 Dionysium,
1064 2364 1203 2399 Siciliae
1223 2369 1426 2411 tyrannum,
1449 2362 1595 2409 aliisque
1619 2361 1729 2409 pluri-

253 2422 339 2454 mis,
365 2421 505 2457 quorum
532 2409 723 2445 meminisse
751 2410 786 2445 in
813 2411 986 2457 praesenti
1006 2411 1088 2446 nihil
1117 2423 1259 2446 necesse
1279 2416 1343 2445 est.
1390 2409 1613 2454 Ecquomodo
1639 2408 1728 2443 enim

253 2469 311 2493 res
332 2457 571 2499 insociabiles,
601 2457 772 2503 sapientia
796 2462 833 2491 et
864 2458 1037 2500 adulatio,
1060 2458 1187 2492 sociari
1211 2468 1357 2503 unquam
1385 2455 1543 2502 possint?
1586 2455 1624 2489 Si
1653 2455 1730 2500 quis

254 2503 412 2550 sapiens,
435 2515 503 2538 non
533 2503 622 2539 idem
653 2508 707 2538 est
730 2504 907 2538 adulator:
941 2504 972 2538 si
1003 2504 1079 2550 quis
1109 2504 1290 2545 adulator,
1316 2514 1383 2537 non
1400 2502 1491 2537 idem
1509 2506 1562 2537 est
1578 2501 1727 2547 sapiens.

255 2550 360 2592 Quod
383 2550 412 2584 si
428 2550 472 2585 de
491 2549 566 2584 Deo
585 2549 662 2596 ipso
681 2549 899 2596 disputetur,
920 2562 964 2585 ne
985 2551 1064 2596 pius
1095 2550 1230 2606 quidem
1257 2550 1287 2584 is
1314 2555 1388 2590 est,
1409 2548 1467 2594 qui
1487 2548 1534 2583 sit
1561 2548 1729 2582 adulator.

257 2595 469 2639 Praeterea,
493 2596 650 2643 quoniam
670 2597 861 2643 sapientia,
885 2596 914 2630 si
935 2609 1011 2632 cum
1030 2608 1120 2631 omm
1138 2597 1285 2631 humana
1304 2595 1484 2630 nobilitate
1501 2599 1729 2641 comparetur,

255 2647 350 2677 tanto
372 2655 445 2678 eam
462 2643 656 2685 antecellit,
681 2649 808 2689 quanto
826 2643 960 2678 obolum
981 2643 1169 2689 lychnites,
1193 2648 1288 2678 tanto
1305 2643 1406 2677 etiam
1431 2645 1570 2688 oportet
1591 2640 1730 2686 sapien-

256 2689 341 2724 tium
359 2689 474 2732 dicta,
499 2689 529 2724 si
552 2701 626 2724 cum
652 2690 769 2724 servili
798 2693 835 2724 et
852 2689 969 2724 humili
987 2690 1219 2725 assentatione
1239 2690 1480 2730 conferantur,
1506 2687 1550 2722 ab
1566 2688 1632 2722 hac
1652 2687 1731 2732 ipsa

255 2733 400 2771 distare.
445 2735 733 2771 Absurdissimum
757 2740 853 2771 certe
879 2736 944 2771 hoc
972 2740 1008 2771 et
1034 2736 1124 2771 idem
1149 2736 1225 2771 fere
1253 2736 1317 2777 sit,
1340 2746 1382 2770 ac
1410 2733 1441 2768 si
1468 2734 1546 2780 quis
1563 2732 1729 2769 Achillem

255 2778 336 2816 ideo
360 2781 434 2816 vitu
462 2785 559 2827 eret,
585 2782 676 2829 quod
693 2794 770 2818 esse
788 2782 970 2818 Thersites
993 2782 1101 2825 nolit3
1123 2788 1185 2817 aut
1212 2782 1365 2825 leonem,
1388 2779 1480 2827 quod
1507 2780 1630 2827 pellem
1656 2779 1731 2814 leo-

255 2825 370 2864 ninam
451 2828 537 2878 pina
562 2839 630 2866 uon
651 2834 772 2866 mutet.
828 2829 928 2874 (vl.)
952 2828 1056 2872 Quod
1073 2828 1118 2866 ad
1138 2829 1277 2876 saepiae
1301 2829 1526 2864 atramentum
1546 2826 1729 2870 attinebat,
