1794 3172
317 138 634 187 HISTORIAE
658 136 1034 184 BYZANTINAE
1060 136 1208 182 XXII.
1230 143 1270 184 1.
1387 129 1518 179 1041

38 250 120 296 ὅσα
137 267 181 308 γε
202 250 308 309 πρὸς
326 250 376 295 τὸ
404 253 690 294 διακονεῖσθαι
708 252 770 309 τῷ
797 252 874 305 τῆς
893 252 1038 305 ψυχῆς
1066 248 1245 304 βελτίονι
1272 246 1411 308 με’ρει,
1447 251 1522 293 νῦν
1544 256 1633 291 A.c.
1652 254 1742 292 1351

37 323 114 378 μὲν
135 321 306 381 θατέρῳ
323 325 486 376 μᾶλλον
505 321 639 370 ε’νίους
667 323 754 363 τῶν
775 316 906 361 πάλαι
932 318 1124 376 παρέχειν
1143 322 1289 376 σοφιῦν
1315 318 1395 375 τὴν
1420 305 1744 386 ssel-Img'gu‘ffgn'

38 393 158 435 τιόνα
173 397 328 449 μοῖραν
352 389 580 445 ἀκούομεν,
616 393 692 433 νῦν
716 387 760 431 δ’
784 389 919 439 ἐνίους
937 388 1122 448 θατέρῳ.
1168 385 1196 444 ἦ
1222 388 1300 445 μὲν
1326 387 1407 446 γὰρ
1433 393 1520 432 τῶν

38 458 274 504 ἐνεστώτων
303 459 570 515 ἀντιληπτικὴ
597 460 666 502 καὶ
689 454 911 515 παρόντων
931 455 1061 513 μόνον
1088 455 1116 514 ἦ
1146 455 1246 513 ὄψις
1271 455 1561 517 ῦπᾶρχουσαῦ

8 530 376 588 ὃδραστικωτέραν
395 527 510 584 ὅμως
542 525 600 579 ὥς
623 527 679 571 τὰ
709 527 845 571 πολλὰ
876 526 954 584 τὴν
977 532 1062 571 τῶν
1085 525 1362 584 ὑποκειμένων
1390 528 1522 588 παρέ-

32 616 152 656 χεται
176 603 352 656 γνῶσιν·
389 596 417 654 ἦ
438 598 484 641 δ’
506 597 612 654 ἀκοὴ
638 597 904 655 ἀμβλυτέραν
932 596 1008 653 μέν
1034 614 1146 651 πως,
1182 598 1445 656 πλατυτέραν
1473 599 1518 642 δ’

38 668 171 724 ὅμως.
220 673 305 713 τῶν
331 685 376 712 τε
402 668 483 725 γὰρ
512 665 734 726 παρόντων
760 666 936 725 εὐχερῶς
959 665 1307 722 ἀντιλαμβάνεται
1340 670 1409 712 καὶ
1436 673 1522 713 τῶν

38 737 229 782 ἀπόντων
273 736 330 789 ὥς
364 735 584 795 παρόντων
623 735 896 791 αἰσθάνεται,
957 738 1180 792 δαιμονίως
1222 737 1303 788 τὰς
1346 738 1522 790 τοπικὰς

37 806 308 851 συνάπτουσα
343 805 592 859 διαστάσεις.
640 809 675 850 εἲ
701 806 750 850 δέ
774 824 835 867 τῳ
861 807 922 862 μὴ
948 806 1145 864 φορτικὸς
1172 804 1194 850 ὅ
1225 805 1372 864 λόγος,
1409 807 1516 865 αῦτη
1540 817 1586 858 V.
1602 817 1671 857 528

0 886 28 920 ,0
38 879 107 921 καὶ
130 882 216 922 τῶν
244 876 479 933 μελλόντων
498 875 697 934 ἑρμηνεὺς
716 875 864 935 δρᾶται
884 883 972 927 τοῖς
988 881 1086 928 νῦν,
1123 875 1166 919 εἶ’
1179 893 1243 928 τις
1266 880 1436 935 Μωσῆς
1451 879 1522 922 καὶ

36 949 182 1002 Δαβὶδ
201 947 272 991 διὰ
290 945 526 1003 πνεύματος
546 948 668 991 θείου
694 946 771 1002 τὴν
793 944 954 990 τούτων
981 946 1247 999 ἀποθεσπίζει
1267 945 1558 1005 πρόγνωσιν.1)

38 1019 73 1061 εἶ
102 1013 175 1060 οὖν
206 1018 251 1061 ἐν
282 1024 370 1068 τοῖς
397 1017 532 1068 ἄλλως
558 1017 699 1073 ἔχουσι
734 1014 972 1073 πράγμασιν
1009 1015 1121 1060 οῧτω
1153 1016 1276 1060 ταῦτ’
1309 1016 1412 1073 ἕχει,
1451 1020 1522 1061 καὶ

35 1084 263 1144 χρημάτων
283 1089 352 1130 καὶ
374 1089 540 1143 χωρίων
569 1088 720 1144 κρίσεις
742 1086 786 1129 αἱ
810 1087 977 1136 πλείους
994 1084 1350 1144 αὖτοπροσῶπους
1380 1088 1520 1144 ἐπιζηῗ

36 1162 183 1200 τοῦσιν
202 1158 456 1212 ἐπιστασίας,
485 1158 553 1199 καὶ
569 1154 725 1214 χρόνου
745 1156 906 1199 δέονται
926 1156 1186 1214 μακροτέρου
1205 1155 1417 1210 πολλάκις,
1451 1159 1520 1201 καὶ

0 1230 27 1267 ,5
41 1226 181 1281 ὄψεως
205 1225 296 1281 ἅμα
323 1228 392 1269 καὶ
416 1226 546 1282 ἀκοῆς
574 1227 618 1270 ἐν
647 1225 790 1285 ταύτῷ
809 1226 863 1269 τὰ
883 1224 1073 1284 κριτήρια
1103 1226 1173 1269 διὰ
1201 1226 1279 1283 τὴν
1308 1227 1519 1285 ἀκρίβειαν

34 1296 281 1354 τάσφαλοῦς
298 1295 520 1340 ἀπαιτοῦσι
529 1330 543 1350 ,
581 1300 672 1346 πῶς
691 1295 766 1339 οὐκ
785 1295 838 1339 ἄν
855 1313 920 1346 τις
940 1297 1128 1340 ἐνταῦθα
1147 1296 1194 1340 τὸ
1214 1300 1289 1340 τοῦ
1307 1294 1519 1354 ὖπερβάλ·
1547 1332 1549 1334 .

36 1370 184 1416 λοντος
217 1365 388 1424 ὄφλημα
416 1373 506 1416 τοῖς
536 1364 736 1423 δόγμασιν
772 1367 918 1410 ἓνεῖναι
955 1370 1031 1423 τῆς
1057 1370 1134 1409 τοῦ
1162 1370 1268 1409 θεοῦ
1301 1367 1518 1422 ἐκκλησίας

35 1440 266 1494 σταθμῷτο
292 1436 400 1490 μετὰ
426 1439 583 1479 πολλοῦ
614 1440 690 1479 τοῦ
720 1437 976 1493 κρείττονος,·
1022 1435 1165 1478 δοτέον
1200 1430 1275 1479 οῦν
1303 1438 1372 1478 καὶ
1397 1434 1558 1492 ἧμΐν,Ε

36 1507 105 1548 καὶ
134 1505 239 1559 μετὰ
269 1509 426 1561 πολλῆς
455 1507 522 1548 καὶ
549 1503 716 1563 σφόδρα
739 1505 1153 1561 κατεσπουδασμένης
1181 1502 1348 1562 ἐρεύνης
1377 1506 1518 1557 ἕξετατ

0 1575 157 1618 Ὡστέον
191 1574 290 1617 κάπὶ
316 1582 493 1632 μακροῖς
521 1574 802 1632 νυχθημέροις
820 1574 873 1618 τὰ
893 1574 964 1617 νέα
983 1575 1106 1617 ταυτὶ
1126 1572 1367 1631 γράμματα.
1419 1574 1520 1626 τούς

37 1643 120 1701 γὰρ
150 1648 235 1687 τῶν
264 1643 398 1700 λόγων
427 1644 594 1694 καινοὺς
623 1645 691 1687 καὶ
720 1646 872 1701 κρίσεις
894 1643 1038 1694 καινὰς
1057 1644 1259 1702 ἐπιφέρειν
1267 1677 1282 1697 ,
1322 1645 1450 1702 φασὶν
1478 1644 1519 1687 οἱ

37 1715 186 1770 σοφοὶ,
222 1712 275 1768 ἢν
297 1713 358 1768 μὴ
376 1718 482 1757 θεοῦ
499 1711 651 1768 μεστός
672 1730 736 1765 τις
757 1711 779 1757 ὃ
807 1717 1067 1768 καινοτομῶν
1083 1708 1139 1772 ᾖ,
1174 1715 1243 1756 καὶ
1265 1710 1353 1764 οἷος
1371 1711 1394 1756 ὅ
1415 1711 1519 1764 ‚9262-

35 1800 143 1839 πτης
165 1784 315 1833 ἐκεῖνος
332 1781 488 1840 ὑπῆρχε
508 1786 700 1840 ΖΙΙωσῇς,
738 1781 760 1827 ὅ
782 1783 837 1827 τὰ
856 1783 989 1839 μυριά
1013 1787 1098 1826 τῶν
1117 1780 1319 1841 Ἑβραίων
1336 1780 1517 1840 στρατό-

130 1881 187 1916 13.
221 1877 537 1926 αὖτοπροσώπους
560 1893 623 1917 em.
653 1881 752 1917 Boiv.
786 1892 850 1927 pro
881 1878 1197 1928 αὖτοπροσῶπως.
1311 1881 1372 1918 20.
1396 1877 1517 1925 ἕξετα-

129 1926 259 1969 στέους
279 1928 484 1975 legebatur,
508 1928 700 1974 ἐξεταστέα
720 1928 810 1963 coni.
825 1928 928 1963 Boiv.

35 2007 191 2054 eipatnm
208 2012 342 2051 tenent,
362 2010 402 2044 in
418 2013 583 2055 quantum
600 2010 736 2045 scilieet
754 2007 990 2046 excellentiori
1001 2006 1104 2043 animi
1125 2006 1221 2053 parti
1235 2006 1435 2043 inserviunt.
1457 2008 1517 2044 Ex

35 2056 215 2091 veteribus
228 2055 440 2102 philosophis
453 2057 612 2099 aliihuic,
627 2057 686 2092 alii
700 2055 753 2090 illi
768 2055 896 2101 primas
907 2055 1077 2090 tribuunt.
1099 2054 1150 2088 Ac
1157 2054 1256 2088 visus
1266 2054 1416 2101 quidem,
1424 2059 1514 2090 tam-

36 2102 104 2136 etsi
113 2113 158 2136 ea
174 2107 309 2136 tantum
323 2103 506 2148 percipere
516 2107 646 2149 potest,
661 2114 754 2148 quae
761 2102 886 2137 adsunt
893 2106 930 2136 et
937 2100 1138 2147 praesentia
1147 2101 1390 2146 obversantur,
1401 2105 1515 2149 tamen

36 2149 270 2183 efficaciorem
298 2149 502 2195 plerumque
519 2161 635 2185 rerum
658 2149 869 2184 obiecturum
892 2148 1119 2194 cognitionem
1138 2147 1251 2194 paritz
1273 2148 1414 2182 auditus
1429 2159 1513 2183 vero

33 2195 248 2230 hebetiorem
269 2195 533 2241 quodammodo,
558 2201 596 2230 at
615 2196 719 2230 latius
735 2195 917 2238 diffusam3
938 2199 1058 2241 utpote
1074 2193 1134 2240 qni
1157 2199 1194 2229 et
1210 2195 1410 2240 praesentia
1424 2195 1515 2233 faci-r

35 2241 71 2276 le
93 2241 239 2288 arripit,
262 2248 300 2277 et
320 2242 470 2277 locorum
487 2242 680 2277 intervallis
694 2241 867 2277 disiuncta
884 2242 935 2276 sic
950 2241 1130 2286 coniungit
1145 2240 1367 2285 mirabiliter,
1391 2245 1431 2276 ut
1450 2241 1514 2275 ab·

35 2288 183 2323 sentium
209 2292 374 2334 tanquam
400 2290 632 2335 praesentium
661 2297 766 2322 sensu
780 2288 975 2323 afficiatur:
999 2289 1233 2334 eundemque,
1257 2287 1289 2321 si
1307 2288 1363 2322 fas
1382 2288 1511 2329 dicere,

35 2334 140 2371 etiem
157 2334 348 2370 futurorum
365 2335 410 2370 iis
427 2336 487 2382 qui
504 2347 595 2370 nunc
612 2334 736 2369 vivunt
748 2334 972 2380 interpretem
990 2334 1162 2370 exsistere
1182 2334 1358 2377 videmus,
1383 2334 1414 2368 si
1432 2334 1513 2378 quis

34 2381 95 2415 vel
110 2381 249 2424 Moses,
272 2381 330 2416 vel
347 2381 461 2416 David
474 2408 486 2425 ,
508 2382 625 2416 div-ino
650 2381 779 2428 spiritu
805 2381 965 2424 afflatus,
988 2380 1214 2427 praecognita
1233 2392 1276 2415 ea
1293 2380 1513 2415 vaticinetur.

35 2427 80 2462 si
105 2427 224 2473 itaque
243 2428 281 2462 in
300 2428 346 2462 iis
369 2429 496 2471 rebus,
519 2439 660 2475 quarum
680 2427 822 2462 diversa
847 2430 904 2462 est
927 2429 1041 2469 ratio,
1063 2426 1115 2461 ita
1139 2428 1227 2461 haec
1247 2439 1287 2461 se
1306 2427 1456 2467 habent3
1480 2423 1513 2460 si

35 2473 202 2519 pleraque
223 2473 269 2508 de
294 2475 451 2520 pecuniis
469 2481 507 2510 et
522 2474 674 2521 praediis
690 2473 819 2509 iudicia
834 2474 1002 2510 oculatam
1021 2478 1059 2508 et
1076 2478 1241 2508 attentam
1265 2472 1512 2518 inspectionem

34 2519 236 2564 requirunt,
260 2531 303 2555 se
324 2521 428 2566 longo
451 2533 558 2568 saepe
577 2526 733 2567 tempore
754 2524 880 2567 egent,
904 2526 961 2563 et,
985 2524 1028 2555 nt
1051 2521 1201 2555 certiora
1220 2519 1309 2560 sint,
1333 2524 1515 2563 utrumqne

35 2566 159 2607 simul,
181 2566 356 2602 oculorum
383 2567 463 2602 dieo
487 2575 525 2603 et
551 2567 683 2603 aurium
713 2578 854 2602 examen
876 2567 1094 2602 coniunctum
1119 2566 1284 2611 exigunt3
1308 2563 1429 2609 quidni
1447 2564 1515 2598 hoc

34 2612 136 2654 loeo,
159 2612 219 2646 ubi
237 2612 283 2647 de
301 2613 471 2650 eeclesiae
487 2614 555 2649 Dei
573 2614 746 2659 dogmatis
762 2613 900 2658 agitur,
922 2613 960 2648 id
979 2612 1181 2648 cumulatius
1200 2611 1327 2646 debere
1342 2610 1516 2656 praestari

34 2659 139 2703 longe
157 2657 285 2704 potiori
303 2658 380 2694 iure
397 2661 545 2707 quisque
563 2660 764 2695 existimet?
786 2659 835 2695 Et
851 2659 953 2696 nobis
965 2659 1076 2706 igitur
1094 2670 1184 2693 nova
1198 2658 1259 2692 illa
1278 2657 1422 2691 decreta
1437 2655 1516 2691 dari

34 2711 197 2750 oportet,
220 2716 311 2750 quae
334 2706 440 2741 multo
467 2712 506 2742 et
530 2706 793 2752 diligentissimo
815 2706 971 2741 minine
999 2705 1115 2751 longis
1145 2704 1268 2739 diebus
1292 2707 1329 2737 et
1355 2702 1515 2748 noctibus

36 2751 301 2796 perpendamus.
348 2751 452 2793 Quae
477 2753 567 2788 enim
595 2765 683 2788 nove
702 2752 796 2791 diota
820 2753 1063 2799 proferuntur,
1090 2762 1135 2785 ea
1160 2749 1260 2785 novis
1276 2748 1416 2783 iudiciis
1430 2749 1515 2783 sub-

35 2797 158 2831 eundis
175 2797 328 2832 obnoxia
346 2809 424 2834 ense
439 2800 615 2846 sapientes
635 2798 887 2844 pronunciant3
913 2799 981 2833 nisi
998 2798 1050 2840 h,
1074 2797 1133 2843 qui
1152 2807 1242 2830 nova
1270 2796 1427 2840 profert,
1448 2806 1516 2830 nu-

34 2842 124 2879 mine
140 2843 190 2878 sit
211 2843 359 2891 ple-iun
381 2845 495 2893 qualis
519 2845 591 2882 fuit
609 2845 668 2881 ille
690 2844 802 2881 Deum
819 2850 1035 2892 praesentem
1054 2842 1201 2880 intuitus
1218 2840 1361 2884 Mosen
1381 2839 1445 2888 qui
1457 2841 1517 2878 in·
