<?xml version="1.0" encoding="UTF-8"?>
<!DOCTYPE html PUBLIC "-//W3C//DTD XHTML 1.0 Transitional//EN"
    "http://www.w3.org/TR/xhtml1/DTD/xhtml1-transitional.dtd">
<html xmlns="http://www.w3.org/1999/xhtml" xml:lang="en" lang="en">
 <head>
  <title>
</title>
<meta http-equiv="Content-Type" content="text/html;charset=utf-8" />
  <meta name='ocr-system' content='tesseract 3.04.00' />
  <meta name='ocr-capabilities' content='ocr_page ocr_carea ocr_par ocr_line ocrx_word'/>
</head>
<body>
  <div class='ocr_page' id='page_1' title='image "./corpusscriptorum39niebuoft_0068.png"; bbox 0 0 1794 3172; ppageno 0'>
   <div class='ocr_carea' id='block_1_1' title="bbox 248 92 1330 161">
    <p class='ocr_par' dir='ltr' id='par_1_1' title="bbox 248 92 1330 161">
     <span class='ocr_line' id='line_1_1' title="bbox 248 92 1330 161; baseline 0.006 -6"><span class='ocrx_word' id='word_1_1' title='bbox 248 106 350 156; x_wconf 72' lang='lat'><strong>626</strong></span> <span class='ocrx_word' id='word_1_2' title='bbox 661 92 1330 161; x_wconf 74' lang='lat' dir='ltr'><strong>NICEPHom&#39;GREGORAE</strong></span> 
     </span>
    </p>
   </div>
   <div class='ocr_carea' id='block_1_2' title="bbox 28 221 1794 1820">
    <p class='ocr_par' dir='ltr' id='par_1_2' title="bbox 28 221 1794 1820">
     <span class='ocr_line' id='line_1_2' title="bbox 28 221 1738 284; baseline 0.002 -18"><span class='ocrx_word' id='word_1_3' title='bbox 28 235 63 266; x_wconf 77' lang='lat' dir='ltr'><strong>A.</strong></span> <span class='ocrx_word' id='word_1_4' title='bbox 81 232 125 266; x_wconf 89' lang='lat' dir='ltr'><strong>M.</strong></span> <span class='ocrx_word' id='word_1_5' title='bbox 145 230 338 275; x_wconf 88' lang='grc' dir='ltr'><em>685οτοῖς</em></span> <span class='ocrx_word' id='word_1_6' title='bbox 356 222 552 282; x_wconf 75' lang='grc' dir='ltr'><em>ἀδελφοῖς</em></span> <span class='ocrx_word' id='word_1_7' title='bbox 570 223 649 274; x_wconf 74' lang='grc' dir='ltr'><strong>τὰς</strong></span> <span class='ocrx_word' id='word_1_8' title='bbox 666 221 824 281; x_wconf 71' lang='grc' dir='ltr'><em>ἐγγύας,</em></span> <span class='ocrx_word' id='word_1_9' title='bbox 861 221 1038 280; x_wconf 84' lang='grc' dir='ltr'><em>τάχιστα</em></span> <span class='ocrx_word' id='word_1_10' title='bbox 1055 224 1251 282; x_wconf 70' lang='grc' dir='ltr'><em>ἐπανῆκε,</em></span> <span class='ocrx_word' id='word_1_11' title='bbox 1287 226 1393 282; x_wconf 71' lang='grc' dir='ltr'><em>μεθ’</em></span> <span class='ocrx_word' id='word_1_12' title='bbox 1418 225 1568 284; x_wconf 69' lang='grc' dir='ltr'><em>ἑαυτῆς</em></span> <span class='ocrx_word' id='word_1_13' title='bbox 1582 226 1738 278; x_wconf 78' lang='grc' dir='ltr'><em>αὐτοὺς</em></span> 
     </span>
     <span class='ocr_line' id='line_1_3' title="bbox 72 280 1734 354; baseline 0.001 -15"><span class='ocrx_word' id='word_1_14' title='bbox 72 280 142 315; x_wconf 67' lang='lat' dir='ltr'><strong>Ind‘</strong></span> <span class='ocrx_word' id='word_1_15' title='bbox 156 280 203 317; x_wconf 68' lang='lat'><strong>1⁰</strong></span> <span class='ocrx_word' id='word_1_16' title='bbox 249 299 310 354; x_wconf 78' lang='grc' dir='ltr'><em>τῷ</em></span> <span class='ocrx_word' id='word_1_17' title='bbox 329 292 487 352; x_wconf 80' lang='grc' dir='ltr'><em>συζύγῳ</em></span> <span class='ocrx_word' id='word_1_18' title='bbox 509 298 677 350; x_wconf 88' lang='grc' dir='ltr'><em>βασιλεῖ</em></span> <span class='ocrx_word' id='word_1_19' title='bbox 689 291 805 349; x_wconf 88' lang='grc' dir='ltr'><em>μάλα</em></span> <span class='ocrx_word' id='word_1_20' title='bbox 823 294 931 337; x_wconf 70' lang='grc' dir='ltr'><em>καθ’</em></span> <span class='ocrx_word' id='word_1_21' title='bbox 950 293 1062 352; x_wconf 80' lang='grc' dir='ltr'><em>ὥραν</em></span> <span class='ocrx_word' id='word_1_22' title='bbox 1082 300 1421 352; x_wconf 76' lang='grc' dir='ltr'><em>προσαγαγοῦσα,</em></span> <span class='ocrx_word' id='word_1_23' title='bbox 1458 299 1650 354; x_wconf 85' lang='grc' dir='ltr'><em>γνησίους</em></span> <span class='ocrx_word' id='word_1_24' title='bbox 1666 299 1734 340; x_wconf 84' lang='grc' dir='ltr'><strong>καὶ</strong></span> 
     </span>
     <span class='ocr_line' id='line_1_4' title="bbox 251 361 1734 423; baseline 0.001 -15"><span class='ocrx_word' id='word_1_25' title='bbox 251 365 454 423; x_wconf 81' lang='grc' dir='ltr'><em>ἀσφαλεῖς</em></span> <span class='ocrx_word' id='word_1_26' title='bbox 473 361 728 422; x_wconf 74' lang='grc' dir='ltr'><em>ἐπικούρους.</em></span> <span class='ocrx_word' id='word_1_27' title='bbox 780 363 870 423; x_wconf 85' lang='grc' dir='ltr'>(Γ.)</span> <span class='ocrx_word' id='word_1_28' title='bbox 888 363 1000 407; x_wconf 72' lang='grc' dir='ltr'><em>Ἐπεὶ</em></span> <span class='ocrx_word' id='word_1_29' title='bbox 1019 363 1063 407; x_wconf 74' lang='grc' dir='ltr'><strong>δ’</strong></span> <span class='ocrx_word' id='word_1_30' title='bbox 1085 365 1129 407; x_wconf 70' lang='grc' dir='ltr'><strong>ἐκ</strong></span> <span class='ocrx_word' id='word_1_31' title='bbox 1147 367 1406 422; x_wconf 81' lang='grc' dir='ltr'><em>Συναδηνοῢ,</em></span> <span class='ocrx_word' id='word_1_32' title='bbox 1446 365 1492 417; x_wconf 78' lang='grc' dir='ltr'><em>ὃς</em></span> <span class='ocrx_word' id='word_1_33' title='bbox 1509 371 1734 423; x_wconf 79' lang='grc' dir='ltr'><em>τηνικαῦτα</em></span> 
     </span>
     <span class='ocr_line' id='line_1_5' title="bbox 254 431 1734 495; baseline 0.001 -17"><span class='ocrx_word' id='word_1_34' title='bbox 254 433 561 489; x_wconf 78' lang='grc' dir='ltr'><em>Θεσσαλονίκης</em></span> <span class='ocrx_word' id='word_1_35' title='bbox 581 431 820 491; x_wconf 71' lang='grc' dir='ltr'><em>ἐπετρόπευε</em></span> <span class='ocrx_word' id='word_1_36' title='bbox 831 467 845 488; x_wconf 95' lang='grc'><em>,</em></span> <span class='ocrx_word' id='word_1_37' title='bbox 883 432 1110 491; x_wconf 86' lang='grc' dir='ltr'><em>γράμματα</em></span> <span class='ocrx_word' id='word_1_38' title='bbox 1133 435 1278 495; x_wconf 74' lang='grc' dir='ltr'><em>ἐφοίτα</em></span> <span class='ocrx_word' id='word_1_39' title='bbox 1299 436 1451 492; x_wconf 81' lang='grc' dir='ltr'><em>συχνὰ,</em></span> <span class='ocrx_word' id='word_1_40' title='bbox 1488 437 1734 493; x_wconf 72' lang='grc' dir='ltr'><em>διεγείροντα</em></span> 
     </span>
     <span class='ocr_line' id='line_1_6' title="bbox 206 501 1769 562; baseline 0 -15"><span class='ocrx_word' id='word_1_41' title='bbox 206 504 324 561; x_wconf 79' lang='grc' dir='ltr'><em>Ετὴν</em></span> <span class='ocrx_word' id='word_1_42' title='bbox 347 503 546 558; x_wconf 74' lang='grc' dir='ltr'><em>ταχίστην</em></span> <span class='ocrx_word' id='word_1_43' title='bbox 575 502 703 546; x_wconf 74' lang='grc' dir='ltr'><em>αὐτὸν</em></span> <span class='ocrx_word' id='word_1_44' title='bbox 737 501 942 558; x_wconf 77' lang='grc' dir='ltr'><em>διαβάντα</em></span> <span class='ocrx_word' id='word_1_45' title='bbox 975 504 1018 554; x_wconf 75' lang='grc' dir='ltr'><em>ἐς</em></span> <span class='ocrx_word' id='word_1_46' title='bbox 1046 505 1318 549; x_wconf 67' lang='grc' dir='ltr'><em>ΙΠακεδονίαν</em></span> <span class='ocrx_word' id='word_1_47' title='bbox 1355 503 1531 562; x_wconf 77' lang='grc' dir='ltr'><em>ἐγκρατῆ</em></span> <span class='ocrx_word' id='word_1_48' title='bbox 1567 508 1769 549; x_wconf 86' lang='grc' dir='ltr'><em>Θεσσα-5</em></span> 
     </span>
     <span class='ocr_line' id='line_1_7' title="bbox 249 570 1736 633; baseline 0 -15"><span class='ocrx_word' id='word_1_49' title='bbox 249 575 412 629; x_wconf 84' lang='grc' dir='ltr'><em>λονίκης</em></span> <span class='ocrx_word' id='word_1_50' title='bbox 442 573 486 615; x_wconf 76' lang='grc' dir='ltr'><strong>ἐκ</strong></span> <span class='ocrx_word' id='word_1_51' title='bbox 517 576 592 616; x_wconf 84' lang='grc' dir='ltr'><em>τοῦ</em></span> <span class='ocrx_word' id='word_1_52' title='bbox 625 570 782 633; x_wconf 73' lang='grc' dir='ltr'><em>ῥᾴστου</em></span> <span class='ocrx_word' id='word_1_53' title='bbox 808 573 1025 630; x_wconf 72' lang='grc' dir='ltr'><em>γενε’σ3αι’</em></span> <span class='ocrx_word' id='word_1_54' title='bbox 1063 572 1163 616; x_wconf 73' lang='grc' dir='ltr'><em>εἶναι</em></span> <span class='ocrx_word' id='word_1_55' title='bbox 1182 574 1260 632; x_wconf 84' lang='grc' dir='ltr'><strong>γὰρ</strong></span> <span class='ocrx_word' id='word_1_56' title='bbox 1290 576 1674 632; x_wconf 78' lang='grc' dir='ltr'><em>παρεσκευασμένον</em></span> <span class='ocrx_word' id='word_1_57' title='bbox 1693 577 1736 627; x_wconf 77' lang='grc' dir='ltr'><strong>ἐξ</strong></span> 
     </span>
     <span class='ocr_line' id='line_1_8' title="bbox 247 643 1736 701; baseline 0 -15"><span class='ocrx_word' id='word_1_58' title='bbox 247 645 399 687; x_wconf 73' lang='grc' dir='ltr'><em>ἐκείνου</em></span> <span class='ocrx_word' id='word_1_59' title='bbox 429 643 543 685; x_wconf 83' lang='grc' dir='ltr'><em>τουτὶ</em></span> <span class='ocrx_word' id='word_1_60' title='bbox 570 643 798 700; x_wconf 73' lang='grc' dir='ltr'><em>λαθραίαις</em></span> <span class='ocrx_word' id='word_1_61' title='bbox 829 646 1032 694; x_wconf 75' lang='grc' dir='ltr'><em>σπουδαῖς</em></span> <span class='ocrx_word' id='word_1_62' title='bbox 1061 644 1107 686; x_wconf 71' lang='grc' dir='ltr'><strong>ἐκ</strong></span> <span class='ocrx_word' id='word_1_63' title='bbox 1132 647 1311 688; x_wconf 76' lang='grc' dir='ltr'><em>πολλοῦ·</em></span> <span class='ocrx_word' id='word_1_64' title='bbox 1350 645 1419 688; x_wconf 76' lang='grc' dir='ltr'><em>διὰ</em></span> <span class='ocrx_word' id='word_1_65' title='bbox 1439 645 1491 701; x_wconf 85' lang='grc' dir='ltr'><strong>δὴ</strong></span> <span class='ocrx_word' id='word_1_66' title='bbox 1510 649 1644 688; x_wconf 78' lang='grc' dir='ltr'><em>ταῦτα</em></span> <span class='ocrx_word' id='word_1_67' title='bbox 1667 647 1736 688; x_wconf 81' lang='grc' dir='ltr'><strong>καὶ</strong></span> 
     </span>
     <span class='ocr_line' id='line_1_9' title="bbox 248 712 1737 773; baseline 0.001 -16"><span class='ocrx_word' id='word_1_68' title='bbox 248 713 427 769; x_wconf 73' lang='grc' dir='ltr'><em>ἄσμενος</em></span> <span class='ocrx_word' id='word_1_69' title='bbox 439 746 452 766; x_wconf 96' lang='grc'><em>,</em></span> <span class='ocrx_word' id='word_1_70' title='bbox 491 712 567 768; x_wconf 83' lang='grc' dir='ltr'><em>τὴν</em></span> <span class='ocrx_word' id='word_1_71' title='bbox 597 713 900 768; x_wconf 88' lang='grc' dir='ltr'><em>Λιδυμοτείχου</em></span> <span class='ocrx_word' id='word_1_72' title='bbox 933 713 1155 771; x_wconf 75' lang='grc' dir='ltr'><em>ἐπιτροπὴν</em></span> <span class='ocrx_word' id='word_1_73' title='bbox 1173 715 1389 772; x_wconf 77' lang='grc' dir='ltr'><em>παραδοὺς</em></span> <span class='ocrx_word' id='word_1_74' title='bbox 1406 713 1563 773; x_wconf 82' lang='grc' dir='ltr'><em>Εῗρήνῃ</em></span> <span class='ocrx_word' id='word_1_75' title='bbox 1583 719 1636 773; x_wconf 78' lang='grc' dir='ltr'><em>τῇ</em></span> <span class='ocrx_word' id='word_1_76' title='bbox 1659 732 1737 758; x_wconf 90' lang='grc' dir='ltr'><strong>συ-</strong></span> 
     </span>
     <span class='ocr_line' id='line_1_10' title="bbox 248 781 1735 843; baseline 0.001 -18"><span class='ocrx_word' id='word_1_77' title='bbox 248 781 355 842; x_wconf 80' lang='grc' dir='ltr'><em>ζύγῳ</em></span> <span class='ocrx_word' id='word_1_78' title='bbox 379 784 447 826; x_wconf 82' lang='grc' dir='ltr'><strong>καὶ</strong></span> <span class='ocrx_word' id='word_1_79' title='bbox 466 783 651 837; x_wconf 78' lang='grc' dir='ltr'><em>βασιλίδι</em></span> <span class='ocrx_word' id='word_1_80' title='bbox 669 782 745 825; x_wconf 76' lang='grc' dir='ltr'><strong>σὺν</strong></span> <span class='ocrx_word' id='word_1_81' title='bbox 766 781 962 843; x_wconf 80' lang='grc' dir='ltr'><em>τάδελφῷ</em></span> <span class='ocrx_word' id='word_1_82' title='bbox 982 783 1196 839; x_wconf 84' lang='grc' dir='ltr'><em>Μανουὴλ</em></span> <span class='ocrx_word' id='word_1_83' title='bbox 1216 788 1275 843; x_wconf 78' lang='grc' dir='ltr'><em>τῷ</em></span> <span class='ocrx_word' id='word_1_84' title='bbox 1289 784 1439 839; x_wconf 78' lang='grc' dir='ltr'><em>Ἀσάν,</em></span> <span class='ocrx_word' id='word_1_85' title='bbox 1479 784 1644 842; x_wconf 64' lang='grc' dir='ltr'><em>ἀφίκετ’</em></span> <span class='ocrx_word' id='word_1_86' title='bbox 1667 785 1735 827; x_wconf 82' lang='grc' dir='ltr'><strong>εὖ-</strong></span> 
     </span>
     <span class='ocr_line' id='line_1_11' title="bbox 247 850 1794 911; baseline 0 -15"><span class='ocrx_word' id='word_1_87' title='bbox 247 853 333 903; x_wconf 77' lang='grc' dir='ltr'><em>θὺς</em></span> <span class='ocrx_word' id='word_1_88' title='bbox 356 855 425 896; x_wconf 87' lang='grc' dir='ltr'><strong>καὶ</strong></span> <span class='ocrx_word' id='word_1_89' title='bbox 450 850 612 909; x_wconf 78' lang='grc' dir='ltr'><em>ὠχύρου</em></span> <span class='ocrx_word' id='word_1_90' title='bbox 642 851 690 895; x_wconf 83' lang='grc' dir='ltr'><em>τὸ</em></span> <span class='ocrx_word' id='word_1_91' title='bbox 715 850 938 911; x_wconf 81' lang='grc' dir='ltr'><em>φρούριον,</em></span> <span class='ocrx_word' id='word_1_92' title='bbox 979 851 1001 896; x_wconf 81' lang='grc' dir='ltr'>ὃ</span> <span class='ocrx_word' id='word_1_93' title='bbox 1024 852 1299 897; x_wconf 80' lang='grc' dir='ltr'><em>Πολύστυλον</em></span> <span class='ocrx_word' id='word_1_94' title='bbox 1330 851 1634 910; x_wconf 85' lang='grc' dir='ltr'><em>ὀνομαζόμενον</em></span> <span class='ocrx_word' id='word_1_95' title='bbox 1652 852 1735 897; x_wconf 84' lang='grc' dir='ltr'><em>πά-</em></span> <span class='ocrx_word' id='word_1_96' title='bbox 1750 859 1794 896; x_wconf 93' lang='grc'><strong>10</strong></span> 
     </span>
     <span class='ocr_line' id='line_1_12' title="bbox 104 920 1736 980; baseline 0.002 -17"><span class='ocrx_word' id='word_1_97' title='bbox 104 976 108 980; x_wconf 16' lang='grc' dir='ltr'><strong><em>ὁ</em></strong></span> <span class='ocrx_word' id='word_1_98' title='bbox 212 927 322 965; x_wconf 72' lang='grc' dir='ltr'><em>Ελαι</em></span> <span class='ocrx_word' id='word_1_99' title='bbox 349 922 455 980; x_wconf 85' lang='grc' dir='ltr'><em>πρὸς</em></span> <span class='ocrx_word' id='word_1_100' title='bbox 492 920 713 965; x_wconf 70' lang='grc' dir='ltr'><em>θάλατταν</em></span> <span class='ocrx_word' id='word_1_101' title='bbox 748 926 821 965; x_wconf 79' lang='grc' dir='ltr'><strong>νῦν</strong></span> <span class='ocrx_word' id='word_1_102' title='bbox 859 922 984 973; x_wconf 79' lang='grc' dir='ltr'><em>αὐτὸς</em></span> <span class='ocrx_word' id='word_1_103' title='bbox 1006 925 1048 974; x_wconf 74' lang='grc' dir='ltr'><strong>ἐξ</strong></span> <span class='ocrx_word' id='word_1_104' title='bbox 1070 924 1220 974; x_wconf 79' lang='grc' dir='ltr'><em>οἰκείας</em></span> <span class='ocrx_word' id='word_1_105' title='bbox 1247 922 1435 980; x_wconf 77' lang='grc' dir='ltr'><em>δαπάνης</em></span> <span class='ocrx_word' id='word_1_106' title='bbox 1454 922 1736 980; x_wconf 79' lang='grc' dir='ltr'><em>συνεστήσατο</em></span> 
     </span>
     <span class='ocr_line' id='line_1_13' title="bbox 125 990 1738 1054; baseline 0 -18"><span class='ocrx_word' id='word_1_107' title='bbox 125 999 245 1036; x_wconf 85' lang='lat' dir='ltr'><strong>v.317</strong></span> <span class='ocrx_word' id='word_1_108' title='bbox 255 992 370 1050; x_wconf 80' lang='grc' dir='ltr'><em>παρὰ</em></span> <span class='ocrx_word' id='word_1_109' title='bbox 397 991 473 1042; x_wconf 81' lang='grc' dir='ltr'><strong>τὰς</strong></span> <span class='ocrx_word' id='word_1_110' title='bbox 504 996 578 1034; x_wconf 78' lang='grc' dir='ltr'><em>τοῦ</em></span> <span class='ocrx_word' id='word_1_111' title='bbox 601 992 765 1034; x_wconf 77' lang='grc' dir='ltr'><em>Νέστου</em></span> <span class='ocrx_word' id='word_1_112' title='bbox 789 990 962 1048; x_wconf 75' lang='grc' dir='ltr'><em>ἐκβολάς</em></span> <span class='ocrx_word' id='word_1_113' title='bbox 979 1007 988 1017; x_wconf 91' lang='grc'><em>·</em></span> <span class='ocrx_word' id='word_1_114' title='bbox 1027 992 1074 1044; x_wconf 82' lang='grc' dir='ltr'><em>ὃς</em></span> <span class='ocrx_word' id='word_1_115' title='bbox 1092 999 1292 1049; x_wconf 86' lang='grc' dir='ltr'><em>ποταμῶν</em></span> <span class='ocrx_word' id='word_1_116' title='bbox 1313 998 1397 1037; x_wconf 82' lang='grc' dir='ltr'><em>τῶν</em></span> <span class='ocrx_word' id='word_1_117' title='bbox 1419 996 1461 1037; x_wconf 74' lang='grc' dir='ltr'><strong>ἓν</strong></span> <span class='ocrx_word' id='word_1_118' title='bbox 1493 992 1640 1054; x_wconf 74' lang='grc' dir='ltr'><em>Θρᾴκῃ</em></span> <span class='ocrx_word' id='word_1_119' title='bbox 1662 994 1738 1050; x_wconf 84' lang='grc' dir='ltr'><em>με’-</em></span> 
     </span>
     <span class='ocr_line' id='line_1_14' title="bbox 247 1061 1738 1122; baseline 0.001 -16"><span class='ocrx_word' id='word_1_120' title='bbox 247 1078 388 1120; x_wconf 90' lang='grc' dir='ltr'><em>γιστος</em></span> <span class='ocrx_word' id='word_1_121' title='bbox 407 1063 451 1104; x_wconf 75' lang='grc' dir='ltr'><strong>ἐκ</strong></span> <span class='ocrx_word' id='word_1_122' title='bbox 470 1065 552 1104; x_wconf 85' lang='grc' dir='ltr'><em>τῶν</em></span> <span class='ocrx_word' id='word_1_123' title='bbox 573 1065 647 1104; x_wconf 80' lang='grc' dir='ltr'><em>τοῦ</em></span> <span class='ocrx_word' id='word_1_124' title='bbox 668 1063 813 1117; x_wconf 75' lang='grc' dir='ltr'><em>Αἵμου</em></span> <span class='ocrx_word' id='word_1_125' title='bbox 848 1062 958 1120; x_wconf 83' lang='grc' dir='ltr'><em>ὀρῶν</em></span> <span class='ocrx_word' id='word_1_126' title='bbox 980 1061 1227 1121; x_wconf 78' lang='grc' dir='ltr'><em>ῥηγνύμενος</em></span> <span class='ocrx_word' id='word_1_127' title='bbox 1263 1062 1462 1107; x_wconf 79' lang='grc' dir='ltr'><em>ἀποπτύει</em></span> <span class='ocrx_word' id='word_1_128' title='bbox 1490 1064 1539 1107; x_wconf 85' lang='grc' dir='ltr'><em>τὸ</em></span> <span class='ocrx_word' id='word_1_129' title='bbox 1568 1063 1738 1122; x_wconf 75' lang='grc' dir='ltr'><em>ῥεῖθρον</em></span> 
     </span>
     <span class='ocr_line' id='line_1_15' title="bbox 252 1130 1739 1193; baseline 0.001 -18"><span class='ocrx_word' id='word_1_130' title='bbox 252 1134 295 1184; x_wconf 75' lang='grc' dir='ltr'><em>ἐς</em></span> <span class='ocrx_word' id='word_1_131' title='bbox 305 1132 359 1175; x_wconf 82' lang='grc' dir='ltr'><em>τὰ</em></span> <span class='ocrx_word' id='word_1_132' title='bbox 380 1135 455 1175; x_wconf 82' lang='grc' dir='ltr'><em>τοῦ</em></span> <span class='ocrx_word' id='word_1_133' title='bbox 478 1132 659 1188; x_wconf 79' lang='grc' dir='ltr'><em>Αἰγαίου</em></span> <span class='ocrx_word' id='word_1_134' title='bbox 680 1130 882 1190; x_wconf 80' lang='grc' dir='ltr'><em>πελάγους</em></span> <span class='ocrx_word' id='word_1_135' title='bbox 901 1131 1126 1191; x_wconf 81' lang='grc' dir='ltr'><em>κράσπεδα.</em></span> <span class='ocrx_word' id='word_1_136' title='bbox 1201 1133 1295 1193; x_wconf 85' lang='lat' dir='ltr'><em>(A.)</em></span> <span class='ocrx_word' id='word_1_137' title='bbox 1325 1133 1439 1192; x_wconf 77' lang='grc' dir='ltr'><em>Ἄρτι</em></span> <span class='ocrx_word' id='word_1_138' title='bbox 1461 1133 1507 1176; x_wconf 74' lang='grc' dir='ltr'><strong>δ’</strong></span> <span class='ocrx_word' id='word_1_139' title='bbox 1537 1136 1593 1184; x_wconf 77' lang='grc' dir='ltr'><strong>εἷς</strong></span> <span class='ocrx_word' id='word_1_140' title='bbox 1611 1134 1739 1191; x_wconf 79' lang='grc' dir='ltr'><em>πέρας</em></span> 
     </span>
     <span class='ocr_line' id='line_1_16' title="bbox 250 1201 1794 1261; baseline 0.002 -15"><span class='ocrx_word' id='word_1_141' title='bbox 250 1201 420 1259; x_wconf 68' lang='grc' dir='ltr'><em>’ἥκοντες</em></span> <span class='ocrx_word' id='word_1_142' title='bbox 440 1206 514 1257; x_wconf 79' lang='grc' dir='ltr'><strong>τῆς</strong></span> <span class='ocrx_word' id='word_1_143' title='bbox 531 1203 769 1257; x_wconf 79' lang='grc' dir='ltr'><em>οἰκοδομίας</em></span> <span class='ocrx_word' id='word_1_144' title='bbox 777 1236 792 1257; x_wconf 96' lang='grc'><em>,</em></span> <span class='ocrx_word' id='word_1_145' title='bbox 831 1201 1095 1261; x_wconf 73' lang='grc' dir='ltr'><em>ἀφικνεῖσθαι</em></span> <span class='ocrx_word' id='word_1_146' title='bbox 1113 1206 1287 1260; x_wconf 88' lang='grc' dir='ltr'><em>πλησίον</em></span> <span class='ocrx_word' id='word_1_147' title='bbox 1305 1203 1453 1259; x_wconf 74' lang='grc' dir='ltr'><em>ἤμελλε</em></span> <span class='ocrx_word' id='word_1_148' title='bbox 1482 1205 1549 1246; x_wconf 81' lang='grc' dir='ltr'><strong>καὶ</strong></span> <span class='ocrx_word' id='word_1_149' title='bbox 1570 1206 1621 1246; x_wconf 87' lang='grc' dir='ltr'><strong><em>Χ</em></strong></span> <span class='ocrx_word' id='word_1_150' title='bbox 1619 1203 1738 1261; x_wconf 77' lang='grc' dir='ltr'><em>ρ’έλης</em></span> <span class='ocrx_word' id='word_1_151' title='bbox 1752 1215 1794 1250; x_wconf 87' lang='lat'><strong>15</strong></span> 
     </span>
     <span class='ocr_line' id='line_1_17' title="bbox 254 1269 1739 1334; baseline 0 -18"><span class='ocrx_word' id='word_1_152' title='bbox 254 1270 276 1316; x_wconf 83' lang='grc' dir='ltr'><strong><em>ὅ</em></strong></span> <span class='ocrx_word' id='word_1_153' title='bbox 308 1269 567 1330; x_wconf 82' lang='grc' dir='ltr'><em>Τριβαλλός·</em></span> <span class='ocrx_word' id='word_1_154' title='bbox 612 1269 658 1322; x_wconf 76' lang='grc' dir='ltr'><em>ὃς</em></span> <span class='ocrx_word' id='word_1_155' title='bbox 685 1273 780 1330; x_wconf 82' lang='grc' dir='ltr'><em>πρὶν</em></span> <span class='ocrx_word' id='word_1_156' title='bbox 811 1270 892 1329; x_wconf 69' lang='grc' dir='ltr'><em>ὑφ’</em></span> <span class='ocrx_word' id='word_1_157' title='bbox 929 1271 1094 1330; x_wconf 61' lang='grc' dir='ltr'><em>’ἡγεμόνι</em></span> <span class='ocrx_word' id='word_1_158' title='bbox 1127 1277 1254 1318; x_wconf 85' lang='grc' dir='ltr'><em>τελῶν</em></span> <span class='ocrx_word' id='word_1_159' title='bbox 1287 1278 1347 1334; x_wconf 78' lang='grc' dir='ltr'><em>τῷ</em></span> <span class='ocrx_word' id='word_1_160' title='bbox 1375 1278 1460 1317; x_wconf 83' lang='grc' dir='ltr'><em>τῶν</em></span> <span class='ocrx_word' id='word_1_161' title='bbox 1490 1278 1739 1330; x_wconf 84' lang='grc' dir='ltr'><em>Τριβαλλῶν</em></span> 
     </span>
     <span class='ocr_line' id='line_1_18' title="bbox 256 1339 1740 1402; baseline 0.001 -19"><span class='ocrx_word' id='word_1_162' title='bbox 256 1341 363 1402; x_wconf 79' lang='grc' dir='ltr'><em>ῥηγὶ,</em></span> <span class='ocrx_word' id='word_1_163' title='bbox 398 1342 458 1384; x_wconf 76' lang='grc' dir='ltr'><em>δι’</em></span> <span class='ocrx_word' id='word_1_164' title='bbox 483 1342 619 1392; x_wconf 78' lang='grc' dir='ltr'><em>αἰτίας</em></span> <span class='ocrx_word' id='word_1_165' title='bbox 643 1339 909 1399; x_wconf 79' lang='grc' dir='ltr'><em>οἷασδήτινας</em></span> <span class='ocrx_word' id='word_1_166' title='bbox 930 1343 983 1386; x_wconf 80' lang='grc' dir='ltr'><em>τὰ</em></span> <span class='ocrx_word' id='word_1_167' title='bbox 1004 1343 1136 1399; x_wconf 79' lang='grc' dir='ltr'><em>δεσμὰ</em></span> <span class='ocrx_word' id='word_1_168' title='bbox 1153 1348 1228 1400; x_wconf 81' lang='grc' dir='ltr'><strong>τῆς</strong></span> <span class='ocrx_word' id='word_1_169' title='bbox 1246 1342 1457 1400; x_wconf 72' lang='grc' dir='ltr'><em>ὑποταγῆς</em></span> <span class='ocrx_word' id='word_1_170' title='bbox 1486 1342 1637 1402; x_wconf 79' lang='grc' dir='ltr'><em>ῥήξας,</em></span> <span class='ocrx_word' id='word_1_171' title='bbox 1677 1345 1740 1386; x_wconf 79' lang='grc' dir='ltr'><strong>οῗ-</strong></span> 
     </span>
     <span class='ocr_line' id='line_1_19' title="bbox 120 1410 1742 1472; baseline 0.004 -23"><span class='ocrx_word' id='word_1_172' title='bbox 120 1415 159 1449; x_wconf 87' lang='grc' dir='ltr'><strong>Ρ.</strong></span> <span class='ocrx_word' id='word_1_173' title='bbox 180 1415 247 1451; x_wconf 85' lang='grc'><strong>391</strong></span> <span class='ocrx_word' id='word_1_174' title='bbox 259 1414 370 1456; x_wconf 86' lang='grc' dir='ltr'><em>κείαν</em></span> <span class='ocrx_word' id='word_1_175' title='bbox 389 1411 636 1467; x_wconf 78' lang='grc' dir='ltr'><em>κατέστησεν</em></span> <span class='ocrx_word' id='word_1_176' title='bbox 657 1411 786 1469; x_wconf 77' lang='grc' dir='ltr'><em>ἀρχὴν</em></span> <span class='ocrx_word' id='word_1_177' title='bbox 803 1410 937 1471; x_wconf 68' lang='grc' dir='ltr'><em>ἑαυτῷ</em></span> <span class='ocrx_word' id='word_1_178' title='bbox 956 1415 1287 1471; x_wconf 80' lang='grc' dir='ltr'><em>Στρουμμίτζαν,</em></span> <span class='ocrx_word' id='word_1_179' title='bbox 1314 1411 1586 1472; x_wconf 80' lang='grc' dir='ltr'><em>ὗπερνέφελον</em></span> <span class='ocrx_word' id='word_1_180' title='bbox 1607 1410 1742 1471; x_wconf 77' lang='grc' dir='ltr'><em>φρού-</em></span> 
     </span>
     <span class='ocr_line' id='line_1_20' title="bbox 256 1479 1742 1541; baseline 0 -16"><span class='ocrx_word' id='word_1_181' title='bbox 256 1499 367 1541; x_wconf 89' lang='grc' dir='ltr'><em>ριον,</em></span> <span class='ocrx_word' id='word_1_182' title='bbox 407 1483 476 1524; x_wconf 81' lang='grc' dir='ltr'><strong>καὶ</strong></span> <span class='ocrx_word' id='word_1_183' title='bbox 487 1479 631 1524; x_wconf 54' lang='grc' dir='ltr'><em>νὸπόσα</em></span> <span class='ocrx_word' id='word_1_184' title='bbox 653 1484 743 1539; x_wconf 85' lang='grc' dir='ltr'><em>περὶ</em></span> <span class='ocrx_word' id='word_1_185' title='bbox 766 1481 988 1539; x_wconf 82' lang='grc' dir='ltr'><em>Στρυμόνα</em></span> <span class='ocrx_word' id='word_1_186' title='bbox 1009 1483 1081 1526; x_wconf 79' lang='grc' dir='ltr'><em>τὸν</em></span> <span class='ocrx_word' id='word_1_187' title='bbox 1109 1483 1299 1539; x_wconf 77' lang='grc' dir='ltr'><em>ποταμὸν</em></span> <span class='ocrx_word' id='word_1_188' title='bbox 1319 1482 1414 1541; x_wconf 72' lang='grc' dir='ltr'><em>ἄχρι</em></span> <span class='ocrx_word' id='word_1_189' title='bbox 1437 1485 1504 1526; x_wconf 82' lang='grc' dir='ltr'><strong>καὶ</strong></span> <span class='ocrx_word' id='word_1_190' title='bbox 1536 1485 1577 1534; x_wconf 77' lang='grc' dir='ltr'><em>ἒς</em></span> <span class='ocrx_word' id='word_1_191' title='bbox 1589 1483 1742 1540; x_wconf 84' lang='grc' dir='ltr'><em>Ἀμφί-</em></span> 
     </span>
     <span class='ocr_line' id='line_1_21' title="bbox 256 1550 1794 1611; baseline -0.001 -16"><span class='ocrx_word' id='word_1_192' title='bbox 256 1552 377 1595; x_wconf 92' lang='grc' dir='ltr'><em>πολίν</em></span> <span class='ocrx_word' id='word_1_193' title='bbox 397 1552 483 1594; x_wconf 79' lang='grc' dir='ltr'><em>ἔστι</em></span> <span class='ocrx_word' id='word_1_194' title='bbox 509 1552 658 1608; x_wconf 88' lang='grc' dir='ltr'><em>χωρία.</em></span> <span class='ocrx_word' id='word_1_195' title='bbox 696 1551 765 1595; x_wconf 79' lang='grc' dir='ltr'><em>διὰ</em></span> <span class='ocrx_word' id='word_1_196' title='bbox 792 1552 872 1610; x_wconf 78' lang='grc' dir='ltr'><strong>γὰρ</strong></span> <span class='ocrx_word' id='word_1_197' title='bbox 904 1552 981 1608; x_wconf 85' lang='grc' dir='ltr'><em>τὴν</em></span> <span class='ocrx_word' id='word_1_198' title='bbox 1008 1557 1091 1596; x_wconf 85' lang='grc' dir='ltr'><em>τῶν</em></span> <span class='ocrx_word' id='word_1_199' title='bbox 1118 1550 1332 1609; x_wconf 86' lang='grc' dir='ltr'><em>Ῥωμαίων</em></span> <span class='ocrx_word' id='word_1_200' title='bbox 1360 1551 1559 1611; x_wconf 70' lang='grc' dir='ltr'><em>ἐμφύλιον</em></span> <span class='ocrx_word' id='word_1_201' title='bbox 1595 1551 1742 1596; x_wconf 87' lang='grc' dir='ltr'><em>στάσιν</em></span> <span class='ocrx_word' id='word_1_202' title='bbox 1753 1555 1794 1590; x_wconf 73' lang='lat'><strong>20</strong></span> 
     </span>
     <span class='ocr_line' id='line_1_22' title="bbox 257 1618 1740 1681; baseline 0 -16"><span class='ocrx_word' id='word_1_203' title='bbox 257 1618 579 1676; x_wconf 85' lang='grc' dir='ltr'><em>κολακευόμενος</em></span> <span class='ocrx_word' id='word_1_204' title='bbox 597 1618 675 1663; x_wconf 68' lang='grc' dir='ltr'><em>ὑπ’</em></span> <span class='ocrx_word' id='word_1_205' title='bbox 701 1621 860 1680; x_wconf 80' lang='grc' dir='ltr'><em>ἇμφοΐν</em></span> <span class='ocrx_word' id='word_1_206' title='bbox 899 1629 988 1666; x_wconf 87' lang='grc' dir='ltr'><em>τοῖν</em></span> <span class='ocrx_word' id='word_1_207' title='bbox 1017 1630 1159 1680; x_wconf 90' lang='grc' dir='ltr'><em>μεροῖν</em></span> <span class='ocrx_word' id='word_1_208' title='bbox 1169 1657 1182 1676; x_wconf 92' lang='grc'><em>,</em></span> <span class='ocrx_word' id='word_1_209' title='bbox 1230 1622 1411 1681; x_wconf 84' lang='grc' dir='ltr'><em>φοβερός</em></span> <span class='ocrx_word' id='word_1_210' title='bbox 1446 1640 1509 1673; x_wconf 89' lang='grc' dir='ltr'><strong>τις</strong></span> <span class='ocrx_word' id='word_1_211' title='bbox 1543 1625 1611 1665; x_wconf 86' lang='grc' dir='ltr'><strong>καὶ</strong></span> <span class='ocrx_word' id='word_1_212' title='bbox 1631 1621 1740 1665; x_wconf 88' lang='grc' dir='ltr'><em>πάνυ</em></span> 
     </span>
     <span class='ocr_line' id='line_1_23' title="bbox 257 1688 1748 1751; baseline -0.001 -16"><span class='ocrx_word' id='word_1_213' title='bbox 257 1709 324 1736; x_wconf 92' lang='grc' dir='ltr'><strong>τοι</strong></span> <span class='ocrx_word' id='word_1_214' title='bbox 356 1692 687 1748; x_wconf 80' lang='grc' dir='ltr'><em>δυσεπιχείρητος</em></span> <span class='ocrx_word' id='word_1_215' title='bbox 719 1696 778 1751; x_wconf 82' lang='grc' dir='ltr'><em>τῷ</em></span> <span class='ocrx_word' id='word_1_216' title='bbox 810 1690 961 1751; x_wconf 81' lang='grc' dir='ltr'><em>Κράλῃ</em></span> <span class='ocrx_word' id='word_1_217' title='bbox 994 1694 1173 1750; x_wconf 84' lang='grc' dir='ltr'><em>Σερβίας</em></span> <span class='ocrx_word' id='word_1_218' title='bbox 1201 1694 1374 1750; x_wconf 75' lang='grc' dir='ltr'><em>ἐγίνετο·</em></span> <span class='ocrx_word' id='word_1_219' title='bbox 1421 1694 1488 1736; x_wconf 81' lang='grc' dir='ltr'><strong>καὶ</strong></span> <span class='ocrx_word' id='word_1_220' title='bbox 1520 1688 1571 1749; x_wconf 69' lang='grc' dir='ltr'><strong>ἦν</strong></span> <span class='ocrx_word' id='word_1_221' title='bbox 1590 1691 1748 1736; x_wconf 73' lang='grc' dir='ltr'><em>οἰῖτωσί</em></span> 
     </span>
     <span class='ocr_line' id='line_1_24' title="bbox 257 1752 1743 1820; baseline 0.001 -15"><span class='ocrx_word' id='word_1_222' title='bbox 257 1779 347 1813; x_wconf 87' lang='grc' dir='ltr'><strong>πως</strong></span> <span class='ocrx_word' id='word_1_223' title='bbox 369 1758 595 1804; x_wconf 80' lang='grc' dir='ltr'><em>ἀπολαύων</em></span> <span class='ocrx_word' id='word_1_224' title='bbox 622 1765 696 1805; x_wconf 83' lang='grc' dir='ltr'><em>τοῦ</em></span> <span class='ocrx_word' id='word_1_225' title='bbox 723 1760 902 1820; x_wconf 89' lang='grc' dir='ltr'><em>χρόνου,</em></span> <span class='ocrx_word' id='word_1_226' title='bbox 948 1762 1025 1806; x_wconf 80' lang='grc' dir='ltr'><strong>κάν</strong></span> <span class='ocrx_word' id='word_1_227' title='bbox 1046 1770 1134 1814; x_wconf 91' lang='grc' dir='ltr'><em>τοῖς</em></span> <span class='ocrx_word' id='word_1_228' title='bbox 1161 1768 1246 1807; x_wconf 85' lang='grc' dir='ltr'><em>τῶν</em></span> <span class='ocrx_word' id='word_1_229' title='bbox 1276 1763 1413 1808; x_wconf 76' lang='grc' dir='ltr'><em>ἄλλων</em></span> <span class='ocrx_word' id='word_1_230' title='bbox 1431 1752 1743 1819; x_wconf 78' lang='grc' dir='ltr'><em>δυστυχήμασιν</em></span> 
     </span>
    </p>
   </div>
   <div class='ocr_carea' id='block_1_3' title="bbox 353 1879 825 1929">
    <p class='ocr_par' dir='ltr' id='par_1_3' title="bbox 353 1879 825 1929">
     <span class='ocr_line' id='line_1_25' title="bbox 353 1879 825 1929; baseline -0.002 -10"><span class='ocrx_word' id='word_1_231' title='bbox 353 1883 409 1920; x_wconf 87' lang='grc'><strong>15.</strong></span> <span class='ocrx_word' id='word_1_232' title='bbox 432 1879 590 1929; x_wconf 80' lang='grc' dir='ltr'><em>ἥκοντος</em></span> <span class='ocrx_word' id='word_1_233' title='bbox 613 1882 702 1917; x_wconf 91' lang='lat' dir='ltr'><strong>coni.</strong></span> <span class='ocrx_word' id='word_1_234' title='bbox 723 1882 825 1919; x_wconf 83' lang='lat' dir='ltr'><strong>Boiv.</strong></span> 
     </span>
    </p>
   </div>
   <div class='ocr_carea' id='block_1_4' title="bbox 201 1985 1750 2874">
    <p class='ocr_par' dir='ltr' id='par_1_4' title="bbox 201 1985 1750 2874">
     <span class='ocr_line' id='line_1_26' title="bbox 258 1985 1744 2034; baseline 0.001 -12"><span class='ocrx_word' id='word_1_235' title='bbox 258 1987 368 2033; x_wconf 82' lang='lat' dir='ltr'><strong>ipsam</strong></span> <span class='ocrx_word' id='word_1_236' title='bbox 390 1986 506 2021; x_wconf 85' lang='lat' dir='ltr'><strong>firmas</strong></span> <span class='ocrx_word' id='word_1_237' title='bbox 527 1985 705 2021; x_wconf 78' lang='lat' dir='ltr'><strong>cautiones</strong></span> <span class='ocrx_word' id='word_1_238' title='bbox 730 1986 897 2021; x_wconf 77' lang='lat' dir='ltr'><strong>fratribus</strong></span> <span class='ocrx_word' id='word_1_239' title='bbox 920 1986 1090 2031; x_wconf 81' lang='lat' dir='ltr'><strong>afferens,</strong></span> <span class='ocrx_word' id='word_1_240' title='bbox 1113 1987 1221 2023; x_wconf 86' lang='lat' dir='ltr'><strong>rediit</strong></span> <span class='ocrx_word' id='word_1_241' title='bbox 1243 1999 1344 2034; x_wconf 87' lang='lat' dir='ltr'><strong>quam</strong></span> <span class='ocrx_word' id='word_1_242' title='bbox 1362 1988 1557 2032; x_wconf 76' lang='lat' dir='ltr'><strong>celerrime,</strong></span> <span class='ocrx_word' id='word_1_243' title='bbox 1583 2001 1643 2024; x_wconf 85' lang='lat' dir='ltr'><strong>eos</strong></span> <span class='ocrx_word' id='word_1_244' title='bbox 1661 2001 1744 2024; x_wconf 88' lang='lat' dir='ltr'><strong>con-</strong></span> 
     </span>
     <span class='ocr_line' id='line_1_27' title="bbox 255 2032 1745 2079; baseline 0.001 -11"><span class='ocrx_word' id='word_1_245' title='bbox 255 2033 331 2079; x_wconf 84' lang='lat' dir='ltr'><strong>iugi</strong></span> <span class='ocrx_word' id='word_1_246' title='bbox 346 2032 547 2079; x_wconf 83' lang='lat' dir='ltr'><strong>imperatori</strong></span> <span class='ocrx_word' id='word_1_247' title='bbox 563 2038 719 2078; x_wconf 83' lang='lat' dir='ltr'><strong>tempore</strong></span> <span class='ocrx_word' id='word_1_248' title='bbox 736 2034 1023 2079; x_wconf 80' lang='lat' dir='ltr'><strong>opportunissimo</strong></span> <span class='ocrx_word' id='word_1_249' title='bbox 1041 2047 1155 2070; x_wconf 84' lang='lat' dir='ltr'><strong>secum</strong></span> <span class='ocrx_word' id='word_1_250' title='bbox 1171 2035 1357 2078; x_wconf 81' lang='lat' dir='ltr'><strong>adducens,</strong></span> <span class='ocrx_word' id='word_1_251' title='bbox 1384 2036 1536 2071; x_wconf 82' lang='lat' dir='ltr'><strong>sinceros</strong></span> <span class='ocrx_word' id='word_1_252' title='bbox 1554 2041 1590 2071; x_wconf 85' lang='lat' dir='ltr'><strong>et</strong></span> <span class='ocrx_word' id='word_1_253' title='bbox 1610 2037 1745 2071; x_wconf 88' lang='lat' dir='ltr'><strong>minime</strong></span> 
     </span>
     <span class='ocr_line' id='line_1_28' title="bbox 260 2080 1745 2128; baseline 0.001 -13"><span class='ocrx_word' id='word_1_254' title='bbox 260 2084 444 2126; x_wconf 86' lang='lat' dir='ltr'><strong>suspectos</strong></span> <span class='ocrx_word' id='word_1_255' title='bbox 463 2081 674 2115; x_wconf 87' lang='lat' dir='ltr'><strong>defensores.</strong></span> <span class='ocrx_word' id='word_1_256' title='bbox 722 2080 822 2125; x_wconf 81' lang='grc' dir='ltr'>(ΙΙΙ.)</span> <span class='ocrx_word' id='word_1_257' title='bbox 848 2081 934 2115; x_wconf 88' lang='lat' dir='ltr'><strong>Cum</strong></span> <span class='ocrx_word' id='word_1_258' title='bbox 955 2087 1067 2116; x_wconf 87' lang='lat' dir='ltr'><strong>autem</strong></span> <span class='ocrx_word' id='word_1_259' title='bbox 1086 2082 1280 2128; x_wconf 83' lang='lat' dir='ltr'><strong>Synadeni,</strong></span> <span class='ocrx_word' id='word_1_260' title='bbox 1305 2083 1363 2128; x_wconf 89' lang='lat' dir='ltr'><strong>qui</strong></span> <span class='ocrx_word' id='word_1_261' title='bbox 1383 2088 1459 2117; x_wconf 84' lang='lat' dir='ltr'><strong>tum</strong></span> <span class='ocrx_word' id='word_1_262' title='bbox 1476 2083 1745 2118; x_wconf 85' lang='lat' dir='ltr'><strong>Thessalonicae</strong></span> 
     </span>
     <span class='ocr_line' id='line_1_29' title="bbox 260 2126 1745 2176; baseline 0.002 -15"><span class='ocrx_word' id='word_1_263' title='bbox 260 2130 436 2174; x_wconf 78' lang='lat' dir='ltr'><strong>praeerat,</strong></span> <span class='ocrx_word' id='word_1_264' title='bbox 453 2127 653 2172; x_wconf 71' lang='lat' dir='ltr'><strong>frequentes</strong></span> <span class='ocrx_word' id='word_1_265' title='bbox 669 2126 807 2161; x_wconf 77' lang='lat' dir='ltr'><strong>litterae</strong></span> <span class='ocrx_word' id='word_1_266' title='bbox 826 2127 1046 2170; x_wconf 78' lang='lat' dir='ltr'><strong>afferrentur,</strong></span> <span class='ocrx_word' id='word_1_267' title='bbox 1065 2128 1342 2164; x_wconf 77' lang='lat' dir='ltr'><strong>Cantacuzenum</strong></span> <span class='ocrx_word' id='word_1_268' title='bbox 1362 2129 1551 2172; x_wconf 84' lang='lat' dir='ltr'>hortantes,</span> <span class='ocrx_word' id='word_1_269' title='bbox 1569 2135 1609 2164; x_wconf 90' lang='lat' dir='ltr'><strong>ut</strong></span> <span class='ocrx_word' id='word_1_270' title='bbox 1625 2142 1745 2176; x_wconf 87' lang='lat' dir='ltr'><strong>quam—</strong></span> 
     </span>
     <span class='ocr_line' id='line_1_30' title="bbox 261 2173 1747 2222; baseline 0.003 -15"><span class='ocrx_word' id='word_1_271' title='bbox 261 2173 407 2220; x_wconf 83' lang='lat' dir='ltr'>primum</span> <span class='ocrx_word' id='word_1_272' title='bbox 429 2173 464 2207; x_wconf 90' lang='lat' dir='ltr'><strong>in</strong></span> <span class='ocrx_word' id='word_1_273' title='bbox 486 2173 725 2208; x_wconf 88' lang='lat' dir='ltr'><strong>Macedoniam</strong></span> <span class='ocrx_word' id='word_1_274' title='bbox 752 2173 935 2217; x_wconf 81' lang='lat' dir='ltr'><strong>transiret,</strong></span> <span class='ocrx_word' id='word_1_275' title='bbox 959 2175 1242 2210; x_wconf 81' lang='lat' dir='ltr'><strong>Thessalonicam</strong></span> <span class='ocrx_word' id='word_1_276' title='bbox 1266 2177 1329 2210; x_wconf 88' lang='lat' dir='ltr'><strong>sub</strong></span> <span class='ocrx_word' id='word_1_277' title='bbox 1351 2181 1558 2222; x_wconf 87' lang='lat' dir='ltr'><strong>potestatem</strong></span> <span class='ocrx_word' id='word_1_278' title='bbox 1577 2188 1670 2211; x_wconf 88' lang='lat' dir='ltr'><strong>suam</strong></span> <span class='ocrx_word' id='word_1_279' title='bbox 1693 2177 1747 2211; x_wconf 76' lang='lat' dir='ltr'><strong>fa-</strong></span> 
     </span>
     <span class='ocr_line' id='line_1_31' title="bbox 261 2220 1746 2269; baseline 0.003 -16"><span class='ocrx_word' id='word_1_280' title='bbox 261 2220 320 2254; x_wconf 86' lang='lat' dir='ltr'><strong>cili</strong></span> <span class='ocrx_word' id='word_1_281' title='bbox 342 2220 460 2254; x_wconf 87' lang='lat' dir='ltr'><strong>labore</strong></span> <span class='ocrx_word' id='word_1_282' title='bbox 476 2220 697 2254; x_wconf 86' lang='lat' dir='ltr'><strong>redacturus:</strong></span> <span class='ocrx_word' id='word_1_283' title='bbox 722 2232 799 2254; x_wconf 87' lang='lat' dir='ltr'><strong>esse</strong></span> <span class='ocrx_word' id='word_1_284' title='bbox 820 2220 907 2255; x_wconf 88' lang='lat' dir='ltr'><strong>enim</strong></span> <span class='ocrx_word' id='word_1_285' title='bbox 933 2221 1018 2256; x_wconf 88' lang='lat' dir='ltr'><strong>illud</strong></span> <span class='ocrx_word' id='word_1_286' title='bbox 1037 2222 1237 2269; x_wconf 87' lang='lat' dir='ltr'><strong>iampridem</strong></span> <span class='ocrx_word' id='word_1_287' title='bbox 1259 2235 1280 2256; x_wconf 88' lang='lat' dir='ltr'><strong>a</strong></span> <span class='ocrx_word' id='word_1_288' title='bbox 1298 2235 1337 2257; x_wconf 88' lang='lat' dir='ltr'><strong>se</strong></span> <span class='ocrx_word' id='word_1_289' title='bbox 1358 2224 1500 2258; x_wconf 89' lang='lat' dir='ltr'><strong>occultis</strong></span> <span class='ocrx_word' id='word_1_290' title='bbox 1517 2223 1746 2258; x_wconf 75' lang='lat' dir='ltr'><strong>molitionibus</strong></span> 
     </span>
     <span class='ocr_line' id='line_1_32' title="bbox 261 2268 1746 2315; baseline 0.003 -15"><span class='ocrx_word' id='word_1_291' title='bbox 261 2272 527 2313; x_wconf 80' lang='lat' dir='ltr'><strong>praeparatum:</strong></span> <span class='ocrx_word' id='word_1_292' title='bbox 551 2268 594 2300; x_wconf 88' lang='lat' dir='ltr'><strong>ob</strong></span> <span class='ocrx_word' id='word_1_293' title='bbox 617 2279 691 2301; x_wconf 88' lang='lat' dir='ltr'><strong>eam</strong></span> <span class='ocrx_word' id='word_1_294' title='bbox 718 2279 874 2310; x_wconf 84' lang='lat' dir='ltr'><strong>causam,</strong></span> <span class='ocrx_word' id='word_1_295' title='bbox 900 2280 975 2302; x_wconf 90' lang='lat' dir='ltr'><strong>cum</strong></span> <span class='ocrx_word' id='word_1_296' title='bbox 993 2269 1091 2302; x_wconf 85' lang='lat' dir='ltr'><strong>uxori</strong></span> <span class='ocrx_word' id='word_1_297' title='bbox 1114 2281 1197 2304; x_wconf 85' lang='lat' dir='ltr'><strong>suae</strong></span> <span class='ocrx_word' id='word_1_298' title='bbox 1216 2270 1339 2304; x_wconf 85' lang='lat' dir='ltr'><strong>Irenae</strong></span> <span class='ocrx_word' id='word_1_299' title='bbox 1362 2270 1594 2315; x_wconf 82' lang='lat' dir='ltr'><strong>imperatrici,</strong></span> <span class='ocrx_word' id='word_1_300' title='bbox 1620 2277 1656 2305; x_wconf 83' lang='lat' dir='ltr'><strong>et</strong></span> <span class='ocrx_word' id='word_1_301' title='bbox 1671 2271 1746 2304; x_wconf 90' lang='lat' dir='ltr'><strong>eius</strong></span> 
     </span>
     <span class='ocr_line' id='line_1_33' title="bbox 262 2313 1747 2363; baseline 0.003 -16"><span class='ocrx_word' id='word_1_302' title='bbox 262 2314 365 2348; x_wconf 81' lang='lat' dir='ltr'><strong>fratri</strong></span> <span class='ocrx_word' id='word_1_303' title='bbox 393 2313 545 2347; x_wconf 85' lang='lat' dir='ltr'><strong>Manueli</strong></span> <span class='ocrx_word' id='word_1_304' title='bbox 561 2314 688 2356; x_wconf 88' lang='lat' dir='ltr'><strong>Asani‚</strong></span> <span class='ocrx_word' id='word_1_305' title='bbox 711 2313 946 2358; x_wconf 86' lang='lat' dir='ltr'><strong>Didymotichi</strong></span> <span class='ocrx_word' id='word_1_306' title='bbox 966 2316 1218 2361; x_wconf 79' lang='lat' dir='ltr'><strong>praefecturam</strong></span> <span class='ocrx_word' id='word_1_307' title='bbox 1243 2316 1465 2358; x_wconf 81' lang='lat' dir='ltr'><strong>tradidisset,</strong></span> <span class='ocrx_word' id='word_1_308' title='bbox 1489 2317 1614 2363; x_wconf 83' lang='lat' dir='ltr'><strong>cupide</strong></span> <span class='ocrx_word' id='word_1_309' title='bbox 1631 2317 1747 2351; x_wconf 87' lang='lat' dir='ltr'><strong>statim</strong></span> 
     </span>
     <span class='ocr_line' id='line_1_34' title="bbox 264 2360 1746 2409; baseline 0.003 -16"><span class='ocrx_word' id='word_1_310' title='bbox 264 2360 516 2405; x_wconf 83' lang='lat' dir='ltr'><strong>proficiscitur,</strong></span> <span class='ocrx_word' id='word_1_311' title='bbox 542 2364 577 2394; x_wconf 83' lang='lat' dir='ltr'><strong>et</strong></span> <span class='ocrx_word' id='word_1_312' title='bbox 597 2360 772 2394; x_wconf 75' lang='lat' dir='ltr'><strong>castellum</strong></span> <span class='ocrx_word' id='word_1_313' title='bbox 790 2361 908 2403; x_wconf 85' lang='lat' dir='ltr'><strong>munit,</strong></span> <span class='ocrx_word' id='word_1_314' title='bbox 933 2362 1023 2407; x_wconf 89' lang='lat' dir='ltr'><strong>quod</strong></span> <span class='ocrx_word' id='word_1_315' title='bbox 1042 2362 1258 2409; x_wconf 84' lang='lat' dir='ltr'><strong>Polystylum</strong></span> <span class='ocrx_word' id='word_1_316' title='bbox 1275 2363 1353 2397; x_wconf 90' lang='lat' dir='ltr'><strong>olim</strong></span> <span class='ocrx_word' id='word_1_317' title='bbox 1369 2370 1601 2409; x_wconf 83' lang='lat' dir='ltr'><strong>nuncupatum</strong></span> <span class='ocrx_word' id='word_1_318' title='bbox 1620 2364 1656 2397; x_wconf 89' lang='lat' dir='ltr'><strong>in</strong></span> <span class='ocrx_word' id='word_1_319' title='bbox 1674 2376 1746 2398; x_wconf 86' lang='lat' dir='ltr'><strong>ma—</strong></span> 
     </span>
     <span class='ocr_line' id='line_1_35' title="bbox 260 2406 1748 2454; baseline 0.003 -14"><span class='ocrx_word' id='word_1_320' title='bbox 260 2406 377 2441; x_wconf 84' lang='lat' dir='ltr'><strong>ritima</strong></span> <span class='ocrx_word' id='word_1_321' title='bbox 400 2418 460 2441; x_wconf 81' lang='lat' dir='ltr'><strong>ora</strong></span> <span class='ocrx_word' id='word_1_322' title='bbox 481 2406 664 2441; x_wconf 83' lang='lat' dir='ltr'><strong>novissime</strong></span> <span class='ocrx_word' id='word_1_323' title='bbox 686 2406 761 2452; x_wconf 80' lang='lat' dir='ltr'><strong>ipse</strong></span> <span class='ocrx_word' id='word_1_324' title='bbox 780 2408 931 2453; x_wconf 86' lang='lat' dir='ltr'><strong>propriis</strong></span> <span class='ocrx_word' id='word_1_325' title='bbox 951 2409 1141 2454; x_wconf 83' lang='lat' dir='ltr'><strong>sumptibus</strong></span> <span class='ocrx_word' id='word_1_326' title='bbox 1163 2410 1385 2452; x_wconf 83' lang='lat' dir='ltr'><strong>restituerat,</strong></span> <span class='ocrx_word' id='word_1_327' title='bbox 1409 2410 1505 2444; x_wconf 82' lang='lat' dir='ltr'><strong>iuxta</strong></span> <span class='ocrx_word' id='word_1_328' title='bbox 1521 2411 1625 2445; x_wconf 85' lang='lat' dir='ltr'><strong>Nesti</strong></span> <span class='ocrx_word' id='word_1_329' title='bbox 1644 2411 1748 2452; x_wconf 79' lang='lat' dir='ltr'><strong>ostia,</strong></span> 
     </span>
     <span class='ocr_line' id='line_1_36' title="bbox 261 2453 1748 2502; baseline 0.003 -15"><span class='ocrx_word' id='word_1_330' title='bbox 261 2454 322 2498; x_wconf 86' lang='lat' dir='ltr'><strong>qui</strong></span> <span class='ocrx_word' id='word_1_331' title='bbox 350 2453 514 2487; x_wconf 82' lang='lat' dir='ltr'><strong>maximus</strong></span> <span class='ocrx_word' id='word_1_332' title='bbox 537 2453 712 2487; x_wconf 79' lang='lat' dir='ltr'><strong>Thraciae</strong></span> <span class='ocrx_word' id='word_1_333' title='bbox 732 2454 860 2487; x_wconf 83' lang='lat' dir='ltr'><strong>fluvius</strong></span> <span class='ocrx_word' id='word_1_334' title='bbox 881 2467 923 2489; x_wconf 87' lang='lat' dir='ltr'><strong>ex</strong></span> <span class='ocrx_word' id='word_1_335' title='bbox 948 2455 1079 2490; x_wconf 85' lang='lat' dir='ltr'><strong>Haemo</strong></span> <span class='ocrx_word' id='word_1_336' title='bbox 1104 2460 1217 2490; x_wconf 87' lang='lat' dir='ltr'><strong>monte</strong></span> <span class='ocrx_word' id='word_1_337' title='bbox 1236 2468 1419 2502; x_wconf 85' lang='lat' dir='ltr'><strong>erumpens</strong></span> <span class='ocrx_word' id='word_1_338' title='bbox 1442 2457 1566 2491; x_wconf 83' lang='lat' dir='ltr'><strong>undam</strong></span> <span class='ocrx_word' id='word_1_339' title='bbox 1586 2457 1622 2491; x_wconf 91' lang='lat' dir='ltr'><strong>in</strong></span> <span class='ocrx_word' id='word_1_340' title='bbox 1642 2457 1748 2491; x_wconf 83' lang='lat' dir='ltr'><strong>maris</strong></span> 
     </span>
     <span class='ocr_line' id='line_1_37' title="bbox 262 2499 1748 2548; baseline 0.003 -15"><span class='ocrx_word' id='word_1_341' title='bbox 262 2499 396 2544; x_wconf 85' lang='lat' dir='ltr'><strong>Aegaei</strong></span> <span class='ocrx_word' id='word_1_342' title='bbox 412 2499 509 2534; x_wconf 89' lang='lat' dir='ltr'><strong>littus</strong></span> <span class='ocrx_word' id='word_1_343' title='bbox 520 2500 657 2534; x_wconf 86' lang='lat' dir='ltr'><strong>evomit.</strong></span> <span class='ocrx_word' id='word_1_344' title='bbox 706 2500 807 2545; x_wconf 85' lang='lat' dir='ltr'>(lv.)</span> <span class='ocrx_word' id='word_1_345' title='bbox 833 2500 900 2534; x_wconf 88' lang='lat' dir='ltr'><strong>Vix</strong></span> <span class='ocrx_word' id='word_1_346' title='bbox 916 2513 958 2536; x_wconf 84' lang='lat' dir='ltr'><strong>ea</strong></span> <span class='ocrx_word' id='word_1_347' title='bbox 980 2502 1174 2536; x_wconf 83' lang='lat' dir='ltr'><strong>aedificatio</strong></span> <span class='ocrx_word' id='word_1_348' title='bbox 1193 2503 1238 2537; x_wconf 90' lang='lat' dir='ltr'><strong>ad</strong></span> <span class='ocrx_word' id='word_1_349' title='bbox 1259 2503 1359 2537; x_wconf 87' lang='lat' dir='ltr'><strong>finem</strong></span> <span class='ocrx_word' id='word_1_350' title='bbox 1382 2504 1647 2548; x_wconf 83' lang='lat' dir='ltr'><strong>perducebatur,</strong></span> <span class='ocrx_word' id='word_1_351' title='bbox 1672 2515 1748 2538; x_wconf 87' lang='lat' dir='ltr'><strong>cum</strong></span> 
     </span>
     <span class='ocr_line' id='line_1_38' title="bbox 262 2546 1748 2595; baseline 0.003 -16"><span class='ocrx_word' id='word_1_352' title='bbox 262 2550 299 2580; x_wconf 87' lang='lat' dir='ltr'><strong>et</strong></span> <span class='ocrx_word' id='word_1_353' title='bbox 317 2546 462 2581; x_wconf 87' lang='lat' dir='ltr'><strong>Chreles</strong></span> <span class='ocrx_word' id='word_1_354' title='bbox 479 2546 656 2581; x_wconf 83' lang='lat' dir='ltr'><strong>Triballus</strong></span> <span class='ocrx_word' id='word_1_355' title='bbox 682 2558 790 2592; x_wconf 91' lang='lat' dir='ltr'><strong>prope</strong></span> <span class='ocrx_word' id='word_1_356' title='bbox 811 2547 981 2582; x_wconf 80' lang='lat' dir='ltr'><strong>affuturus</strong></span> <span class='ocrx_word' id='word_1_357' title='bbox 1003 2549 1079 2583; x_wconf 77' lang='lat' dir='ltr'><strong>fuit.</strong></span> <span class='ocrx_word' id='word_1_358' title='bbox 1127 2549 1198 2584; x_wconf 90' lang='lat' dir='ltr'><strong>Hic</strong></span> <span class='ocrx_word' id='word_1_359' title='bbox 1222 2561 1298 2584; x_wconf 89' lang='lat' dir='ltr'><strong>cum</strong></span> <span class='ocrx_word' id='word_1_360' title='bbox 1322 2553 1424 2584; x_wconf 89' lang='lat' dir='ltr'><strong>antea</strong></span> <span class='ocrx_word' id='word_1_361' title='bbox 1442 2549 1586 2595; x_wconf 86' lang='lat' dir='ltr'><strong>imperio</strong></span> <span class='ocrx_word' id='word_1_362' title='bbox 1606 2550 1748 2585; x_wconf 84' lang='lat' dir='ltr'><strong>Tribal-</strong></span> 
     </span>
     <span class='ocr_line' id='line_1_39' title="bbox 261 2592 1749 2641; baseline 0.003 -15"><span class='ocrx_word' id='word_1_363' title='bbox 261 2592 370 2627; x_wconf 88' lang='lat' dir='ltr'><strong>lorum</strong></span> <span class='ocrx_word' id='word_1_364' title='bbox 398 2593 491 2638; x_wconf 80' lang='lat' dir='ltr'><strong>regis</strong></span> <span class='ocrx_word' id='word_1_365' title='bbox 519 2593 716 2638; x_wconf 83' lang='lat' dir='ltr'><strong>paruisset,</strong></span> <span class='ocrx_word' id='word_1_366' title='bbox 748 2593 865 2628; x_wconf 84' lang='lat' dir='ltr'><strong>nescio</strong></span> <span class='ocrx_word' id='word_1_367' title='bbox 886 2606 971 2639; x_wconf 87' lang='lat' dir='ltr'><strong>quas</strong></span> <span class='ocrx_word' id='word_1_368' title='bbox 993 2596 1037 2629; x_wconf 90' lang='lat' dir='ltr'><strong>ob</strong></span> <span class='ocrx_word' id='word_1_369' title='bbox 1059 2607 1183 2630; x_wconf 83' lang='lat' dir='ltr'><strong>causas</strong></span> <span class='ocrx_word' id='word_1_370' title='bbox 1205 2596 1289 2630; x_wconf 86' lang='lat' dir='ltr'><strong>fidei</strong></span> <span class='ocrx_word' id='word_1_371' title='bbox 1315 2595 1451 2630; x_wconf 86' lang='lat' dir='ltr'><strong>vincula</strong></span> <span class='ocrx_word' id='word_1_372' title='bbox 1479 2597 1686 2641; x_wconf 82' lang='lat' dir='ltr'><strong>abruperat,</strong></span> <span class='ocrx_word' id='word_1_373' title='bbox 1712 2601 1749 2631; x_wconf 87' lang='lat' dir='ltr'><strong>et</strong></span> 
     </span>
     <span class='ocr_line' id='line_1_40' title="bbox 259 2639 1748 2689; baseline 0.003 -16"><span class='ocrx_word' id='word_1_374' title='bbox 259 2639 435 2685; x_wconf 86' lang='lat' dir='ltr'><strong>proprium</strong></span> <span class='ocrx_word' id='word_1_375' title='bbox 455 2639 522 2673; x_wconf 73' lang='lat' dir='ltr'><strong>sibi</strong></span> <span class='ocrx_word' id='word_1_376' title='bbox 547 2639 728 2685; x_wconf 88' lang='lat' dir='ltr'><strong>imperium</strong></span> <span class='ocrx_word' id='word_1_377' title='bbox 746 2640 899 2682; x_wconf 79' lang='lat' dir='ltr'><strong>fecerat3</strong></span> <span class='ocrx_word' id='word_1_378' title='bbox 932 2641 968 2675; x_wconf 89' lang='lat' dir='ltr'><strong>iu</strong></span> <span class='ocrx_word' id='word_1_379' title='bbox 985 2642 1239 2677; x_wconf 87' lang='lat' dir='ltr'><strong>Strummitzam</strong></span> <span class='ocrx_word' id='word_1_380' title='bbox 1262 2654 1401 2689; x_wconf 88' lang='lat' dir='ltr'><strong>nempe,</strong></span> <span class='ocrx_word' id='word_1_381' title='bbox 1425 2644 1599 2678; x_wconf 84' lang='lat' dir='ltr'><strong>castellum</strong></span> <span class='ocrx_word' id='word_1_382' title='bbox 1623 2644 1667 2677; x_wconf 85' lang='lat' dir='ltr'><strong>ad</strong></span> <span class='ocrx_word' id='word_1_383' title='bbox 1685 2655 1748 2677; x_wconf 87' lang='lat' dir='ltr'><strong>nu-</strong></span> 
     </span>
     <span class='ocr_line' id='line_1_41' title="bbox 259 2685 1749 2735; baseline 0.004 -16"><span class='ocrx_word' id='word_1_384' title='bbox 259 2685 322 2719; x_wconf 82' lang='lat' dir='ltr'><strong>bes</strong></span> <span class='ocrx_word' id='word_1_385' title='bbox 347 2687 458 2731; x_wconf 86' lang='lat' dir='ltr'><strong>usque&#39;</strong></span> <span class='ocrx_word' id='word_1_386' title='bbox 480 2686 658 2729; x_wconf 87' lang='lat' dir='ltr'><strong>eductum,</strong></span> <span class='ocrx_word' id='word_1_387' title='bbox 681 2691 718 2721; x_wconf 85' lang='lat' dir='ltr'><strong>et</strong></span> <span class='ocrx_word' id='word_1_388' title='bbox 737 2698 973 2733; x_wconf 77' lang='lat' dir='ltr'><strong>quaecumque</strong></span> <span class='ocrx_word' id='word_1_389' title='bbox 996 2689 1091 2723; x_wconf 82' lang='lat' dir='ltr'><strong>circa</strong></span> <span class='ocrx_word' id='word_1_390' title='bbox 1109 2689 1326 2735; x_wconf 86' lang='lat' dir='ltr'><strong>Strymonem</strong></span> <span class='ocrx_word' id='word_1_391' title='bbox 1349 2689 1490 2724; x_wconf 89' lang='lat' dir='ltr'><strong>fluvium</strong></span> <span class='ocrx_word' id='word_1_392' title='bbox 1515 2690 1648 2735; x_wconf 88' lang='lat' dir='ltr'><strong>oppida</strong></span> <span class='ocrx_word' id='word_1_393' title='bbox 1667 2692 1749 2725; x_wconf 82' lang='lat' dir='ltr'><strong>Am-</strong></span> 
     </span>
     <span class='ocr_line' id='line_1_42' title="bbox 263 2731 1750 2780; baseline 0.004 -15"><span class='ocrx_word' id='word_1_394' title='bbox 263 2731 421 2778; x_wconf 82' lang='lat' dir='ltr'><strong>phipolin</strong></span> <span class='ocrx_word' id='word_1_395' title='bbox 447 2744 556 2778; x_wconf 88' lang='lat' dir='ltr'><strong>usque</strong></span> <span class='ocrx_word' id='word_1_396' title='bbox 581 2733 651 2767; x_wconf 79' lang='lat' dir='ltr'><strong>sita</strong></span> <span class='ocrx_word' id='word_1_397' title='bbox 672 2738 766 2767; x_wconf 86' lang='lat' dir='ltr'><strong>sunt.</strong></span> <span class='ocrx_word' id='word_1_398' title='bbox 814 2733 954 2768; x_wconf 85' lang='lat' dir='ltr'><strong>Etenim</strong></span> <span class='ocrx_word' id='word_1_399' title='bbox 970 2740 1115 2780; x_wconf 86' lang='lat' dir='ltr'><strong>propter</strong></span> <span class='ocrx_word' id='word_1_400' title='bbox 1134 2735 1236 2770; x_wconf 85' lang='lat' dir='ltr'><strong>civile</strong></span> <span class='ocrx_word' id='word_1_401' title='bbox 1253 2736 1482 2770; x_wconf 82' lang='lat' dir='ltr'><strong>Romanorum</strong></span> <span class='ocrx_word' id='word_1_402' title='bbox 1504 2737 1649 2779; x_wconf 84' lang='lat' dir='ltr'><strong>bellum,</strong></span> <span class='ocrx_word' id='word_1_403' title='bbox 1672 2748 1750 2771; x_wconf 89' lang='lat' dir='ltr'><strong>cum</strong></span> 
     </span>
     <span class='ocr_line' id='line_1_43' title="bbox 201 2778 1749 2829; baseline 0.003 -18"><span class='ocrx_word' id='word_1_404' title='bbox 201 2798 205 2802; x_wconf 70' lang='lat'><em>‹</em></span> <span class='ocrx_word' id='word_1_405' title='bbox 262 2782 432 2823; x_wconf 85' lang='lat' dir='ltr'><strong>utraeque</strong></span> <span class='ocrx_word' id='word_1_406' title='bbox 451 2778 545 2814; x_wconf 89' lang='lat' dir='ltr'><strong>illum</strong></span> <span class='ocrx_word' id='word_1_407' title='bbox 564 2787 681 2825; x_wconf 79' lang='lat' dir='ltr'><strong>partes</strong></span> <span class='ocrx_word' id='word_1_408' title='bbox 699 2779 940 2822; x_wconf 81' lang='lat' dir='ltr'><strong>adularentur,</strong></span> <span class='ocrx_word' id='word_1_409' title='bbox 963 2781 1200 2816; x_wconf 77' lang='lat' dir='ltr'><strong>formidandus</strong></span> <span class='ocrx_word' id='word_1_410' title='bbox 1217 2781 1315 2816; x_wconf 80' lang='lat' dir='ltr'><strong>Crali</strong></span> <span class='ocrx_word' id='word_1_411' title='bbox 1330 2782 1477 2817; x_wconf 60' lang='lat' dir='ltr'><strong>Ser-viae</strong></span> <span class='ocrx_word' id='word_1_412' title='bbox 1496 2788 1533 2818; x_wconf 90' lang='lat' dir='ltr'><strong>et</strong></span> <span class='ocrx_word' id='word_1_413' title='bbox 1548 2787 1749 2829; x_wconf 85' lang='lat' dir='ltr'><strong>expugnatu</strong></span> 
     </span>
     <span class='ocr_line' id='line_1_44' title="bbox 263 2824 1750 2874; baseline 0.003 -16"><span class='ocrx_word' id='word_1_414' title='bbox 263 2824 485 2860; x_wconf 83' lang='lat' dir='ltr'><strong>difficillimus</strong></span> <span class='ocrx_word' id='word_1_415' title='bbox 512 2830 683 2864; x_wconf 86' lang='lat' dir='ltr'><strong>evaserat.</strong></span> <span class='ocrx_word' id='word_1_416' title='bbox 729 2826 791 2861; x_wconf 87' lang='lat' dir='ltr'><strong>Sic</strong></span> <span class='ocrx_word' id='word_1_417' title='bbox 815 2825 878 2862; x_wconf 83' lang='lat' dir='ltr'><strong>illa</strong></span> <span class='ocrx_word' id='word_1_418' title='bbox 899 2831 1088 2874; x_wconf 86' lang='lat' dir='ltr'><strong>temporum</strong></span> <span class='ocrx_word' id='word_1_419' title='bbox 1115 2828 1314 2865; x_wconf 85' lang='lat' dir='ltr'><strong>conditione</strong></span> <span class='ocrx_word' id='word_1_420' title='bbox 1332 2829 1531 2872; x_wconf 81' lang='lat' dir='ltr'><strong>fruebatur,</strong></span> <span class='ocrx_word' id='word_1_421' title='bbox 1554 2830 1750 2866; x_wconf 79' lang='lat' dir='ltr'><strong>fortunatus</strong></span> 
     </span>
    </p>
   </div>
  </div>
 </body>
</html>
