<?xml version="1.0" encoding="UTF-8"?>
<!DOCTYPE html PUBLIC "-//W3C//DTD XHTML 1.0 Transitional//EN"
    "http://www.w3.org/TR/xhtml1/DTD/xhtml1-transitional.dtd">
<html xmlns="http://www.w3.org/1999/xhtml" xml:lang="en" lang="en">
 <head>
  <title>
</title>
<meta http-equiv="Content-Type" content="text/html;charset=utf-8" />
  <meta name='ocr-system' content='tesseract 3.04.00' />
  <meta name='ocr-capabilities' content='ocr_page ocr_carea ocr_par ocr_line ocrx_word'/>
</head>
<body>
  <div class='ocr_page' id='page_1' title='image "./corpusscriptorum39niebuoft_0102.png"; bbox 0 0 1794 3172; ppageno 0'>
   <div class='ocr_carea' id='block_1_1' title="bbox 3 273 211 358">
    <p class='ocr_par' dir='ltr' id='par_1_1' title="bbox 3 273 211 358">
     <span class='ocr_line' id='line_1_1' title="bbox 3 273 211 311; baseline -0.005 0"><span class='ocrx_word' id='word_1_1' title='bbox 3 277 41 311; x_wconf 75' lang='lat' dir='ltr'><strong>A.</strong></span> <span class='ocrx_word' id='word_1_2' title='bbox 59 275 102 308; x_wconf 90' lang='grc' dir='ltr'><strong>Μ.</strong></span> <span class='ocrx_word' id='word_1_3' title='bbox 121 273 211 310; x_wconf 87' lang='grc'>6851</span> 
     </span>
     <span class='ocr_line' id='line_1_2' title="bbox 49 322 176 358; baseline 0.016 -2"><span class='ocrx_word' id='word_1_4' title='bbox 49 323 118 356; x_wconf 82' lang='lat' dir='ltr'><strong>[nd.</strong></span> <span class='ocrx_word' id='word_1_5' title='bbox 133 322 176 358; x_wconf 82' lang='lat'><strong>11</strong></span> 
     </span>
    </p>
   </div>
   <div class='ocr_carea' id='block_1_2' title="bbox 226 141 1305 197">
    <p class='ocr_par' dir='ltr' id='par_1_2' title="bbox 226 141 1305 197">
     <span class='ocr_line' id='line_1_3' title="bbox 226 141 1305 197; baseline -0.007 0"><span class='ocrx_word' id='word_1_6' title='bbox 226 149 328 197; x_wconf 87' lang='grc'><strong>660</strong></span> <span class='ocrx_word' id='word_1_7' title='bbox 512 190 516 195; x_wconf 93' lang='grc'><strong>.</strong></span> <span class='ocrx_word' id='word_1_8' title='bbox 633 141 950 197; x_wconf 82' lang='lat' dir='ltr'>NICEPHORI</span> <span class='ocrx_word' id='word_1_9' title='bbox 978 145 1305 194; x_wconf 88' lang='lat' dir='ltr'><strong>GREGORAE</strong></span> 
     </span>
    </p>
   </div>
   <div class='ocr_carea' id='block_1_3' title="bbox 222 255 1786 322">
    <p class='ocr_par' dir='ltr' id='par_1_3' title="bbox 222 255 1786 322">
     <span class='ocr_line' id='line_1_4' title="bbox 222 255 1786 322; baseline -0.004 -13"><span class='ocrx_word' id='word_1_10' title='bbox 222 263 405 322; x_wconf 89' lang='grc' dir='ltr'><strong><em>μάλιστα</em></strong></span> <span class='ocrx_word' id='word_1_11' title='bbox 435 264 656 318; x_wconf 76' lang='grc' dir='ltr'><strong><em>διαβαίνειν</em></strong></span> <span class='ocrx_word' id='word_1_12' title='bbox 684 262 872 313; x_wconf 74' lang='grc' dir='ltr'><strong><em>ἐπίδοξος</em></strong></span> <span class='ocrx_word' id='word_1_13' title='bbox 900 255 953 317; x_wconf 73' lang='grc' dir='ltr'><strong><em>ἦν</em></strong></span> <span class='ocrx_word' id='word_1_14' title='bbox 986 258 1007 304; x_wconf 83' lang='grc' dir='ltr'>ὅ</span> <span class='ocrx_word' id='word_1_15' title='bbox 1037 256 1234 315; x_wconf 73' lang='grc' dir='ltr'><strong><em>βασιλεὺς</em></strong></span> <span class='ocrx_word' id='word_1_16' title='bbox 1271 256 1379 301; x_wconf 78' lang='grc' dir='ltr'><strong><em>κατὰ</em></strong></span> <span class='ocrx_word' id='word_1_17' title='bbox 1411 259 1487 317; x_wconf 83' lang='grc' dir='ltr'><strong>τὴν</strong></span> <span class='ocrx_word' id='word_1_18' title='bbox 1517 256 1723 304; x_wconf 71' lang='grc' dir='ltr'><strong><em>ἐπάνοδον</em></strong></span> <span class='ocrx_word' id='word_1_19' title='bbox 1780 269 1786 284; x_wconf 67' lang='lat'><em>³</em></span> 
     </span>
    </p>
   </div>
   <div class='ocr_carea' id='block_1_4' title="bbox 231 334 331 350">
    <p class='ocr_par' dir='ltr' id='par_1_4' title="bbox 231 334 331 350">
     <span class='ocr_line' id='line_1_5' title="bbox 231 334 331 350; baseline -0.01 0"><span class='ocrx_word' id='word_1_20' title='bbox 231 334 246 350; x_wconf 68' lang='lat' dir='ltr'>C</span> <span class='ocrx_word' id='word_1_21' title='bbox 312 339 331 349; x_wconf 67' lang='lat' dir='ltr'><strong>m</strong></span> 
     </span>
    </p>
   </div>
   <div class='ocr_carea' id='block_1_5' title="bbox 174 329 1723 394">
    <p class='ocr_par' dir='ltr' id='par_1_5' title="bbox 174 329 1723 394">
     <span class='ocr_line' id='line_1_6' title="bbox 174 329 1723 394; baseline -0.003 -15"><span class='ocrx_word' id='word_1_22' title='bbox 174 381 180 386; x_wconf 67' lang='grc'><strong><em>,</em></strong></span> <span class='ocrx_word' id='word_1_23' title='bbox 225 352 341 392; x_wconf 72' lang='grc' dir='ltr'><strong><em>ομον</em></strong></span> <span class='ocrx_word' id='word_1_24' title='bbox 364 339 423 394; x_wconf 79' lang='grc' dir='ltr'><strong>τῷ</strong></span> <span class='ocrx_word' id='word_1_25' title='bbox 448 338 620 392; x_wconf 77' lang='grc' dir='ltr'><strong><em>,στρατῷ</em></strong></span> <span class='ocrx_word' id='word_1_26' title='bbox 634 366 647 386; x_wconf 84' lang='grc'><strong><em>,</em></strong></span> <span class='ocrx_word' id='word_1_27' title='bbox 697 330 753 382; x_wconf 78' lang='grc' dir='ltr'><strong>ὥς</strong></span> <span class='ocrx_word' id='word_1_28' title='bbox 783 331 835 375; x_wconf 75' lang='grc' dir='ltr'><strong><em>ἂν</em></strong></span> <span class='ocrx_word' id='word_1_29' title='bbox 864 331 1061 388; x_wconf 75' lang='grc' dir='ltr'><strong><em>ἐξαίφνης</em></strong></span> <span class='ocrx_word' id='word_1_30' title='bbox 1081 329 1276 386; x_wconf 78' lang='grc' dir='ltr'><strong><em>ἀγνοοῦσι</em></strong></span> <span class='ocrx_word' id='word_1_31' title='bbox 1311 329 1404 386; x_wconf 80' lang='grc' dir='ltr'><strong><em>περὶ</em></strong></span> <span class='ocrx_word' id='word_1_32' title='bbox 1424 330 1501 387; x_wconf 82' lang='grc' dir='ltr'><strong>τὴν</strong></span> <span class='ocrx_word' id='word_1_33' title='bbox 1526 329 1723 386; x_wconf 83' lang='grc' dir='ltr'><strong><em>διάβασιν</em></strong></span> 
     </span>
    </p>
   </div>
   <div class='ocr_carea' id='block_1_6' title="bbox 225 396 1754 598">
    <p class='ocr_par' dir='ltr' id='par_1_6' title="bbox 225 396 1754 598">
     <span class='ocr_line' id='line_1_7' title="bbox 226 396 1725 460; baseline -0.004 -11"><span class='ocrx_word' id='word_1_34' title='bbox 226 401 531 455; x_wconf 73' lang='grc' dir='ltr'><strong><em>ἐπεισπεσόντες</em></strong></span> <span class='ocrx_word' id='word_1_35' title='bbox 560 400 806 460; x_wconf 75' lang='grc' dir='ltr'><strong><em>περιβόητον</em></strong></span> <span class='ocrx_word' id='word_1_36' title='bbox 839 398 1021 456; x_wconf 75' lang='grc' dir='ltr'><strong><em>στήσωσι</em></strong></span> <span class='ocrx_word' id='word_1_37' title='bbox 1050 396 1250 457; x_wconf 88' lang='grc' dir='ltr'><strong><em>τρόπαιον</em></strong></span> <span class='ocrx_word' id='word_1_38' title='bbox 1274 398 1318 441; x_wconf 75' lang='grc' dir='ltr'><strong><em>ἐν</em></strong></span> <span class='ocrx_word' id='word_1_39' title='bbox 1347 402 1508 456; x_wconf 75' lang='grc' dir='ltr'><strong><em>βραχεῖ.</em></strong></span> <span class='ocrx_word' id='word_1_40' title='bbox 1546 399 1725 451; x_wconf 83' lang='grc' dir='ltr'><strong><em>τούτους</em></strong></span> 
     </span>
     <span class='ocr_line' id='line_1_8' title="bbox 225 469 1727 533; baseline -0.003 -15"><span class='ocrx_word' id='word_1_41' title='bbox 225 493 268 533; x_wconf 88' lang='grc' dir='ltr'><strong><em>γε</em></strong></span> <span class='ocrx_word' id='word_1_42' title='bbox 296 474 380 531; x_wconf 82' lang='grc' dir='ltr'><strong>μὴν</strong></span> <span class='ocrx_word' id='word_1_43' title='bbox 424 474 464 517; x_wconf 78' lang='grc' dir='ltr'><strong><em>οἳ</em></strong></span> <span class='ocrx_word' id='word_1_44' title='bbox 500 471 733 530; x_wconf 71' lang='grc' dir='ltr'><strong><em>πρόδρομοι</em></strong></span> <span class='ocrx_word' id='word_1_45' title='bbox 770 475 855 515; x_wconf 90' lang='grc' dir='ltr'><strong>τῶν</strong></span> <span class='ocrx_word' id='word_1_46' title='bbox 889 472 1155 527; x_wconf 82' lang='grc' dir='ltr'><strong><em>στρατιωτῶν</em></strong></span> <span class='ocrx_word' id='word_1_47' title='bbox 1193 471 1269 511; x_wconf 80' lang='grc' dir='ltr'><strong>τοῦ</strong></span> <span class='ocrx_word' id='word_1_48' title='bbox 1310 471 1517 524; x_wconf 79' lang='grc' dir='ltr'><strong><em>βασιλέως</em></strong></span> <span class='ocrx_word' id='word_1_49' title='bbox 1558 469 1727 529; x_wconf 71' lang='grc' dir='ltr'><strong><em>πόρρω-</em></strong></span> 
     </span>
     <span class='ocr_line' id='line_1_9' title="bbox 225 537 1754 598; baseline -0.004 -10"><span class='ocrx_word' id='word_1_50' title='bbox 225 550 304 588; x_wconf 78' lang='grc' dir='ltr'><strong>θεν</strong></span> <span class='ocrx_word' id='word_1_51' title='bbox 335 541 588 598; x_wconf 78' lang='grc' dir='ltr'><strong><em>θεασάμενοι</em></strong></span> <span class='ocrx_word' id='word_1_52' title='bbox 612 542 747 584; x_wconf 29' lang='grc' dir='ltr'><strong><em>ζαῦτοί</em></strong></span> <span class='ocrx_word' id='word_1_53' title='bbox 781 559 824 584; x_wconf 86' lang='grc' dir='ltr'><strong>τε</strong></span> <span class='ocrx_word' id='word_1_54' title='bbox 847 537 1130 597; x_wconf 78' lang='grc' dir='ltr'><strong><em>ἀπεγνώκεσαν</em></strong></span> <span class='ocrx_word' id='word_1_55' title='bbox 1162 540 1231 581; x_wconf 84' lang='grc' dir='ltr'><strong>καὶ</strong></span> <span class='ocrx_word' id='word_1_56' title='bbox 1261 539 1429 596; x_wconf 79' lang='grc' dir='ltr'><strong><em>μακρὰν</em></strong></span> <span class='ocrx_word' id='word_1_57' title='bbox 1458 540 1536 597; x_wconf 81' lang='grc' dir='ltr'><strong>τὴν</strong></span> <span class='ocrx_word' id='word_1_58' title='bbox 1569 542 1754 583; x_wconf 78' lang='grc' dir='ltr'><strong><em>δειλιάνό</em></strong></span> 
     </span>
    </p>
   </div>
   <div class='ocr_carea' id='block_1_7' title="bbox 96 607 1726 742">
    <p class='ocr_par' dir='ltr' id='par_1_7' title="bbox 96 607 1726 742">
     <span class='ocr_line' id='line_1_10' title="bbox 96 607 1724 668; baseline -0.003 -10"><span class='ocrx_word' id='word_1_59' title='bbox 96 623 140 657; x_wconf 85' lang='lat' dir='ltr'><strong>V.</strong></span> <span class='ocrx_word' id='word_1_60' title='bbox 150 620 318 664; x_wconf 83' lang='grc' dir='ltr'><strong><em>334ταῖς</em></strong></span> <span class='ocrx_word' id='word_1_61' title='bbox 339 616 573 668; x_wconf 76' lang='grc' dir='ltr'><strong><em>βασιλικαῖς</em></strong></span> <span class='ocrx_word' id='word_1_62' title='bbox 596 609 818 666; x_wconf 83' lang='grc' dir='ltr'><strong><em>δυνάμεσιν</em></strong></span> <span class='ocrx_word' id='word_1_63' title='bbox 836 607 1153 666; x_wconf 77' lang='grc' dir='ltr'><strong><em>ἔμβεβλήκεσαν.</em></strong></span> <span class='ocrx_word' id='word_1_64' title='bbox 1228 607 1323 668; x_wconf 85' lang='grc' dir='ltr'><strong>(Δ.)</strong></span> <span class='ocrx_word' id='word_1_65' title='bbox 1360 611 1448 653; x_wconf 83' lang='grc' dir='ltr'><strong>Καὶ</strong></span> <span class='ocrx_word' id='word_1_66' title='bbox 1475 608 1575 666; x_wconf 73' lang='grc' dir='ltr'><strong><em>τάχ’·</em></strong></span> <span class='ocrx_word' id='word_1_67' title='bbox 1602 609 1655 653; x_wconf 78' lang='grc' dir='ltr'><strong><em>ἂν</em></strong></span> <span class='ocrx_word' id='word_1_68' title='bbox 1681 611 1724 654; x_wconf 75' lang='grc' dir='ltr'><strong><em>ἓν</em></strong></span> 
     </span>
     <span class='ocr_line' id='line_1_11' title="bbox 186 678 1726 742; baseline -0.003 -15"><span class='ocrx_word' id='word_1_69' title='bbox 186 684 362 742; x_wconf 76' lang='grc' dir='ltr'><strong><em>Εὲκείνῳ</em></strong></span> <span class='ocrx_word' id='word_1_70' title='bbox 382 687 455 737; x_wconf 87' lang='grc' dir='ltr'><strong>τῆς</strong></span> <span class='ocrx_word' id='word_1_71' title='bbox 476 681 587 739; x_wconf 81' lang='grc' dir='ltr'><strong><em>ὥρας</em></strong></span> <span class='ocrx_word' id='word_1_72' title='bbox 605 682 875 739; x_wconf 73' lang='grc' dir='ltr'><strong><em>ἐφθείροντο,</em></strong></span> <span class='ocrx_word' id='word_1_73' title='bbox 910 679 1065 736; x_wconf 75' lang='grc' dir='ltr'><strong><em>μεταξὺ</em></strong></span> <span class='ocrx_word' id='word_1_74' title='bbox 1088 681 1205 722; x_wconf 76' lang='grc' dir='ltr'><strong><em>δυοῖν</em></strong></span> <span class='ocrx_word' id='word_1_75' title='bbox 1226 684 1419 736; x_wconf 83' lang='grc' dir='ltr'><strong><em>στρατῶν</em></strong></span> <span class='ocrx_word' id='word_1_76' title='bbox 1438 682 1648 736; x_wconf 87' lang='grc' dir='ltr'><strong><em>πολεμίων</em></strong></span> <span class='ocrx_word' id='word_1_77' title='bbox 1670 678 1726 731; x_wconf 78' lang='grc' dir='ltr'><strong>ὥς</strong></span> 
     </span>
    </p>
   </div>
   <div class='ocr_carea' id='block_1_8' title="bbox 227 748 1785 1162">
    <p class='ocr_par' dir='ltr' id='par_1_8' title="bbox 227 748 1785 1162">
     <span class='ocr_line' id='line_1_12' title="bbox 227 748 1725 811; baseline -0.003 -15"><span class='ocrx_word' id='word_1_78' title='bbox 227 754 269 796; x_wconf 75' lang='grc' dir='ltr'><strong><em>ἐν</em></strong></span> <span class='ocrx_word' id='word_1_79' title='bbox 294 750 447 811; x_wconf 79' lang='grc' dir='ltr'><strong><em>δικτύῳ</em></strong></span> <span class='ocrx_word' id='word_1_80' title='bbox 473 751 803 807; x_wconf 73' lang='grc' dir='ltr'><strong><em>συνειλημμένοι,</em></strong></span> <span class='ocrx_word' id='word_1_81' title='bbox 852 752 920 793; x_wconf 83' lang='grc' dir='ltr'><strong>καὶ</strong></span> <span class='ocrx_word' id='word_1_82' title='bbox 948 748 1036 804; x_wconf 80' lang='grc' dir='ltr'><strong>ἅμα</strong></span> <span class='ocrx_word' id='word_1_83' title='bbox 1066 753 1140 792; x_wconf 82' lang='grc' dir='ltr'><strong>τοῦ</strong></span> <span class='ocrx_word' id='word_1_84' title='bbox 1169 753 1362 802; x_wconf 80' lang='grc' dir='ltr'><strong><em>ποταμοῦ</em></strong></span> <span class='ocrx_word' id='word_1_85' title='bbox 1392 749 1471 807; x_wconf 85' lang='grc' dir='ltr'><strong>τὴν</strong></span> <span class='ocrx_word' id='word_1_86' title='bbox 1492 766 1725 807; x_wconf 87' lang='grc' dir='ltr'><strong><em>στρατοπε-</em></strong></span> 
     </span>
     <span class='ocr_line' id='line_1_13' title="bbox 228 817 1726 879; baseline -0.001 -13"><span class='ocrx_word' id='word_1_87' title='bbox 228 824 340 866; x_wconf 85' lang='grc' dir='ltr'><strong><em>δείαν</em></strong></span> <span class='ocrx_word' id='word_1_88' title='bbox 367 824 436 865; x_wconf 84' lang='grc' dir='ltr'><strong>καὶ</strong></span> <span class='ocrx_word' id='word_1_89' title='bbox 466 821 542 877; x_wconf 85' lang='grc' dir='ltr'><strong>τὴν</strong></span> <span class='ocrx_word' id='word_1_90' title='bbox 577 821 843 879; x_wconf 73' lang='grc' dir='ltr'><strong><em>ὀφειλομένην</em></strong></span> <span class='ocrx_word' id='word_1_91' title='bbox 873 818 1106 878; x_wconf 81' lang='grc' dir='ltr'><strong><em>παράταξιν</em></strong></span> <span class='ocrx_word' id='word_1_92' title='bbox 1126 817 1381 874; x_wconf 86' lang='grc' dir='ltr'><strong><em>κωλύοντος,</em></strong></span> <span class='ocrx_word' id='word_1_93' title='bbox 1421 822 1457 864; x_wconf 81' lang='grc' dir='ltr'><strong><em>εἷ</em></strong></span> <span class='ocrx_word' id='word_1_94' title='bbox 1479 820 1538 877; x_wconf 88' lang='grc' dir='ltr'><strong><em>μὴ</em></strong></span> <span class='ocrx_word' id='word_1_95' title='bbox 1558 820 1660 872; x_wconf 71' lang='grc' dir='ltr'><strong><em>θεὸς</em></strong></span> <span class='ocrx_word' id='word_1_96' title='bbox 1681 821 1726 863; x_wconf 72' lang='grc' dir='ltr'><strong><em>ἐκ</em></strong></span> 
     </span>
     <span class='ocr_line' id='line_1_14' title="bbox 227 889 1785 949; baseline -0.003 -13"><span class='ocrx_word' id='word_1_97' title='bbox 227 897 303 936; x_wconf 77' lang='grc' dir='ltr'><strong>τοῦ</strong></span> <span class='ocrx_word' id='word_1_98' title='bbox 324 892 470 947; x_wconf 79' lang='grc' dir='ltr'><strong><em>σχεδὸν</em></strong></span> <span class='ocrx_word' id='word_1_99' title='bbox 491 890 806 949; x_wconf 78' lang='grc' dir='ltr'><strong><em>ἀπροσδόκητον</em></strong></span> <span class='ocrx_word' id='word_1_100' title='bbox 837 891 1056 946; x_wconf 72' lang='grc' dir='ltr'><strong><em>ἐχαρίσατο</em></strong></span> <span class='ocrx_word' id='word_1_101' title='bbox 1077 889 1154 946; x_wconf 72' lang='grc' dir='ltr'><strong>τὴν</strong></span> <span class='ocrx_word' id='word_1_102' title='bbox 1174 891 1392 948; x_wconf 72' lang='grc' dir='ltr'><strong><em>ἐπίκουρον</em></strong></span> <span class='ocrx_word' id='word_1_103' title='bbox 1419 897 1542 948; x_wconf 88' lang='grc' dir='ltr'><strong><em>χεΐρα</em></strong></span> <span class='ocrx_word' id='word_1_104' title='bbox 1557 904 1567 914; x_wconf 89' lang='grc'><em>·</em></span> <span class='ocrx_word' id='word_1_105' title='bbox 1606 890 1652 941; x_wconf 84' lang='grc' dir='ltr'><strong>ὃς</strong></span> <span class='ocrx_word' id='word_1_106' title='bbox 1671 890 1725 933; x_wconf 77' lang='grc' dir='ltr'><strong>τὰ</strong></span> <span class='ocrx_word' id='word_1_107' title='bbox 1739 897 1785 932; x_wconf 86' lang='grc'><strong>10</strong></span> 
     </span>
     <span class='ocr_line' id='line_1_15' title="bbox 227 959 1728 1019; baseline -0.001 -14"><span class='ocrx_word' id='word_1_108' title='bbox 227 963 303 1018; x_wconf 75' lang='grc' dir='ltr'><strong>μὲν</strong></span> <span class='ocrx_word' id='word_1_109' title='bbox 332 959 656 1017; x_wconf 78' lang='grc' dir='ltr'><strong><em>προσδοκώμενα</em></strong></span> <span class='ocrx_word' id='word_1_110' title='bbox 689 959 884 1011; x_wconf 83' lang='grc' dir='ltr'><strong><em>πολλάκις</em></strong></span> <span class='ocrx_word' id='word_1_111' title='bbox 919 959 1113 1019; x_wconf 75' lang='grc' dir='ltr'><strong><em>ἄπρακτα</em></strong></span> <span class='ocrx_word' id='word_1_112' title='bbox 1142 962 1312 1016; x_wconf 75' lang='grc' dir='ltr'><strong><em>τίθησι,</em></strong></span> <span class='ocrx_word' id='word_1_113' title='bbox 1359 967 1448 1012; x_wconf 76' lang='grc' dir='ltr'><strong><em>τοῖς</em></strong></span> <span class='ocrx_word' id='word_1_114' title='bbox 1479 962 1525 1004; x_wconf 79' lang='grc' dir='ltr'><strong><em>δὲ</em></strong></span> <span class='ocrx_word' id='word_1_115' title='bbox 1549 963 1728 1017; x_wconf 86' lang='grc' dir='ltr'><strong><em>μηδαμῆ</em></strong></span> 
     </span>
     <span class='ocr_line' id='line_1_16' title="bbox 231 1028 1727 1090; baseline -0.001 -14"><span class='ocrx_word' id='word_1_116' title='bbox 231 1034 556 1090; x_wconf 77' lang='grc' dir='ltr'><strong><em>προσδοκηθεΐσι</em></strong></span> <span class='ocrx_word' id='word_1_117' title='bbox 593 1031 730 1083; x_wconf 69' lang='grc' dir='ltr'><strong><em>δεξιὰν</em></strong></span> <span class='ocrx_word' id='word_1_118' title='bbox 758 1033 969 1088; x_wconf 83' lang='grc' dir='ltr'><strong><em>χαρίζεται</em></strong></span> <span class='ocrx_word' id='word_1_119' title='bbox 997 1030 1074 1087; x_wconf 80' lang='grc' dir='ltr'><strong>τὴν</strong></span> <span class='ocrx_word' id='word_1_120' title='bbox 1107 1033 1236 1086; x_wconf 78' lang='grc' dir='ltr'><strong><em>λῆξιν.</em></strong></span> <span class='ocrx_word' id='word_1_121' title='bbox 1268 1028 1528 1082; x_wconf 84' lang='grc' dir='ltr'><strong><em>Ἀπόκαυκος</em></strong></span> <span class='ocrx_word' id='word_1_122' title='bbox 1554 1030 1727 1088; x_wconf 75' lang='grc' dir='ltr'><strong><em>μὲνγὰρ</em></strong></span> 
     </span>
     <span class='ocr_line' id='line_1_17' title="bbox 230 1099 1728 1162; baseline 0 -18"><span class='ocrx_word' id='word_1_123' title='bbox 230 1103 358 1162; x_wconf 70' lang='grc' dir='ltr'><strong><em>δειλίᾳ</em></strong></span> <span class='ocrx_word' id='word_1_124' title='bbox 393 1106 536 1161; x_wconf 79' lang='grc' dir='ltr'><strong><em>μακρᾷ</em></strong></span> <span class='ocrx_word' id='word_1_125' title='bbox 565 1101 642 1157; x_wconf 77' lang='grc' dir='ltr'><strong>τὴν</strong></span> <span class='ocrx_word' id='word_1_126' title='bbox 674 1100 806 1159; x_wconf 81' lang='grc' dir='ltr'><strong><em>ὁρμὴν</em></strong></span> <span class='ocrx_word' id='word_1_127' title='bbox 835 1101 1087 1156; x_wconf 79' lang='grc' dir='ltr'><strong><em>ἀνεχαίτισεν</em></strong></span> <span class='ocrx_word' id='word_1_128' title='bbox 1116 1099 1267 1144; x_wconf 69' lang='grc' dir='ltr'><strong><em>ἑαυτοῦ</em></strong></span> <span class='ocrx_word' id='word_1_129' title='bbox 1284 1115 1294 1125; x_wconf 85' lang='grc'><strong>’</strong></span> <span class='ocrx_word' id='word_1_130' title='bbox 1332 1100 1439 1159; x_wconf 78' lang='grc' dir='ltr'><strong><em>ἀνὴρ</em></strong></span> <span class='ocrx_word' id='word_1_131' title='bbox 1473 1102 1522 1144; x_wconf 82' lang='grc' dir='ltr'><strong><em>δέ</em></strong></span> <span class='ocrx_word' id='word_1_132' title='bbox 1550 1119 1612 1152; x_wconf 88' lang='grc' dir='ltr'><strong>τις</strong></span> <span class='ocrx_word' id='word_1_133' title='bbox 1642 1105 1728 1144; x_wconf 88' lang='grc' dir='ltr'><strong>τῶν</strong></span> 
     </span>
    </p>
   </div>
   <div class='ocr_carea' id='block_1_9' title="bbox 102 1165 1784 1370">
    <p class='ocr_par' dir='ltr' id='par_1_9' title="bbox 102 1165 1784 1370">
     <span class='ocr_line' id='line_1_18' title="bbox 102 1165 1729 1229; baseline 0.002 -18"><span class='ocrx_word' id='word_1_134' title='bbox 102 1175 143 1209; x_wconf 87' lang='grc' dir='ltr'><strong>Ρ.</strong></span> <span class='ocrx_word' id='word_1_135' title='bbox 156 1173 440 1229; x_wconf 75' lang='grc' dir='ltr'><strong><em>412ἐγχωρίων</em></strong></span> <span class='ocrx_word' id='word_1_136' title='bbox 450 1205 464 1225; x_wconf 87' lang='grc'><strong><em>,</em></strong></span> <span class='ocrx_word' id='word_1_137' title='bbox 504 1170 596 1228; x_wconf 77' lang='grc' dir='ltr'><strong><em>ἄρτι</em></strong></span> <span class='ocrx_word' id='word_1_138' title='bbox 627 1171 703 1228; x_wconf 73' lang='grc' dir='ltr'><strong>τὴν</strong></span> <span class='ocrx_word' id='word_1_139' title='bbox 736 1175 983 1229; x_wconf 71' lang='grc' dir='ltr'><strong><em>Τριβαλλῶν</em></strong></span> <span class='ocrx_word' id='word_1_140' title='bbox 1002 1170 1177 1229; x_wconf 79' lang='grc' dir='ltr'><strong><em>διαδρὰς</em></strong></span> <span class='ocrx_word' id='word_1_141' title='bbox 1206 1171 1420 1229; x_wconf 83' lang='grc' dir='ltr'><strong><em>προνομὴν</em></strong></span> <span class='ocrx_word' id='word_1_142' title='bbox 1429 1205 1444 1226; x_wconf 88' lang='grc'><strong><em>,</em></strong></span> <span class='ocrx_word' id='word_1_143' title='bbox 1482 1165 1579 1228; x_wconf 73' lang='grc' dir='ltr'><strong><em>ῆκεν</em></strong></span> <span class='ocrx_word' id='word_1_144' title='bbox 1600 1169 1729 1215; x_wconf 75' lang='grc' dir='ltr'><strong><em>αὐτό-</em></strong></span> 
     </span>
     <span class='ocr_line' id='line_1_19' title="bbox 195 1239 1784 1301; baseline -0.001 -17"><span class='ocrx_word' id='word_1_145' title='bbox 195 1279 200 1285; x_wconf 90' lang='grc'><strong>.</strong></span> <span class='ocrx_word' id='word_1_146' title='bbox 231 1246 361 1298; x_wconf 88' lang='grc' dir='ltr'><strong><em>μολος</em></strong></span> <span class='ocrx_word' id='word_1_147' title='bbox 393 1246 617 1298; x_wconf 75' lang='grc' dir='ltr'><strong><em>τηνικαῦτα</em></strong></span> <span class='ocrx_word' id='word_1_148' title='bbox 637 1246 696 1301; x_wconf 75' lang='grc' dir='ltr'><strong>τῷ</strong></span> <span class='ocrx_word' id='word_1_149' title='bbox 725 1246 911 1297; x_wconf 83' lang='grc' dir='ltr'><strong><em>βασιλεῖ,</em></strong></span> <span class='ocrx_word' id='word_1_150' title='bbox 952 1243 1093 1293; x_wconf 72' lang='grc' dir='ltr'><strong><em>δείξειν</em></strong></span> <span class='ocrx_word' id='word_1_151' title='bbox 1124 1239 1469 1299; x_wconf 69' lang='grc' dir='ltr'><strong><em>ἐπαγγελλόμενος</em></strong></span> <span class='ocrx_word' id='word_1_152' title='bbox 1486 1240 1631 1300; x_wconf 70' lang='grc' dir='ltr'><strong><em>ἑτέραν</em></strong></span> <span class='ocrx_word' id='word_1_153' title='bbox 1651 1246 1728 1298; x_wconf 84' lang='grc' dir='ltr'><strong>τῆς</strong></span> <span class='ocrx_word' id='word_1_154' title='bbox 1742 1245 1784 1283; x_wconf 82' lang='grc'><strong>15</strong></span> 
     </span>
     <span class='ocr_line' id='line_1_20' title="bbox 204 1310 1724 1370; baseline 0.001 -16"><span class='ocrx_word' id='word_1_155' title='bbox 204 1367 207 1370; x_wconf 28' lang='lat'><strong>⁴</strong></span> <span class='ocrx_word' id='word_1_156' title='bbox 233 1311 488 1368; x_wconf 73' lang='grc' dir='ltr'><strong><em>ἐγνωσμένης</em></strong></span> <span class='ocrx_word' id='word_1_157' title='bbox 508 1310 723 1367; x_wconf 87' lang='grc' dir='ltr'><strong><em>διάβασιν,</em></strong></span> <span class='ocrx_word' id='word_1_158' title='bbox 774 1314 808 1355; x_wconf 85' lang='grc' dir='ltr'><strong><em>εἲ</em></strong></span> <span class='ocrx_word' id='word_1_159' title='bbox 831 1312 1154 1370; x_wconf 79' lang='grc' dir='ltr'><strong><em>δαψιλεστέρους</em></strong></span> <span class='ocrx_word' id='word_1_160' title='bbox 1176 1311 1276 1363; x_wconf 72' lang='grc' dir='ltr'><strong><em>τοὺς</em></strong></span> <span class='ocrx_word' id='word_1_161' title='bbox 1291 1311 1476 1367; x_wconf 71' lang='grc' dir='ltr'><strong><em>μισθοὺς</em></strong></span> <span class='ocrx_word' id='word_1_162' title='bbox 1501 1310 1724 1368; x_wconf 79' lang='grc' dir='ltr'><strong><em>ἀπολάβοι.</em></strong></span> 
     </span>
    </p>
   </div>
   <div class='ocr_carea' id='block_1_10' title="bbox 189 1603 220 1639">
    <p class='ocr_par' dir='ltr' id='par_1_10' title="bbox 189 1603 220 1639">
     <span class='ocr_line' id='line_1_21' title="bbox 189 1603 220 1639; baseline 0 0"><span class='ocrx_word' id='word_1_163' title='bbox 189 1603 220 1639; x_wconf 91' lang='grc' dir='ltr'>Β</span> 
     </span>
    </p>
   </div>
   <div class='ocr_carea' id='block_1_11' title="bbox 230 1380 1788 1862">
    <p class='ocr_par' dir='ltr' id='par_1_11' title="bbox 231 1380 1728 1580">
     <span class='ocr_line' id='line_1_22' title="bbox 233 1380 1728 1442; baseline 0 -18"><span class='ocrx_word' id='word_1_164' title='bbox 233 1383 299 1424; x_wconf 73' lang='grc' dir='ltr'><strong><em>ἐπὶ</em></strong></span> <span class='ocrx_word' id='word_1_165' title='bbox 317 1381 380 1437; x_wconf 83' lang='grc' dir='ltr'><strong><em>δὴ</em></strong></span> <span class='ocrx_word' id='word_1_166' title='bbox 410 1380 614 1432; x_wconf 81' lang='grc' dir='ltr'><strong><em>τοιούτοις</em></strong></span> <span class='ocrx_word' id='word_1_167' title='bbox 643 1386 703 1442; x_wconf 78' lang='grc' dir='ltr'><strong>τῷ</strong></span> <span class='ocrx_word' id='word_1_168' title='bbox 731 1386 901 1438; x_wconf 81' lang='grc' dir='ltr'><strong><em>βασιλεῖ</em></strong></span> <span class='ocrx_word' id='word_1_169' title='bbox 920 1386 996 1438; x_wconf 85' lang='grc' dir='ltr'><strong>τῆς</strong></span> <span class='ocrx_word' id='word_1_170' title='bbox 1028 1380 1262 1438; x_wconf 84' lang='grc' dir='ltr'><strong><em>διαβάσεως</em></strong></span> <span class='ocrx_word' id='word_1_171' title='bbox 1293 1382 1536 1440; x_wconf 73' lang='grc' dir='ltr'><strong><em>γενομένης,</em></strong></span> <span class='ocrx_word' id='word_1_172' title='bbox 1574 1384 1728 1425; x_wconf 75' lang='grc' dir='ltr'><strong><em>ἐκπλα-</em></strong></span> 
     </span>
     <span class='ocr_line' id='line_1_23' title="bbox 231 1451 1727 1512; baseline 0.001 -18"><span class='ocrx_word' id='word_1_173' title='bbox 231 1451 368 1509; x_wconf 81' lang='grc' dir='ltr'><strong><em>γέντες</em></strong></span> <span class='ocrx_word' id='word_1_174' title='bbox 384 1452 539 1496; x_wconf 73' lang='grc' dir='ltr'><strong><em>ἐκεῖθεν</em></strong></span> <span class='ocrx_word' id='word_1_175' title='bbox 554 1452 593 1495; x_wconf 80' lang='grc' dir='ltr'><strong><em>οἱ</em></strong></span> <span class='ocrx_word' id='word_1_176' title='bbox 615 1454 844 1510; x_wconf 86' lang='grc' dir='ltr'><strong><em>Τριβαλλοὶ</em></strong></span> <span class='ocrx_word' id='word_1_177' title='bbox 863 1452 909 1496; x_wconf 85' lang='grc' dir='ltr'><strong>τὸ</strong></span> <span class='ocrx_word' id='word_1_178' title='bbox 932 1457 1006 1496; x_wconf 85' lang='grc' dir='ltr'><strong>τοῦ</strong></span> <span class='ocrx_word' id='word_1_179' title='bbox 1028 1451 1274 1510; x_wconf 83' lang='grc' dir='ltr'><strong><em>πράγματος</em></strong></span> <span class='ocrx_word' id='word_1_180' title='bbox 1303 1451 1545 1511; x_wconf 82' lang='grc' dir='ltr'><strong><em>παράδοξον</em></strong></span> <span class='ocrx_word' id='word_1_181' title='bbox 1564 1452 1727 1512; x_wconf 78' lang='grc' dir='ltr'><strong><em>ᾤχοντο</em></strong></span> 
     </span>
     <span class='ocr_line' id='line_1_24' title="bbox 232 1521 1620 1580; baseline 0.002 -16"><span class='ocrx_word' id='word_1_182' title='bbox 232 1521 310 1577; x_wconf 81' lang='grc' dir='ltr'><strong>τὴν</strong></span> <span class='ocrx_word' id='word_1_183' title='bbox 333 1523 530 1578; x_wconf 81' lang='grc' dir='ltr'><strong><em>ταχίστην</em></strong></span> <span class='ocrx_word' id='word_1_184' title='bbox 549 1522 628 1566; x_wconf 76' lang='grc' dir='ltr'><strong>ἄνα</strong></span> <span class='ocrx_word' id='word_1_185' title='bbox 651 1523 727 1579; x_wconf 81' lang='grc' dir='ltr'><strong>τὴν</strong></span> <span class='ocrx_word' id='word_1_186' title='bbox 746 1521 890 1580; x_wconf 85' lang='grc' dir='ltr'><strong><em>χώραν</em></strong></span> <span class='ocrx_word' id='word_1_187' title='bbox 914 1522 1039 1573; x_wconf 75' lang='grc' dir='ltr'><strong><em>ἄλλος</em></strong></span> <span class='ocrx_word' id='word_1_188' title='bbox 1062 1522 1216 1567; x_wconf 77' lang='grc' dir='ltr'><strong><em>ἄλλοθί</em></strong></span> <span class='ocrx_word' id='word_1_189' title='bbox 1237 1523 1620 1574; x_wconf 72' lang='grc' dir='ltr'><strong><em>διασκεδασθέντες.</em></strong></span> 
     </span>
    </p>

    <p class='ocr_par' dir='ltr' id='par_1_12' title="bbox 230 1588 1788 1862">
     <span class='ocr_line' id='line_1_25' title="bbox 336 1588 1788 1653; baseline -0.001 -18"><span class='ocrx_word' id='word_1_190' title='bbox 336 1588 389 1647; x_wconf 86' lang='grc' dir='ltr'><strong>η’.</strong></span> <span class='ocrx_word' id='word_1_191' title='bbox 422 1591 546 1637; x_wconf 76' lang='grc' dir='ltr'><strong><em>Οὕτω</em></strong></span> <span class='ocrx_word' id='word_1_192' title='bbox 575 1594 620 1636; x_wconf 80' lang='grc' dir='ltr'><strong><em>δὲ</em></strong></span> <span class='ocrx_word' id='word_1_193' title='bbox 651 1598 789 1636; x_wconf 84' lang='grc' dir='ltr'><strong><em>κακῶν</em></strong></span> <span class='ocrx_word' id='word_1_194' title='bbox 816 1593 965 1649; x_wconf 74' lang='grc' dir='ltr'><strong><em>άπαθῆ</em></strong></span> <span class='ocrx_word' id='word_1_195' title='bbox 991 1593 1097 1651; x_wconf 77' lang='grc' dir='ltr'><strong><em>πρὸς</em></strong></span> <span class='ocrx_word' id='word_1_196' title='bbox 1116 1593 1322 1653; x_wconf 76' lang='grc' dir='ltr'><strong><em>Βέῤῥοιαν</em></strong></span> <span class='ocrx_word' id='word_1_197' title='bbox 1343 1595 1632 1638; x_wconf 74' lang='grc' dir='ltr'><strong><em>διασεσῶσθαι</em></strong></span> <span class='ocrx_word' id='word_1_198' title='bbox 1654 1593 1728 1636; x_wconf 83' lang='grc' dir='ltr'><strong>τὸν</strong></span> <span class='ocrx_word' id='word_1_199' title='bbox 1742 1598 1788 1633; x_wconf 75' lang='grc'><strong>20</strong></span> 
     </span>
     <span class='ocr_line' id='line_1_26' title="bbox 230 1661 1729 1724; baseline 0.003 -21"><span class='ocrx_word' id='word_1_200' title='bbox 230 1661 404 1717; x_wconf 76' lang='grc' dir='ltr'><strong><em>βασιλέα</em></strong></span> <span class='ocrx_word' id='word_1_201' title='bbox 416 1661 672 1714; x_wconf 84' lang='grc' dir='ltr'><strong><em>Ἀπόκαυκος</em></strong></span> <span class='ocrx_word' id='word_1_202' title='bbox 703 1663 890 1719; x_wconf 75' lang='grc' dir='ltr'><strong><em>ἀκηκοώς</em></strong></span> <span class='ocrx_word' id='word_1_203' title='bbox 917 1661 1023 1719; x_wconf 81' lang='grc' dir='ltr'><strong>ὅμοῦ</strong></span> <span class='ocrx_word' id='word_1_204' title='bbox 1054 1667 1114 1722; x_wconf 74' lang='grc' dir='ltr'><strong>τῷ</strong></span> <span class='ocrx_word' id='word_1_205' title='bbox 1134 1668 1303 1724; x_wconf 76' lang='grc' dir='ltr'><strong><em>στρατῷ</em></strong></span> <span class='ocrx_word' id='word_1_206' title='bbox 1338 1663 1414 1708; x_wconf 74' lang='grc' dir='ltr'><strong>οὐκ</strong></span> <span class='ocrx_word' id='word_1_207' title='bbox 1438 1664 1628 1719; x_wconf 70' lang='grc' dir='ltr'><strong><em>ἐνέβαλεν</em></strong></span> <span class='ocrx_word' id='word_1_208' title='bbox 1653 1662 1729 1723; x_wconf 77' lang='grc' dir='ltr'><strong>(ὥς</strong></span> 
     </span>
     <span class='ocr_line' id='line_1_27' title="bbox 231 1729 1727 1792; baseline 0.001 -18"><span class='ocrx_word' id='word_1_209' title='bbox 231 1729 406 1790; x_wconf 64' lang='grc' dir='ltr'><strong><em>ἔφημεν)</em></strong></span> <span class='ocrx_word' id='word_1_210' title='bbox 427 1732 555 1783; x_wconf 72' lang='grc' dir='ltr'><strong><em>εὐθὺς</em></strong></span> <span class='ocrx_word' id='word_1_211' title='bbox 578 1735 634 1783; x_wconf 80' lang='grc' dir='ltr'><strong><em>εἷς</em></strong></span> <span class='ocrx_word' id='word_1_212' title='bbox 656 1733 731 1790; x_wconf 83' lang='grc' dir='ltr'><strong>τὴν</strong></span> <span class='ocrx_word' id='word_1_213' title='bbox 761 1735 983 1789; x_wconf 81' lang='grc' dir='ltr'><strong><em>πολεμίαν,</em></strong></span> <span class='ocrx_word' id='word_1_214' title='bbox 1023 1733 1123 1778; x_wconf 75' lang='grc' dir='ltr'><strong><em>ἀλλ’</em></strong></span> <span class='ocrx_word' id='word_1_215' title='bbox 1147 1732 1282 1792; x_wconf 71' lang='grc' dir='ltr'><strong><em>ὑφῆκε</em></strong></span> <span class='ocrx_word' id='word_1_216' title='bbox 1304 1739 1378 1791; x_wconf 88' lang='grc' dir='ltr'><strong>τῆς</strong></span> <span class='ocrx_word' id='word_1_217' title='bbox 1397 1732 1542 1792; x_wconf 78' lang='grc' dir='ltr'><strong><em>ὁρμῆς.</em></strong></span> <span class='ocrx_word' id='word_1_218' title='bbox 1580 1735 1625 1777; x_wconf 75' lang='grc' dir='ltr'><strong><em>ἐκ</em></strong></span> <span class='ocrx_word' id='word_1_219' title='bbox 1646 1734 1727 1792; x_wconf 78' lang='grc' dir='ltr'><strong>γὰρ</strong></span> 
     </span>
     <span class='ocr_line' id='line_1_28' title="bbox 231 1802 1727 1862; baseline 0.002 -18"><span class='ocrx_word' id='word_1_220' title='bbox 231 1805 307 1845; x_wconf 79' lang='grc' dir='ltr'><strong>τοῦ</strong></span> <span class='ocrx_word' id='word_1_221' title='bbox 336 1807 518 1860; x_wconf 78' lang='grc' dir='ltr'><strong><em>φανεροῦ</em></strong></span> <span class='ocrx_word' id='word_1_222' title='bbox 549 1807 738 1859; x_wconf 83' lang='grc' dir='ltr'><strong><em>πολεμεῖν</em></strong></span> <span class='ocrx_word' id='word_1_223' title='bbox 767 1806 835 1847; x_wconf 90' lang='grc' dir='ltr'><strong>καὶ</strong></span> <span class='ocrx_word' id='word_1_224' title='bbox 862 1802 1075 1861; x_wconf 89' lang='grc' dir='ltr'><strong><em>συστάδην</em></strong></span> <span class='ocrx_word' id='word_1_225' title='bbox 1106 1810 1322 1849; x_wconf 74' lang='grc' dir='ltr'><strong><em>ποιεῖσθαι</em></strong></span> <span class='ocrx_word' id='word_1_226' title='bbox 1353 1804 1430 1856; x_wconf 80' lang='grc' dir='ltr'><strong>τὰς</strong></span> <span class='ocrx_word' id='word_1_227' title='bbox 1458 1803 1599 1861; x_wconf 90' lang='grc' dir='ltr'><strong><em>μάχας</em></strong></span> <span class='ocrx_word' id='word_1_228' title='bbox 1622 1804 1727 1862; x_wconf 84' lang='grc' dir='ltr'><strong><em>πρὸς</em></strong></span> 
     </span>
    </p>
   </div>
   <div class='ocr_carea' id='block_1_12' title="bbox 328 1882 1030 1952">
    <p class='ocr_par' dir='ltr' id='par_1_13' title="bbox 328 1882 1030 1952">
     <span class='ocr_line' id='line_1_29' title="bbox 328 1882 1030 1952; baseline 0.003 -16"><span class='ocrx_word' id='word_1_229' title='bbox 328 1900 386 1936; x_wconf 86' lang='lat'><strong>17.</strong></span> <span class='ocrx_word' id='word_1_230' title='bbox 409 1897 469 1937; x_wconf 78' lang='grc' dir='ltr'><strong><em>ἐπὶ</em></strong></span> <span class='ocrx_word' id='word_1_231' title='bbox 489 1899 536 1948; x_wconf 83' lang='grc' dir='ltr'><em>δὴ</em></span> <span class='ocrx_word' id='word_1_232' title='bbox 561 1914 650 1939; x_wconf 83' lang='lat' dir='ltr'><strong>corr.</strong></span> <span class='ocrx_word' id='word_1_233' title='bbox 674 1903 775 1940; x_wconf 85' lang='lat' dir='ltr'><strong>Boiv.</strong></span> <span class='ocrx_word' id='word_1_234' title='bbox 799 1916 866 1951; x_wconf 88' lang='lat' dir='ltr'><strong>pro</strong></span> <span class='ocrx_word' id='word_1_235' title='bbox 888 1882 1030 1952; x_wconf 62' lang='grc' dir='ltr'><strong>ἕπεῖδή.</strong></span> 
     </span>
    </p>
   </div>
   <div class='ocr_carea' id='block_1_13' title="bbox 195 1980 1789 2032">
    <p class='ocr_par' dir='ltr' id='par_1_14' title="bbox 195 1980 1789 2032">
     <span class='ocr_line' id='line_1_30' title="bbox 195 1980 1789 2032; baseline 0.006 -17"><span class='ocrx_word' id='word_1_236' title='bbox 195 1984 200 1989; x_wconf 90' lang='grc'><em>“</em></span> <span class='ocrx_word' id='word_1_237' title='bbox 236 1980 270 2016; x_wconf 88' lang='lat' dir='ltr'><strong>ei</strong></span> <span class='ocrx_word' id='word_1_238' title='bbox 288 1981 422 2025; x_wconf 81' lang='lat' dir='ltr'><strong>fecere,</strong></span> <span class='ocrx_word' id='word_1_239' title='bbox 448 1995 516 2029; x_wconf 88' lang='lat' dir='ltr'><strong>qua</strong></span> <span class='ocrx_word' id='word_1_240' title='bbox 533 1984 678 2020; x_wconf 78' lang='lat' dir='ltr'>maxime</span> <span class='ocrx_word' id='word_1_241' title='bbox 697 1990 798 2032; x_wconf 87' lang='lat' dir='ltr'><strong>parte</strong></span> <span class='ocrx_word' id='word_1_242' title='bbox 819 1999 893 2021; x_wconf 90' lang='lat' dir='ltr'><strong>eum</strong></span> <span class='ocrx_word' id='word_1_243' title='bbox 912 1997 989 2021; x_wconf 91' lang='lat' dir='ltr'><strong>cum</strong></span> <span class='ocrx_word' id='word_1_244' title='bbox 1012 1985 1171 2022; x_wconf 86' lang='lat' dir='ltr'><strong>exercitu</strong></span> <span class='ocrx_word' id='word_1_245' title='bbox 1193 1984 1396 2021; x_wconf 81' lang='lat' dir='ltr'><strong>redeuutem</strong></span> <span class='ocrx_word' id='word_1_246' title='bbox 1414 1985 1641 2022; x_wconf 86' lang='lat' dir='ltr'><strong>traiecturum</strong></span> <span class='ocrx_word' id='word_1_247' title='bbox 1660 1996 1727 2032; x_wconf 88' lang='lat' dir='ltr'><strong>pu-</strong></span> <span class='ocrx_word' id='word_1_248' title='bbox 1786 2019 1789 2024; x_wconf 92' lang='lat'>.</span> 
     </span>
    </p>
   </div>
   <div class='ocr_carea' id='block_1_14' title="bbox 235 2029 1737 2778">
    <p class='ocr_par' dir='ltr' id='par_1_15' title="bbox 235 2029 1734 2577">
     <span class='ocr_line' id='line_1_31' title="bbox 235 2029 1729 2079; baseline 0.003 -17"><span class='ocrx_word' id='word_1_249' title='bbox 235 2029 379 2070; x_wconf 82' lang='lat' dir='ltr'><strong>tabant3</strong></span> <span class='ocrx_word' id='word_1_250' title='bbox 403 2034 442 2063; x_wconf 90' lang='lat' dir='ltr'><strong>ut</strong></span> <span class='ocrx_word' id='word_1_251' title='bbox 466 2030 653 2076; x_wconf 84' lang='lat' dir='ltr'><strong>derepente</strong></span> <span class='ocrx_word' id='word_1_252' title='bbox 680 2033 716 2067; x_wconf 91' lang='lat' dir='ltr'><strong>in</strong></span> <span class='ocrx_word' id='word_1_253' title='bbox 743 2033 856 2079; x_wconf 89' lang='lat' dir='ltr'><strong>ipsum</strong></span> <span class='ocrx_word' id='word_1_254' title='bbox 881 2046 946 2068; x_wconf 87' lang='lat' dir='ltr'><strong>nec</strong></span> <span class='ocrx_word' id='word_1_255' title='bbox 975 2033 1175 2079; x_wconf 81' lang='lat' dir='ltr'>opinantem</span> <span class='ocrx_word' id='word_1_256' title='bbox 1195 2033 1288 2068; x_wconf 87' lang='lat' dir='ltr'><strong>circa</strong></span> <span class='ocrx_word' id='word_1_257' title='bbox 1307 2034 1492 2068; x_wconf 80' lang='lat' dir='ltr'><strong>transitum</strong></span> <span class='ocrx_word' id='word_1_258' title='bbox 1517 2034 1652 2079; x_wconf 88' lang='lat' dir='ltr'><strong>impetu</strong></span> <span class='ocrx_word' id='word_1_259' title='bbox 1673 2034 1729 2067; x_wconf 88' lang='lat' dir='ltr'><strong>fa-</strong></span> 
     </span>
     <span class='ocr_line' id='line_1_32' title="bbox 236 2078 1730 2127; baseline 0.003 -18"><span class='ocrx_word' id='word_1_260' title='bbox 236 2081 315 2117; x_wconf 84' lang='lat' dir='ltr'><strong>cto,</strong></span> <span class='ocrx_word' id='word_1_261' title='bbox 346 2080 523 2122; x_wconf 84' lang='lat' dir='ltr'><strong>tropaeum</strong></span> <span class='ocrx_word' id='word_1_262' title='bbox 547 2078 680 2113; x_wconf 82' lang='lat' dir='ltr'><strong>illustre</strong></span> <span class='ocrx_word' id='word_1_263' title='bbox 704 2081 803 2115; x_wconf 90' lang='lat' dir='ltr'><strong>brevi</strong></span> <span class='ocrx_word' id='word_1_264' title='bbox 825 2081 1087 2116; x_wconf 80' lang='lat' dir='ltr'><strong>constituerent.</strong></span> <span class='ocrx_word' id='word_1_265' title='bbox 1144 2080 1220 2114; x_wconf 86' lang='lat' dir='ltr'><strong>Hos</strong></span> <span class='ocrx_word' id='word_1_266' title='bbox 1239 2092 1324 2116; x_wconf 83' lang='lat' dir='ltr'><strong>vero</strong></span> <span class='ocrx_word' id='word_1_267' title='bbox 1346 2080 1644 2127; x_wconf 83' lang='lat' dir='ltr'><strong>imperatoriorum</strong></span> <span class='ocrx_word' id='word_1_268' title='bbox 1665 2080 1730 2115; x_wconf 89' lang='lat' dir='ltr'><strong>mi-</strong></span> 
     </span>
     <span class='ocr_line' id='line_1_33' title="bbox 236 2122 1730 2174; baseline 0.003 -17"><span class='ocrx_word' id='word_1_269' title='bbox 236 2122 334 2157; x_wconf 85' lang='lat' dir='ltr'><strong>litum</strong></span> <span class='ocrx_word' id='word_1_270' title='bbox 352 2134 591 2167; x_wconf 81' lang='lat' dir='ltr'><strong>praecursores</strong></span> <span class='ocrx_word' id='word_1_271' title='bbox 612 2128 806 2172; x_wconf 85' lang='lat' dir='ltr'><strong>conspicati</strong></span> <span class='ocrx_word' id='word_1_272' title='bbox 837 2128 956 2174; x_wconf 88' lang='lat' dir='ltr'><strong>procul</strong></span> <span class='ocrx_word' id='word_1_273' title='bbox 981 2132 1018 2162; x_wconf 89' lang='lat' dir='ltr'><strong>et</strong></span> <span class='ocrx_word' id='word_1_274' title='bbox 1043 2127 1113 2173; x_wconf 87' lang='lat' dir='ltr'><strong>ipsi</strong></span> <span class='ocrx_word' id='word_1_275' title='bbox 1137 2127 1286 2162; x_wconf 88' lang='lat' dir='ltr'><strong>animum</strong></span> <span class='ocrx_word' id='word_1_276' title='bbox 1306 2127 1584 2174; x_wconf 82' lang='lat' dir='ltr'><strong>desponderant,</strong></span> <span class='ocrx_word' id='word_1_277' title='bbox 1609 2131 1647 2162; x_wconf 90' lang='lat' dir='ltr'><strong>et</strong></span> <span class='ocrx_word' id='word_1_278' title='bbox 1666 2138 1730 2172; x_wconf 90' lang='lat' dir='ltr'><strong>pa-</strong></span> 
     </span>
     <span class='ocr_line' id='line_1_34' title="bbox 239 2168 1730 2222; baseline 0.002 -18"><span class='ocrx_word' id='word_1_279' title='bbox 239 2168 334 2204; x_wconf 86' lang='lat' dir='ltr'><strong>voris</strong></span> <span class='ocrx_word' id='word_1_280' title='bbox 351 2169 488 2204; x_wconf 86' lang='lat' dir='ltr'><strong>multum</strong></span> <span class='ocrx_word' id='word_1_281' title='bbox 506 2173 673 2207; x_wconf 86' lang='lat' dir='ltr'><strong>exercitui</strong></span> <span class='ocrx_word' id='word_1_282' title='bbox 691 2174 889 2209; x_wconf 84' lang='lat' dir='ltr'><strong>iniecerant.</strong></span> <span class='ocrx_word' id='word_1_283' title='bbox 938 2174 1037 2219; x_wconf 87' lang='lat' dir='ltr'>(IV.)</span> <span class='ocrx_word' id='word_1_284' title='bbox 1062 2177 1112 2210; x_wconf 85' lang='lat' dir='ltr'><strong>Ac</strong></span> <span class='ocrx_word' id='word_1_285' title='bbox 1132 2174 1293 2208; x_wconf 82' lang='lat' dir='ltr'><strong>fortassis</strong></span> <span class='ocrx_word' id='word_1_286' title='bbox 1314 2174 1375 2209; x_wconf 85' lang='lat' dir='ltr'><strong>illa</strong></span> <span class='ocrx_word' id='word_1_287' title='bbox 1397 2176 1476 2222; x_wconf 83' lang='lat' dir='ltr'><strong>ipsa</strong></span> <span class='ocrx_word' id='word_1_288' title='bbox 1504 2175 1590 2209; x_wconf 82' lang='lat' dir='ltr'><strong>hora</strong></span> <span class='ocrx_word' id='word_1_289' title='bbox 1607 2174 1730 2220; x_wconf 85' lang='lat' dir='ltr'><strong>profli-</strong></span> 
     </span>
     <span class='ocr_line' id='line_1_35' title="bbox 241 2215 1730 2267; baseline 0.004 -19"><span class='ocrx_word' id='word_1_290' title='bbox 241 2215 316 2260; x_wconf 77' lang='lat' dir='ltr'><strong>gati</strong></span> <span class='ocrx_word' id='word_1_291' title='bbox 335 2215 500 2260; x_wconf 78' lang='lat' dir='ltr'><strong>fuissent,</strong></span> <span class='ocrx_word' id='word_1_292' title='bbox 523 2218 615 2253; x_wconf 91' lang='lat' dir='ltr'><strong>inter</strong></span> <span class='ocrx_word' id='word_1_293' title='bbox 637 2220 777 2255; x_wconf 83' lang='lat' dir='ltr'><strong>hostiles</strong></span> <span class='ocrx_word' id='word_1_294' title='bbox 803 2222 888 2256; x_wconf 88' lang='lat' dir='ltr'><strong>duos</strong></span> <span class='ocrx_word' id='word_1_295' title='bbox 913 2222 1086 2257; x_wconf 81' lang='lat' dir='ltr'><strong>exercitus</strong></span> <span class='ocrx_word' id='word_1_296' title='bbox 1117 2222 1218 2267; x_wconf 86' lang='lat' dir='ltr'><strong>quasi</strong></span> <span class='ocrx_word' id='word_1_297' title='bbox 1244 2222 1337 2257; x_wconf 84' lang='lat' dir='ltr'><strong>intra</strong></span> <span class='ocrx_word' id='word_1_298' title='bbox 1363 2222 1453 2258; x_wconf 88' lang='lat' dir='ltr'><strong>retia</strong></span> <span class='ocrx_word' id='word_1_299' title='bbox 1481 2220 1730 2267; x_wconf 87' lang='lat' dir='ltr'><strong>comprehensi,</strong></span> 
     </span>
     <span class='ocr_line' id='line_1_36' title="bbox 241 2261 1730 2313; baseline 0.003 -16"><span class='ocrx_word' id='word_1_300' title='bbox 241 2261 380 2297; x_wconf 86' lang='lat' dir='ltr'><strong>flumine</strong></span> <span class='ocrx_word' id='word_1_301' title='bbox 403 2263 480 2309; x_wconf 88' lang='lat' dir='ltr'><strong>ipso</strong></span> <span class='ocrx_word' id='word_1_302' title='bbox 499 2265 668 2309; x_wconf 84' lang='lat' dir='ltr'><strong>obstante,</strong></span> <span class='ocrx_word' id='word_1_303' title='bbox 693 2279 759 2313; x_wconf 87' lang='lat' dir='ltr'><strong>quo</strong></span> <span class='ocrx_word' id='word_1_304' title='bbox 778 2268 888 2303; x_wconf 84' lang='lat' dir='ltr'><strong>minus</strong></span> <span class='ocrx_word' id='word_1_305' title='bbox 911 2273 972 2304; x_wconf 90' lang='lat' dir='ltr'><strong>aut</strong></span> <span class='ocrx_word' id='word_1_306' title='bbox 990 2272 1340 2313; x_wconf 73' lang='lat' dir='ltr'><strong>castrametarentur,</strong></span> <span class='ocrx_word' id='word_1_307' title='bbox 1365 2275 1428 2304; x_wconf 89' lang='lat' dir='ltr'><strong>aut</strong></span> <span class='ocrx_word' id='word_1_308' title='bbox 1448 2269 1556 2304; x_wconf 85' lang='lat' dir='ltr'><strong>aciem</strong></span> <span class='ocrx_word' id='word_1_309' title='bbox 1581 2269 1651 2303; x_wconf 87' lang='lat' dir='ltr'><strong>rite</strong></span> <span class='ocrx_word' id='word_1_310' title='bbox 1674 2269 1730 2302; x_wconf 91' lang='lat' dir='ltr'><strong>in-</strong></span> 
     </span>
     <span class='ocr_line' id='line_1_37' title="bbox 241 2311 1731 2362; baseline 0.003 -18"><span class='ocrx_word' id='word_1_311' title='bbox 241 2313 436 2362; x_wconf 69' lang='lat' dir='ltr'><strong>struerent;</strong></span> <span class='ocrx_word' id='word_1_312' title='bbox 460 2311 526 2345; x_wconf 84' lang='lat' dir='ltr'><strong>nisi</strong></span> <span class='ocrx_word' id='word_1_313' title='bbox 544 2312 638 2346; x_wconf 91' lang='lat' dir='ltr'><strong>Deus</strong></span> <span class='ocrx_word' id='word_1_314' title='bbox 663 2313 851 2360; x_wconf 84' lang='lat' dir='ltr'><strong>derepente</strong></span> <span class='ocrx_word' id='word_1_315' title='bbox 876 2320 912 2350; x_wconf 88' lang='lat' dir='ltr'><strong>et</strong></span> <span class='ocrx_word' id='word_1_316' title='bbox 938 2328 982 2350; x_wconf 87' lang='lat' dir='ltr'><strong>ex</strong></span> <span class='ocrx_word' id='word_1_317' title='bbox 1007 2315 1196 2361; x_wconf 88' lang='lat' dir='ltr'><strong>improviso</strong></span> <span class='ocrx_word' id='word_1_318' title='bbox 1224 2327 1359 2351; x_wconf 90' lang='lat' dir='ltr'><strong>manum</strong></span> <span class='ocrx_word' id='word_1_319' title='bbox 1385 2316 1455 2351; x_wconf 85' lang='lat' dir='ltr'><strong>illis</strong></span> <span class='ocrx_word' id='word_1_320' title='bbox 1480 2316 1731 2351; x_wconf 77' lang='lat' dir='ltr'><strong>commodasset</strong></span> 
     </span>
     <span class='ocr_line' id='line_1_38' title="bbox 241 2356 1732 2409; baseline 0.003 -18"><span class='ocrx_word' id='word_1_321' title='bbox 241 2356 470 2394; x_wconf 74' lang='lat' dir='ltr'><strong>adiutricem:</strong></span> <span class='ocrx_word' id='word_1_322' title='bbox 495 2358 589 2393; x_wconf 88' lang='lat' dir='ltr'><strong>Deus</strong></span> <span class='ocrx_word' id='word_1_323' title='bbox 608 2359 766 2404; x_wconf 87' lang='lat' dir='ltr'><strong>inquam,</strong></span> <span class='ocrx_word' id='word_1_324' title='bbox 791 2362 848 2407; x_wconf 91' lang='lat' dir='ltr'><strong>qui</strong></span> <span class='ocrx_word' id='word_1_325' title='bbox 867 2367 903 2396; x_wconf 86' lang='lat' dir='ltr'><strong>et</strong></span> <span class='ocrx_word' id='word_1_326' title='bbox 923 2374 1027 2408; x_wconf 83' lang='lat' dir='ltr'><strong>saepe</strong></span> <span class='ocrx_word' id='word_1_327' title='bbox 1050 2363 1182 2398; x_wconf 80' lang='lat' dir='ltr'><strong>infecta</strong></span> <span class='ocrx_word' id='word_1_328' title='bbox 1200 2363 1317 2398; x_wconf 85' lang='lat' dir='ltr'><strong>reddit</strong></span> <span class='ocrx_word' id='word_1_329' title='bbox 1337 2375 1399 2405; x_wconf 85' lang='lat' dir='ltr'><strong>ea,</strong></span> <span class='ocrx_word' id='word_1_330' title='bbox 1425 2375 1568 2409; x_wconf 91' lang='lat' dir='ltr'><strong>quorum</strong></span> <span class='ocrx_word' id='word_1_331' title='bbox 1586 2362 1732 2397; x_wconf 84' lang='lat' dir='ltr'><strong>maxima</strong></span> 
     </span>
     <span class='ocr_line' id='line_1_39' title="bbox 241 2404 1731 2455; baseline 0.005 -19"><span class='ocrx_word' id='word_1_332' title='bbox 241 2407 320 2437; x_wconf 87' lang='lat' dir='ltr'><strong>erat</strong></span> <span class='ocrx_word' id='word_1_333' title='bbox 334 2404 568 2448; x_wconf 72' lang='lat' dir='ltr'><strong>exspectatio,</strong></span> <span class='ocrx_word' id='word_1_334' title='bbox 592 2410 627 2440; x_wconf 92' lang='lat' dir='ltr'><strong>et</strong></span> <span class='ocrx_word' id='word_1_335' title='bbox 647 2407 704 2449; x_wconf 87' lang='lat' dir='ltr'><strong>iis,</strong></span> <span class='ocrx_word' id='word_1_336' title='bbox 726 2420 813 2452; x_wconf 84' lang='lat' dir='ltr'><strong>quae</strong></span> <span class='ocrx_word' id='word_1_337' title='bbox 833 2409 968 2443; x_wconf 90' lang='lat' dir='ltr'><strong>minime</strong></span> <span class='ocrx_word' id='word_1_338' title='bbox 988 2410 1150 2455; x_wconf 78' lang='lat' dir='ltr'><strong>praevisa</strong></span> <span class='ocrx_word' id='word_1_339' title='bbox 1166 2410 1316 2451; x_wconf 84' lang='lat' dir='ltr'><strong>fuerant,</strong></span> <span class='ocrx_word' id='word_1_340' title='bbox 1340 2411 1509 2445; x_wconf 86' lang='lat' dir='ltr'><strong>secundos</strong></span> <span class='ocrx_word' id='word_1_341' title='bbox 1527 2410 1642 2445; x_wconf 83' lang='lat' dir='ltr'><strong>exitus</strong></span> <span class='ocrx_word' id='word_1_342' title='bbox 1658 2410 1731 2443; x_wconf 88' lang='lat' dir='ltr'><strong>lar—</strong></span> 
     </span>
     <span class='ocr_line' id='line_1_40' title="bbox 241 2449 1732 2503; baseline 0.005 -20"><span class='ocrx_word' id='word_1_343' title='bbox 241 2449 352 2503; x_wconf 54' lang='lat' dir='ltr'><strong>gitur:</strong></span> <span class='ocrx_word' id='word_1_344' title='bbox 397 2451 489 2486; x_wconf 85' lang='lat' dir='ltr'><strong>Nam</strong></span> <span class='ocrx_word' id='word_1_345' title='bbox 512 2451 713 2497; x_wconf 81' lang='lat' dir='ltr'><strong>Apocaucus</strong></span> <span class='ocrx_word' id='word_1_346' title='bbox 739 2455 874 2499; x_wconf 88' lang='lat' dir='ltr'><strong>quidem</strong></span> <span class='ocrx_word' id='word_1_347' title='bbox 900 2456 1087 2492; x_wconf 84' lang='lat' dir='ltr'><strong>timiditate</strong></span> <span class='ocrx_word' id='word_1_348' title='bbox 1110 2468 1239 2491; x_wconf 84' lang='lat' dir='ltr'><strong>summa</strong></span> <span class='ocrx_word' id='word_1_349' title='bbox 1266 2468 1362 2491; x_wconf 85' lang='lat' dir='ltr'><strong>suum</strong></span> <span class='ocrx_word' id='word_1_350' title='bbox 1387 2457 1463 2502; x_wconf 88' lang='lat' dir='ltr'><strong>ipse</strong></span> <span class='ocrx_word' id='word_1_351' title='bbox 1486 2456 1650 2503; x_wconf 86' lang='lat' dir='ltr'><strong>impetum</strong></span> <span class='ocrx_word' id='word_1_352' title='bbox 1676 2467 1732 2490; x_wconf 90' lang='lat' dir='ltr'><strong>re-</strong></span> 
     </span>
     <span class='ocr_line' id='line_1_41' title="bbox 241 2497 1734 2577; baseline 0.004 -47"><span class='ocrx_word' id='word_1_353' title='bbox 241 2499 383 2577; x_wconf 69' lang='lat' dir='ltr'><strong>pressit.</strong></span> <span class='ocrx_word' id='word_1_354' title='bbox 432 2497 496 2532; x_wconf 88' lang='lat' dir='ltr'><strong>Vir</strong></span> <span class='ocrx_word' id='word_1_355' title='bbox 515 2503 628 2533; x_wconf 84' lang='lat' dir='ltr'><strong>autem</strong></span> <span class='ocrx_word' id='word_1_356' title='bbox 649 2499 785 2545; x_wconf 80' lang='lat' dir='ltr'><strong>quidam</strong></span> <span class='ocrx_word' id='word_1_357' title='bbox 809 2514 851 2536; x_wconf 88' lang='lat' dir='ltr'><strong>ex</strong></span> <span class='ocrx_word' id='word_1_358' title='bbox 878 2502 969 2537; x_wconf 85' lang='lat' dir='ltr'><strong>illius</strong></span> <span class='ocrx_word' id='word_1_359' title='bbox 992 2503 1058 2538; x_wconf 87' lang='lat' dir='ltr'><strong>loci</strong></span> <span class='ocrx_word' id='word_1_360' title='bbox 1085 2503 1209 2538; x_wconf 89' lang='lat' dir='ltr'><strong>incolis</strong></span> <span class='ocrx_word' id='word_1_361' title='bbox 1232 2503 1467 2538; x_wconf 86' lang='lat' dir='ltr'><strong>Triballorum</strong></span> <span class='ocrx_word' id='word_1_362' title='bbox 1495 2502 1734 2549; x_wconf 85' lang='lat' dir='ltr'><strong>praedationi-</strong></span> 
     </span>
    </p>

    <p class='ocr_par' dir='ltr' id='par_1_16' title="bbox 239 2545 1737 2778">
     <span class='ocr_line' id='line_1_42' title="bbox 268 2545 1735 2597; baseline 0.005 -21"><span class='ocrx_word' id='word_1_363' title='bbox 268 2554 307 2577; x_wconf 84' lang='lat' dir='ltr'><strong>us</strong></span> <span class='ocrx_word' id='word_1_364' title='bbox 330 2554 440 2589; x_wconf 88' lang='lat' dir='ltr'><strong>nuper</strong></span> <span class='ocrx_word' id='word_1_365' title='bbox 457 2545 597 2591; x_wconf 85' lang='lat' dir='ltr'><strong>elapsus</strong></span> <span class='ocrx_word' id='word_1_366' title='bbox 620 2546 710 2581; x_wconf 89' lang='lat' dir='ltr'><strong>ultro</strong></span> <span class='ocrx_word' id='word_1_367' title='bbox 732 2552 804 2582; x_wconf 88' lang='lat' dir='ltr'><strong>tum</strong></span> <span class='ocrx_word' id='word_1_368' title='bbox 821 2550 866 2583; x_wconf 87' lang='lat' dir='ltr'><strong>ad</strong></span> <span class='ocrx_word' id='word_1_369' title='bbox 884 2549 1124 2594; x_wconf 85' lang='lat' dir='ltr'><strong>imperatorem</strong></span> <span class='ocrx_word' id='word_1_370' title='bbox 1145 2550 1357 2595; x_wconf 76' lang='lat' dir='ltr'><strong>transfugit,</strong></span> <span class='ocrx_word' id='word_1_371' title='bbox 1376 2550 1623 2597; x_wconf 86' lang='lat' dir='ltr'><strong>promisitque,</strong></span> <span class='ocrx_word' id='word_1_372' title='bbox 1642 2549 1735 2584; x_wconf 86' lang='lat' dir='ltr'><strong>indi-</strong></span> 
     </span>
     <span class='ocr_line' id='line_1_43' title="bbox 241 2591 1735 2642; baseline 0.005 -19"><span class='ocrx_word' id='word_1_373' title='bbox 241 2593 399 2624; x_wconf 87' lang='lat' dir='ltr'><strong>caturum</strong></span> <span class='ocrx_word' id='word_1_374' title='bbox 419 2602 458 2625; x_wconf 82' lang='lat' dir='ltr'><strong>se</strong></span> <span class='ocrx_word' id='word_1_375' title='bbox 475 2591 510 2626; x_wconf 87' lang='lat' dir='ltr'><strong>ei</strong></span> <span class='ocrx_word' id='word_1_376' title='bbox 529 2592 632 2627; x_wconf 85' lang='lat' dir='ltr'><strong>aliam</strong></span> <span class='ocrx_word' id='word_1_377' title='bbox 659 2594 701 2627; x_wconf 83' lang='lat' dir='ltr'><strong>ab</strong></span> <span class='ocrx_word' id='word_1_378' title='bbox 730 2606 772 2628; x_wconf 88' lang='lat' dir='ltr'><strong>ea</strong></span> <span class='ocrx_word' id='word_1_379' title='bbox 792 2606 882 2640; x_wconf 88' lang='lat' dir='ltr'><strong>quae</strong></span> <span class='ocrx_word' id='word_1_380' title='bbox 900 2601 983 2630; x_wconf 85' lang='lat' dir='ltr'><strong>nota</strong></span> <span class='ocrx_word' id='word_1_381' title='bbox 1007 2602 1083 2631; x_wconf 85' lang='lat' dir='ltr'><strong>erat</strong></span> <span class='ocrx_word' id='word_1_382' title='bbox 1103 2608 1165 2642; x_wconf 84' lang='lat' dir='ltr'><strong>per</strong></span> <span class='ocrx_word' id='word_1_383' title='bbox 1186 2597 1314 2632; x_wconf 88' lang='lat' dir='ltr'><strong>flumen</strong></span> <span class='ocrx_word' id='word_1_384' title='bbox 1330 2598 1444 2640; x_wconf 85' lang='lat' dir='ltr'><strong>viam,</strong></span> <span class='ocrx_word' id='word_1_385' title='bbox 1466 2598 1498 2633; x_wconf 82' lang='lat' dir='ltr'><strong>si</strong></span> <span class='ocrx_word' id='word_1_386' title='bbox 1517 2597 1582 2632; x_wconf 89' lang='lat' dir='ltr'><strong>sibi</strong></span> <span class='ocrx_word' id='word_1_387' title='bbox 1601 2608 1735 2632; x_wconf 85' lang='lat' dir='ltr'><strong>merces</strong></span> 
     </span>
     <span class='ocr_line' id='line_1_44' title="bbox 239 2635 1737 2690; baseline 0.006 -20"><span class='ocrx_word' id='word_1_388' title='bbox 239 2635 386 2690; x_wconf 57' lang='lat' dir='ltr'><strong>daretur</strong></span> <span class='ocrx_word' id='word_1_389' title='bbox 413 2637 516 2683; x_wconf 89' lang='lat' dir='ltr'><strong>paulo</strong></span> <span class='ocrx_word' id='word_1_390' title='bbox 545 2639 719 2685; x_wconf 86' lang='lat' dir='ltr'><strong>pinguior.</strong></span> <span class='ocrx_word' id='word_1_391' title='bbox 776 2641 842 2675; x_wconf 86' lang='lat' dir='ltr'><strong>His</strong></span> <span class='ocrx_word' id='word_1_392' title='bbox 872 2643 1126 2678; x_wconf 85' lang='lat' dir='ltr'><strong>conditionibus</strong></span> <span class='ocrx_word' id='word_1_393' title='bbox 1151 2644 1354 2679; x_wconf 84' lang='lat' dir='ltr'><strong>transmisso</strong></span> <span class='ocrx_word' id='word_1_394' title='bbox 1384 2645 1604 2690; x_wconf 85' lang='lat' dir='ltr'><strong>imperatoris</strong></span> <span class='ocrx_word' id='word_1_395' title='bbox 1633 2655 1737 2679; x_wconf 83' lang='lat' dir='ltr'><strong>exer-</strong></span> 
     </span>
     <span class='ocr_line' id='line_1_45' title="bbox 239 2684 1737 2737; baseline 0.006 -21"><span class='ocrx_word' id='word_1_396' title='bbox 239 2686 337 2725; x_wconf 72' lang='lat' dir='ltr'><strong>citu,</strong></span> <span class='ocrx_word' id='word_1_397' title='bbox 362 2684 513 2729; x_wconf 85' lang='lat' dir='ltr'><strong>perculsi</strong></span> <span class='ocrx_word' id='word_1_398' title='bbox 533 2686 586 2720; x_wconf 90' lang='lat' dir='ltr'><strong>rei</strong></span> <span class='ocrx_word' id='word_1_399' title='bbox 608 2686 771 2721; x_wconf 86' lang='lat' dir='ltr'><strong>miraculo</strong></span> <span class='ocrx_word' id='word_1_400' title='bbox 799 2688 950 2724; x_wconf 82' lang='lat' dir='ltr'><strong>Triballi</strong></span> <span class='ocrx_word' id='word_1_401' title='bbox 973 2690 1055 2724; x_wconf 89' lang='lat' dir='ltr'><strong>inde</strong></span> <span class='ocrx_word' id='word_1_402' title='bbox 1086 2691 1216 2727; x_wconf 89' lang='lat' dir='ltr'><strong>abeunt</strong></span> <span class='ocrx_word' id='word_1_403' title='bbox 1245 2691 1450 2735; x_wconf 87' lang='lat' dir='ltr'><strong>celerrime,</strong></span> <span class='ocrx_word' id='word_1_404' title='bbox 1482 2691 1543 2726; x_wconf 83' lang='lat' dir='ltr'><strong>alii</strong></span> <span class='ocrx_word' id='word_1_405' title='bbox 1571 2691 1640 2727; x_wconf 82' lang='lat' dir='ltr'><strong>alio</strong></span> <span class='ocrx_word' id='word_1_406' title='bbox 1672 2701 1737 2737; x_wconf 85' lang='lat' dir='ltr'><strong>per</strong></span> 
     </span>
     <span class='ocr_line' id='line_1_46' title="bbox 241 2730 701 2778; baseline 0.011 -15"><span class='ocrx_word' id='word_1_407' title='bbox 241 2739 317 2764; x_wconf 86' lang='lat' dir='ltr'><strong>eam</strong></span> <span class='ocrx_word' id='word_1_408' title='bbox 340 2730 516 2777; x_wconf 83' lang='lat' dir='ltr'><strong>regionem</strong></span> <span class='ocrx_word' id='word_1_409' title='bbox 539 2731 701 2778; x_wconf 87' lang='lat' dir='ltr'><strong>dispersi.</strong></span> 
     </span>
    </p>
   </div>
   <div class='ocr_carea' id='block_1_15' title="bbox 336 2778 1738 2831">
    <p class='ocr_par' dir='ltr' id='par_1_17' title="bbox 336 2778 1738 2831">
     <span class='ocr_line' id='line_1_47' title="bbox 336 2778 1738 2831; baseline 0.004 -18"><span class='ocrx_word' id='word_1_410' title='bbox 336 2778 372 2813; x_wconf 88' lang='lat'><strong>8.</strong></span> <span class='ocrx_word' id='word_1_411' title='bbox 398 2778 470 2812; x_wconf 90' lang='lat' dir='ltr'><strong>Ubi</strong></span> <span class='ocrx_word' id='word_1_412' title='bbox 497 2780 698 2825; x_wconf 85' lang='lat' dir='ltr'><strong>Apocaucus</strong></span> <span class='ocrx_word' id='word_1_413' title='bbox 728 2779 882 2815; x_wconf 85' lang='lat' dir='ltr'><strong>illaesum</strong></span> <span class='ocrx_word' id='word_1_414' title='bbox 912 2780 1154 2828; x_wconf 85' lang='lat' dir='ltr'><strong>imperatorem</strong></span> <span class='ocrx_word' id='word_1_415' title='bbox 1188 2785 1401 2820; x_wconf 86' lang='lat' dir='ltr'><strong>Berrhoeam</strong></span> <span class='ocrx_word' id='word_1_416' title='bbox 1434 2796 1546 2831; x_wconf 84' lang='lat' dir='ltr'><strong>usque</strong></span> <span class='ocrx_word' id='word_1_417' title='bbox 1579 2783 1738 2820; x_wconf 85' lang='lat' dir='ltr'><strong>evasisse</strong></span> 
     </span>
    </p>
   </div>
   <div class='ocr_carea' id='block_1_16' title="bbox 188 2820 1738 2878">
    <p class='ocr_par' dir='ltr' id='par_1_18' title="bbox 188 2820 1738 2878">
     <span class='ocr_line' id='line_1_48' title="bbox 188 2820 1738 2878; baseline 0.005 -22"><span class='ocrx_word' id='word_1_418' title='bbox 188 2820 213 2839; x_wconf 42' lang='lat'><strong>⁵*</strong></span> <span class='ocrx_word' id='word_1_419' title='bbox 242 2833 319 2856; x_wconf 85' lang='lat' dir='ltr'><strong>cum</strong></span> <span class='ocrx_word' id='word_1_420' title='bbox 350 2824 508 2859; x_wconf 87' lang='lat' dir='ltr'><strong>exercitu</strong></span> <span class='ocrx_word' id='word_1_421' title='bbox 540 2826 701 2872; x_wconf 89' lang='lat' dir='ltr'><strong>accepit,</strong></span> <span class='ocrx_word' id='word_1_422' title='bbox 732 2838 802 2861; x_wconf 88' lang='lat' dir='ltr'><strong>non</strong></span> <span class='ocrx_word' id='word_1_423' title='bbox 828 2827 964 2871; x_wconf 85' lang='lat' dir='ltr'><strong>statim,</strong></span> <span class='ocrx_word' id='word_1_424' title='bbox 996 2833 1034 2864; x_wconf 89' lang='lat' dir='ltr'><strong>ut</strong></span> <span class='ocrx_word' id='word_1_425' title='bbox 1056 2831 1223 2875; x_wconf 80' lang='lat' dir='ltr'><strong>diximus,</strong></span> <span class='ocrx_word' id='word_1_426' title='bbox 1246 2832 1375 2878; x_wconf 87' lang='lat' dir='ltr'><strong>irrupit</strong></span> <span class='ocrx_word' id='word_1_427' title='bbox 1397 2831 1434 2867; x_wconf 86' lang='lat' dir='ltr'><strong>in</strong></span> <span class='ocrx_word' id='word_1_428' title='bbox 1458 2831 1650 2873; x_wconf 79' lang='lat' dir='ltr'><strong>hosticum,</strong></span> <span class='ocrx_word' id='word_1_429' title='bbox 1674 2830 1738 2865; x_wconf 84' lang='lat' dir='ltr'><strong>sed</strong></span> 
     </span>
    </p>
   </div>
   <div class='ocr_carea' id='block_1_17' title="bbox 239 2868 1738 2924">
    <p class='ocr_par' dir='ltr' id='par_1_19' title="bbox 239 2868 1738 2924">
     <span class='ocr_line' id='line_1_49' title="bbox 239 2868 1738 2924; baseline 0.005 -19"><span class='ocrx_word' id='word_1_430' title='bbox 239 2868 407 2917; x_wconf 82' lang='lat' dir='ltr'><strong>impetum</strong></span> <span class='ocrx_word' id='word_1_431' title='bbox 430 2870 573 2909; x_wconf 81' lang='lat' dir='ltr'><strong>remisit.</strong></span> <span class='ocrx_word' id='word_1_432' title='bbox 620 2875 751 2921; x_wconf 84' lang='lat' dir='ltr'><strong>Aperto</strong></span> <span class='ocrx_word' id='word_1_433' title='bbox 774 2874 863 2910; x_wconf 82' lang='lat' dir='ltr'><strong>enim</strong></span> <span class='ocrx_word' id='word_1_434' title='bbox 887 2874 1003 2913; x_wconf 83' lang='lat' dir='ltr'><strong>Marte</strong></span> <span class='ocrx_word' id='word_1_435' title='bbox 1028 2889 1184 2924; x_wconf 83' lang='lat' dir='ltr'><strong>pugnare</strong></span> <span class='ocrx_word' id='word_1_436' title='bbox 1204 2883 1242 2916; x_wconf 90' lang='lat' dir='ltr'><strong>et</strong></span> <span class='ocrx_word' id='word_1_437' title='bbox 1264 2879 1450 2916; x_wconf 78' lang='lat' dir='ltr'><strong>comminus</strong></span> <span class='ocrx_word' id='word_1_438' title='bbox 1470 2890 1545 2917; x_wconf 75' lang='lat' dir='ltr'><strong>cum</strong></span> <span class='ocrx_word' id='word_1_439' title='bbox 1573 2878 1738 2915; x_wconf 85' lang='lat' dir='ltr'><strong>bellicoso</strong></span> 
     </span>
    </p>
   </div>
  </div>
 </body>
</html>
