1754 3164
571 107 1082 157 ANNOTATIONESs
1458 103 1593 154 1215

47 228 125 257 νον
141 210 245 269 μηδὲ
262 211 332 257 τᾶν
349 217 663 287 παρακαλοῦντα
678 212 882 286 εὑρόντες,
900 216 972 259 ἵνα
990 215 1060 259 καὶ
1077 215 1223 286 κρίσιν’
1232 216 1394 260 δικαίαν
1417 214 1594 272 ζητήσω-

45 287 132 326 μεν,
160 272 284 326 ἐκχεω
299 272 370 315 καὶ
396 269 518 321 αὕτός
535 276 610 314 τοῦ
630 268 690 315 δι’
708 271 788 343 ἐμὲ
809 273 1113 343 σταυρωθέντος
1141 270 1316 317 ἐνώπιον
1343 273 1421 330 τήν
1449 275 1592 330 δέησίν

44 345 148 383 μου,
175 329 247 370 καὶ
273 346 351 384 την
376 332 530 384 θλῖψίν
555 346 635 384 μου
665 326 777 389 αυτῷ
797 327 1038 401 οἷπαγγελτιῖ·
1070 331 1140 373 καὶ
1169 335 1321 386 μᾶλλον
1350 332 1408 384 οἷς
1423 337 1497 388 τῆς
1516 350 1589 376 κα-

43 388 136 458 πίας
167 385 452 459 ἐπιδιδούσης,
492 386 563 430 καὶ
602 387 751 459 ειργειν
781 384 1130 459 οἷναισχυντουσης
1157 388 1229 437 καὶ
1256 393 1339 432 τῶν
1363 385 1590 434 ἆναπνοαῖν

42 442 153 498 ἡμᾶς
180 460 226 490 to
253 440 489 515 λεγόμενον,
522 461 580 496 ως
610 443 665 499 μὴ
697 449 952 516 λειτουργεῖν,
981 444 1040 518 μή
1069 442 1270 518 εὐλογεῖν,
1299 445 1356 502 μή
1386 445 1592 492 διδάσκειν

41 517 134 543 τινα
162 499 213 543 τὰ
240 499 344 557 πρὸς
363 503 590 573 σωτηρίαν
615 516 947 571 παραχωρουσης.
994 520 1132 578 αγοιτο
1170 520 1271 556 ουν,
1312 504 1484 548 δέσποτα
1519 507 1591 549 καὶ

41 556 118 601 θεὲ
143 561 221 601 τοῦ
249 556 398 608 παντός
426 559 470 602 ἐν
497 556 632 616 τριαδι
660 557 956 631 γινωσκόμενος
983 562 1054 604 καὶ
1080 559 1360 634 ὑμνούμενος,
1390 579 1488 611 οποι
1515 566 1590 618 φί-

40 619 114 659 λον
144 629 210 658 σοι
237 633 287 658 τα
315 615 512 670 ημέτερα,
547 619 783 672 πρεσβείαις
821 622 895 673 τῆς
923 614 1112 674 ἆρῤήτως
1138 618 1210 662 καὶ
1239 615 1486 688 ἆρρυπᾶρως
1513 634 1589 663 σω-

3 721 6 723 ,
40 670 284 728 ματωσᾶσης
317 671 386 716 τὸν
426 691 498 716 ενα
534 677 608 729 τῆς
636 676 838 730 παναγίας
872 675 1060 730 τριαδος,
1096 676 1167 718 καὶ
1202 673 1369 719 πάντων
1398 694 1483 721 των
1511 674 1588 721 ἄπ’

41 732 193 781 αἰῶνος
221 728 543 786 λελατρευκότων
579 735 692 789 θεω,
731 733 803 775 καὶ
830 737 999 775 τοιαῦτα
1029 731 1267 776 παθόντων.
1299 730 1422 789 οἷμήν.
1479 735 1587 776 Hinc

38 789 159 828 etiam
181 789 296 841 argui
316 796 452 843 potest
476 790 738 830 Athanasium
762 791 963 832 secundae
975 792 1210 831 secessionis
1227 805 1387 831 causam
1401 792 1588 834 habuisse

38 845 239 887 diversam
256 846 306 886 ab
331 861 377 886 ea
395 861 514 899 quam
537 848 675 888 attulit
698 849 912 898 Gregoras.
973 850 1187 889 Caeterum
1206 850 1438 889 inconsulto
1457 857 1497 890 et
1514 865 1584 891 ne-

39 917 238 957 quaquam
258 904 458 958 probante
490 904 707 944 Athanasio
738 905 1028 958 Theophanem
1059 906 1167 946 dona
1198 907 1381 959 accipere
1407 908 1584 960 solitum,

38 969 206 1014 apparet
235 975 288 1002 ex
315 960 525 1001 Athanasii
554 962 682 1015 ipsius
703 963 910 1003 Relatione
939 964 991 1002 ad
1021 962 1324 1016 imperatorem,
1369 962 1470 1005 κατοέ
1500 968 1584 1006 τοῖν

37 1019 343 1074 αἰσχροκερδῶν,
373 1019 444 1060 καὶ
469 1023 552 1061 τῶν
576 1020 814 1072 προνομίων
834 1023 908 1072 τῆς
929 1020 1166 1075 ἐκκλησίας·
1194 1021 1238 1060 in
1270 1035 1349 1074 qua
1371 1022 1583 1063 Relatione

34 1076 263 1129 patriarcha
285 1078 489 1131 postulat,
531 1084 578 1117 ut
604 1077 837 1130 inquiratur
870 1078 913 1117 in
943 1092 1034 1130 eos,
1078 1078 1149 1131 qui
1170 1078 1384 1118 xeniorum
1411 1079 1576 1120 nomine

33 1135 246 1185 pecuniam
281 1134 512 1188 acceperint
543 1148 596 1174 ex
620 1135 735 1188 turpi
766 1148 906 1186 causa,
939 1141 980 1175 et
1006 1135 1245 1174 nominatim
1273 1136 1408 1190 ipsum
1431 1135 1575 1176 Theo—

32 1188 206 1243 phanem
226 1198 352 1235 notat.
397 1192 496 1234 Cod.
523 1193 623 1244 Reg.
645 1193 793 1235 Teller.
813 1193 886 1233 fol.
908 1192 975 1237 59.
1034 1206 1183 1233 nomm.

203 1261 378 1315 [gv-259,
411 1261 478 1306 15
539 1261 691 1313 Νίφων
719 1259 744 1303 ο“”
777 1263 851 1315 τῆς
891 1260 1096 1315 Κυζίκου]
1138 1259 1375 1314 Pachymer.
1402 1260 1480 1304 lib.
1501 1262 1575 1305 XI.

33 1330 123 1372 cap.
143 1259 233 1358 IXg
243 1317 446 1358 Phranzes
467 1318 542 1359 lib.
567 1318 599 1359 Ι.
625 1332 713 1372 cap.
737 1318 812 1359 IX.
870 1332 1049 1359 nucum.

147 1389 244 1441 Pag.
271 1387 376 1439 259,
409 1390 475 1431 18.
514 1384 632 1442 Ἀνηρ
658 1383 791 1439 πάντη
816 1385 890 1440 μὲν
914 1383 1043 1439 οἷδαης
1071 1388 1145 1456 τῆς
1174 1385 1249 1436 ἔξω
1276 1386 1475 1436 παιδείας,
1505 1383 1578 1440 οὔχ

33 1441 94 1492 ως
120 1459 171 1485 τα
200 1442 328 1486 πολλα
357 1443 402 1486 δὲ
430 1443 499 1486 καὶ
527 1447 603 1512 τῆς
631 1443 860 1495 θειοτέρας,
900 1460 955 1492 ως
987 1439 1089 1496 μηδ’
1119 1442 1249 1485 οἰκεία
1285 1443 1387 1496 χειρὶ
1414 1459 1464 1484 τα
1494 1447 1578 1485 τῶν

28 1517 275 1555 γραμματων
304 1505 479 1555 στοιχεῖα
515 1516 691 1555 γραφειν
722 1497 865 1553 εἰδώς]
922 1501 1093 1551 Ambigo
1128 1501 1227 1553 quid
1263 1501 1380 1540 velit.
1421 1506 1573 1551 utrum,

29 1571 123 1597 eum
150 1558 251 1598 adeo
275 1572 479 1599 sacrarum
505 1559 730 1598 litterarum
752 1557 876 1597 fuisse
894 1558 1053 1606 rudem,
1083 1563 1132 1596 ut
1150 1571 1226 1596 nec
1256 1558 1449 1611 profanas
1468 1559 1574 1596 scri-
1602 1602 1606 1607 ⁵

27 1614 125 1654 bere
148 1616 309 1657 scierit.
341 1630 390 1655 an
414 1629 534 1664 vero,
565 1629 650 1655 non
671 1628 798 1667 aeque
817 1614 941 1655 fuisse
964 1615 1107 1655 rudem
1128 1627 1359 1666 sacrarum,
1388 1614 1500 1668 quod
1517 1615 1574 1655 fe-

26 1686 73 1713 re
95 1672 189 1725 fiat,
221 1687 269 1713 ac
290 1674 563 1727 profanarum.
621 1686 819 1714 Woers.

142 1741 244 1795 Pag-
273 1744 380 1794 260,
410 1745 448 1785 2.
510 1739 625 1796 Πρός
650 1744 787 1783 πᾶσαν
821 1741 1023 1794 βιωτικῶν
1050 1735 1322 1795 πραγματων]
1351 1739 1570 1792 Interpres,

26 1814 83 1838 ra
73 1798 324 1857 familiaris
348 1799 607 1853 peritissimus
618 1797 724 1855 fuit.
761 1797 1094 1849 Emendavimus‚
1127 1798 1183 1837 rei
1207 1794 1438 1838 saecularis.
1465 1797 1571 1838 Vide

27 1855 160 1897 Gloss.
180 1857 286 1897 med.
307 1856 485 1899 Graecit.
506 1857 548 1896 in
573 1857 675 1910 βίος.
723 1869 904 1896 nucum.

140 1925 244 1979 Pug-
275 1929 381 1975 260,
415 1928 481 1968 12.
529 1923 572 1966 Ὁ
592 1923 636 1966 δὲ
662 1927 846 1973 τοιοῦτος
875 1919 1022 1979 τρόπος
1044 1921 1273 1994 παρέπεισε,
1296 1924 1398 1976 etc.]
1430 1921 1568 1964 Codex

23 1983 172 2035 Regius
194 1983 340 2034 habet,
370 1999 392 2024 ο
411 1998 455 2035 γε
479 1998 562 2036 μην
590 1980 694 2036 πρός
717 1980 901 2031 ευποιΐας
929 1977 1121 2034 συμφυὴς
1146 1976 1297 2035 τρόπος
1322 1979 1467 2047 παρέπ.
1505 1981 1567 2020 Ita

26 2042 147 2080 etiam
171 2040 308 2080 Codex
326 2040 564 2089 Vaticanus,
604 2046 652 2079 ut
679 2040 820 2093 accepi
853 2052 903 2078 ex
929 2039 986 2078 Cl.
1016 2038 1302 2090 Rostgaardio‚
1333 2038 1404 2091 qui
1431 2044 1566 2078 tamen

24 2094 214 2140 ευποιΐαν
243 2098 361 2148 legit,
397 2111 482 2136 non
506 2093 701 2146 εὐποιΐας.
760 2109 919 2136 nonna.

134 2154 372 2209 Peg-260,
405 2154 470 2198 14
529 2152 649 2209 Λέγω
672 2152 723 2206 δη
743 2169 827 2195 των
845 2149 921 2195 δυο
940 2149 1244 2208 παρθενῶνων]
1273 2151 1492 2204 latex-pres,
1511 2149 1559 2190 ἅε

23 2210 187 2253 aedibus
195 2186 320 2252 obitui-5
358 2208 581 2251 Vestalium
617 2212 827 2266 virginum.
895 2211 1127 2262 Edidimus,
1162 2206 1551 2250 sanctimonialium.

21 2283 198 2310 nocue.

137 2327 237 2398 Pag
266 2329 370 2377 260,
404 2325 469 2370 15.
516 2321 606 2366 Ἵνα
635 2342 720 2378 αμα
747 2323 821 2379 μὲν
852 2324 899 2367 ἐκ
925 2327 1009 2366 τῶν
1035 2321 1270 2378 προσόδων,
1294 2329 1371 2363 etc.
1382 2321 1399 2375 ]
1426 2320 1559 2361 Verba

16 2382 305 2438 ἵνα-ἤθους
327 2384 472 2423 absunt
494 2398 517 2423 a
539 2382 686 2422 Codice
706 2382 849 2434 Regio:
880 2383 923 2421 in
941 2383 1134 2422 Vaticano
1161 2388 1291 2421 autem
1323 2380 1448 2418 latent
1478 2378 1555 2417 sub

22 2442 238 2491 achedula,
279 2442 394 2482 cuius
426 2455 519 2495 pars
555 2440 719 2480 dimidia
756 2440 958 2493 discerpta
988 2445 1060 2480 est.
1116 2439 1166 2478 In
1196 2443 1310 2492 palte
1341 2435 1556 2488 superstite

19 2501 221 2552 legitur..
260 2496 457 2552 .πρᾶχεν,
488 2496 589 2541 ἄλλα
618 2497 689 2539 καὶ
715 2498 911 2539 πλείστων
939 2494 1072 2539 αλλων
1103 2493 1233 2544 αλλως
1260 2494 1403 2535 πενίαν
1431 2507 1553 2546 παρε-

122 2561 279 2599 .λωτον
328 2556 561 2624 ἐλευθερίαν
598 2555 830 2610 ἐχαρίσατο,
883 2553 952 2596 καὶ
989 2552 1216 2600 πιπτουσας
1244 2552 1553 2620 μεγαλοπρεπῶς

21 2610 152 2666 ἆνερ.
200 2609 377 2663 .δαπᾶς.
409 2613 640 2668 διεβέβλητο
670 2611 743 2666 μέν
770 2627 835 2653 τοι
861 2627 972 2665 παρα
1003 2627 1086 2653 των
1112 2610 1328 2657 πλείστων,
1359 2621 1415 2655 ως
1449 2603 1551 2648 ὁπό-

21 2684 139 2722 σους,
169 2678 246 2711 etc.
301 2671 351 2710 Id
371 2685 532 2725 quoque
554 2671 692 2725 accepi
718 2683 770 2710 ex
788 2669 848 2710 Cl.
865 2669 914 2710 V.
934 2668 1046 2710 Frid.
1067 2664 1340 2718 Rostgaardio.
1369 2676 1522 2703 norvnt.

131 2738 233 2794 Pag·
265 2742 373 2790 260,
404 2743 470 2784 18.
521 2735 650 2789 Οὗτος
676 2734 856 2788 οπόσους
874 2732 1154 2791 ευδοκιμήσει]
1183 2734 1229 2772 In
1248 2732 1394 2772 Codice
1412 2731 1548 2783 Regio,

19 2801 66 2836 ut
88 2803 129 2837 et
149 2797 193 2836 in
216 2797 432 2848 Vaticano,
468 2796 616 2850 legitur
648 2795 878 2851 διεβέβλητο
907 2794 980 2850 μέν
1008 2809 1070 2836 τοι
1095 2788 1204 2845 παρὰ
1231 2805 1313 2832 των
1339 2789 1547 2838 πλείστων,
