1754 3164
197 158 348 206 ,1274
750 159 767 190 s
781 160 1264 207 ANNO'I'ATIONES.

206 271 431 320 turbatum,
464 268 596 308 statim
617 267 850 308 suri-,exisse
911 269 968 308 De
1001 266 1236 308 citharoedo
1269 275 1310 309 et
1339 269 1389 309 de
1420 269 1617 308 cantilena
1647 274 1754 307 tacet

211 329 387 368 omnino.
446 339 604 365 BOIVIN.
1506 343 1523 347 ··

326 380 805 436 Peg-707,12.'Em9
807 399 891 424 των
915 382 1180 424 υπασπιστῶν
1206 380 1286 436 εἷς]
1321 383 1450 431 Quem
1473 383 1754 422 Lantzaretum

209 448 330 482 vocat
352 442 652 479 Cantacuzenus
676 441 747 483 lib
766 426 834 480 III.
859 455 945 494 cap.
966 445 1034 484 70.
1058 442 1128 493 qui
1153 441 1195 482 ἐκ
1217 457 1300 483 των
1324 442 1491 482 οἰκετῶν
1514 442 1754 480 Cantacuze-

207 501 250 539 ni
271 499 395 538 fuisse
415 500 481 538 ait.
539 512 714 539 DUCANG.

330 559 422 609 Pag-
451 559 554 605 708,
585 559 625 598 6.
692 554 773 598 Τόν
802 572 844 597 τε
871 552 1083 610 σατράπην
1110 552 1283 608 Ἀμιοῦρ]
1333 555 1459 608 Atqui
1499 555 1593 594 inde
1625 560 1665 593 et
1705 568 1754 593 ex

209 615 488 653 Cantacuzeno
507 613 574 653 lib.
595 613 666 652 III.
691 628 780 667 cap.
800 617 866 658 86.
898 615 1089 652 docemur
1111 615 1199 666 quis
1235 613 1543 654 Mar-bascianus
1563 613 1753 651 Sultanus

205 673 275 710 ille
296 671 348 710 sit
367 672 478 724 apud
498 671 607 712 Ioan.
622 670 847 711 villaneum
874 672 943 713 lib.
967 670 1056 710 XII.
1081 686 1167 725 cap.
1190 675 1258 714 28.
1284 685 1364 723 quo
1385 671 1478 709 loco
1500 677 1635 709 narrat
1656 684 1754 722 quo-

205 729 328 768 modo
350 731 545 781 Smyrnae
565 744 589 767 a
611 729 760 768 Latinis
783 736 1031 781 expugnatae
1055 729 1152 779 sint,
1188 729 1259 780 qui
1283 743 1362 767 non
1385 728 1486 767 alius
1512 735 1571 766 est
1599 728 1647 766 ab
1675 728 1754 766 isto

205 787 361 836 Amr,
395 800 512 838 quem
541 785 790 826 Froissartus
820 788 882 826 III.
909 788 995 826 Vol.
1029 801 1114 838 cap.
1147 790 1215 829 22.
1244 794 1282 825 et
1307 790 1373 829 23.
1403 784 1753 839 Amourabaquin‚

207 858 279 883 seu
309 844 510 883 distinctis
554 844 725 883 vocibus
767 844 930 884 Amour
955 843 1122 884 Abakin
1157 851 1300 896 vocat,
1350 857 1422 883 seu
1447 839 1595 897 Ἀμοῦρ
1624 842 1754 883 πέκιν.

207 915 380 940 nucANo.

319 961 424 1012 Pag.
454 961 559 1008 708,
589 963 631 1002 7.
673 955 789 999 Kato}
809 953 1004 1013 Σμύρνης
1025 958 1244 1012 ἐπίπλους]
1277 959 1378 998 Vide
1400 972 1524 1011 supra
1547 958 1622 999 lib.
1638 958 1751 997 XIII.

219 1029 304 1068 cap.
327 1017 399 1055 ult.
423 1023 520 1055 sect.
545 1019 584 1058 7.
642 1029 799 1057 1301V1N.

321 1075 427 1127 Pag.
458 1076 566 1123 708,
598 1077 665 1115 11.
730 1071 784 1115 To*
804 1075 880 1113 τοῦ
911 1075 1080 1115 Πυθίου
1107 1070 1334 1129 φρούριον]
1371 1070 1603 1127 Ἐμπύθιον
1634 1077 1754 1111 vocat

208 1130 509 1170 Cantacuzenus
527 1132 594 1170 lib.
611 1131 675 1169 III.
697 1145 784 1183 cap.
806 1135 874 1173 71.
933 1145 1109 1173 DUGANG.

315 1192 410 1241 Pag.
440 1192 547 1238 710,
580 1191 619 1230 9.
677 1184 918 1243 Ἀνδρονίκῳ
949 1192 1007 1244 τῷ
1037 1187 1328 1244 Παλαιολόγω]
1370 1189 1407 1227 Is
1431 1187 1631 1239 dignitate
1653 1188 1752 1226 Pro-

207 1248 403 1284 testrator
425 1253 466 1285 et
485 1245 841 1297 Stratopedarcha,
874 1245 988 1284 cuius
1009 1261 1089 1285 non
1111 1247 1233 1285 semel
1257 1246 1437 1285 meminit
1454 1247 1752 1283 Cantacuzenus

206 1303 306 1342 locis
337 1303 523 1342 indicatis
557 1304 598 1341 in
626 1303 762 1344 Famil.
788 1305 957 1355 Byzant.
984 1317 1073 1356 pag.
1098 1304 1194 1346 254.
1255 1304 1377 1342 Cuius
1409 1310 1576 1342 mortem
1606 1302 1752 1340 recitat

207 1359 278 1400 lib.
298 1361 367 1400 III.
391 1375 481 1414 cap.
500 1364 567 1403 71.
594 1367 633 1399 et
652 1375 813 1399 rursum
840 1362 1040 1412 Gregoras
1066 1362 1134 1402 lib.
1156 1361 1266 1402 XVI.
1296 1375 1384 1413 cap.
1416 1365 1453 1403 1.
1486 1374 1664 1399 DUGANG.

326 1421 558 1471 Pag.710‚
597 1421 665 1462 18-
723 1417 766 1459 O
789 1419 974 1471 Γαβαλᾶς
992 1415 1208 1471 Ἰωάννης]
1241 1419 1343 1457 Tum
1362 1419 1527 1469 Magnus
1552 1416 1752 1468 Logothe-

208 1480 271 1523 ta,
299 1482 440 1528 postea
461 1476 585 1514 va1iis
608 1483 749 1514 auctus
773 1476 1047 1527 dignitatibus.
1090 1477 1356 1516 Cantacuzen.
1380 1476 1450 1515 lib.
1470 1476 1539 1517 III.
1566 1490 1656 1527 cap.
1681 1478 1748 1518 72

206 1532 325 1571 Ill-ius
343 1547 426 1571 non
447 1534 569 1572 semel
592 1534 690 1572 alibi
707 1534 897 1572 meminit.
936 1547 1026 1572 Duc
1024 1548 1114 1574 xNG

326 1594 418 1644 Pag.
449 1594 554 1641 710,
587 1594 656 1633 23.
720 1593 916 1641 Συζεῦξαι
945 1607 993 1649 τῃ
1027 1591 1173 1632 ἑαυτοῦ
1199 1589 1396 1646 θυγατρὶ]
1440 1591 1658 1630 Cantacuz.
1681 1589 1750 1628 lib.

206 1646 274 1686 111.
300 1661 389 1700 cap.
413 1651 482 1692 87.
540 1662 719 1690 ΒυοΔΝο.

321 1704 420 1758 Pag
452 1706 555 1755 714,
588 1710 651 1748 11.
709 1705 794 1746 Καὶ
818 1704 1025 1759 ὁμηλίκων
1050 1706 1227 1758 κηλίδων
1259 1705 1438 1758 ἰατρείαν
1468 1702 1582 1752 τινα]
1621 1704 1749 1754 Verti,

209 1776 296 1801 eam
318 1778 397 1801 esse
418 1760 595 1801 divinam
624 1764 933 1818 castigationem.
971 1763 1217 1803 Veltendum
1243 1763 1431 1813 videtur,
1462 1761 1640 1816 aliquam
1672 1777 1750 1800 esse

209 1817 387 1857 divinam
416 1821 713 1870 castioationem
722 1795 811 1859 Oete.
871 1835 1024 1860 1301V1N.
1071 1841 1074 1844 ’

328 1878 424 1928 Pag.
454 1876 556 1924 714,
583 1880 654 1918 20.
715 1878 1021 1917 Μασσαλιανων
1056 1876 1125 1918 καὶ
1161 1876 1420 1930 Βογομίλων]
1470 1877 1747 1915 consulendus

210 1931 279 1970 hic
306 1932 347 1969 in
382 1933 520 1984 primis
545 1906 757 1973 'Cantacum
781 1935 849 1972 lib.
872 1934 923 1974 II.
952 1949 1040 1987 cap.
1065 1939 1130 1978 39.
1161 1948 1336 1973 DUCANG.
1386 1933 1469 1974 Καὶ
1492 1936 1746 1988 Βογομίλων]

211 1990 270 2028 De
293 1990 438 2040 quibus
459 1991 574 2030 Anna
601 1991 825 2041 Comnena,
857 1991 1096 2044 Euthymius
1116 1992 1362 2043 Zigabenus‚
1405 1992 1525 2030 Tollii
1557 1992 1634 2030 iter
1662 1993 1743 2030 Ita-

210 2047 335 2084 licum
363 2054 438 2088 etc.
499 2048 600 2088 Vide
629 2055 667 2087 et
700 2049 769 2088 lib.
799 2049 953 2089 XXIX.
985 2050 1112 2099 insta,
1164 2049 1235 2088 ubi
1262 2050 1311 2088 de
1339 2049 1503 2101 Synodo
1537 2048 1673 2087 habita
1703 2050 1747 2088 in

212 2110 348 2149 monte
367 2104 486 2144 Atho.
542 2119 695 2145 BOIVIN.

326 2158 491 2202 Ibidem.
555 2159 613 2203 Τά
648 2178 690 2203 τε
720 2178 795 2218 γαρ
841 2160 941 2204 ἄλλα
975 2161 1020 2205 τό
1061 2161 1157 2218 ὄρος
1193 2162 1216 2206 ὁ
1245 2161 1387 2211 ’Ἀθως
1420 2163 1522 2215 etc.]
1567 2164 1621 2201 De
1650 2164 1746 2202 lau-

213 2216 330 2256 dibus
356 2220 504 2258 montis
531 2219 640 2259 Atho
662 2222 786 2259 multa
820 2222 936 2260 etiam
965 2221 1193 2274 patriarcha
1224 2220 1458 2260 Philotheus
1487 2220 1744 2259 Antirrhetic.

211 2275 289 2314 lib.
307 2275 393 2314 XII.
417 2274 538 2330 (Cod.
561 2279 655 2329 Reg.
683 2281 804 2322 1996.
834 2279 902 2317 fol.
921 2282 1016 2322 283
1035 2279 1096 2335 v.)
1125 2280 1190 2318 ubi
1217 2280 1434 2330 Gregoram
1467 2278 1615 2316 acriter
1635 2279 1745 2317 inse-

214 2339 360 2380 ctatur,
395 2334 508 2386 quod
533 2341 572 2373 et
593 2342 769 2374 sanctam
797 2337 1026 2375 solitudinis
1054 2337 1296 2375 monasticae
1320 2336 1672 2405 tranquillitatem,
1704 2342 1745 2374 et

211 2393 386 2429 montem
421 2390 556 2443 ipsum
591 2391 697 2431 Atho
736 2394 970 2433 calumniari
1005 2407 1123 2432 ausus
1153 2394 1218 2433 sit.
1275 2391 1442 2462 Ὑβρίζει
1474 2388 1516 2433 δ’
1548 2389 1743 2462 α’κρατως,

210 2446 366 2500 inquit,
407 2449 471 2497 εἰς
500 2464 573 2501 την
604 2449 717 2502 ἱεροῖν
746 2450 919 2505 ησυχίαν
950 2449 1016 2492 δια
1046 2455 1125 2492 τῶν
1154 2447 1281 2503 αὐτῆς
1310 2446 1502 2502 ἆθλητων
1531 2465 1573 2491 τε
1599 2450 1669 2491 καὶ
1698 2467 1743 2491 α-

211 2508 385 2557 σκητῶν·
414 2509 566 2559 μᾶλλον
598 2506 641 2549 δὲ
670 2505 744 2549 οὐκ
777 2510 834 2558 εἰς
861 2507 937 2562 τήν
965 2508 1139 2562 ἡσυχίαν
1164 2504 1307 2560 μόνην,
1337 2504 1436 2548 ἄλλα
1462 2506 1533 2549 καὶ
1553 2523 1628 2560 την
1650 2503 1742 2561 ἄρε-

209 2559 284 2615 τήν
314 2562 421 2616 ὁμοῦ
447 2567 603 2616 πᾶσαν,
634 2561 709 2618 όση
739 2582 780 2607 τε
808 2569 881 2619 τῆς
910 2568 1093 2639 θεωρίας
1114 2566 1182 2606 καὶ
1213 2562 1288 2618 όση
1299 2569 1390 2635 τῆς
1419 2561 1626 2633 πραξεως,
1668 2562 1742 2606 τὸν

180 2645 182 2648 v
212 2617 335 2688 5⁸Q⁰²2
351 2617 466 2662 ’Ἇθω
498 2625 559 2692 τῷ
592 2619 696 2678 λόγῳ
730 2620 927 2677 προθεὶς,
970 2621 1013 2665 vd
1045 2619 1170 2676 μόνον
1200 2622 1255 2672 ὥς
1284 2618 1450 2696 ἅληθως
1479 2619 1639 2675 απάσης
1665 2624 1741 2674 τῆς

212 2671 355 2730 οἷρετῆς
392 2664 539 2720 κοινόν
561 2676 842 2735 ἐργαστήριον,
881 2684 963 2722 τῶν
991 2677 1094 2722 καθ’
1111 2680 1233 2754 'mbas'
1257 2696 1316 2728 τις
1347 2680 1424 2732 ε’φη
1466 2682 1631 2731 σοφῶν·
1671 2677 1738 2720 τὸν

210 2749 291 2774 των
321 2734 539 2789 ἑκασταχοῦ
566 2739 640 2789 τῆς
679 2738 937 2792 οἰκουμένης,
979 2754 1068 2787 πως
1104 2734 1156 2778 ἂν
1194 2738 1369 2790 εἴποιμι,
1388 2734 1739 2807 ομολογουμένως

210 2789 478 2844 ἐξειλεγμένον
512 2790 680 2847 μαλιστα
707 2798 858 2849 χῶρον·
888 2811 958 2837 τον
977 2793 1095 2862 ἱερὸν
1123 2791 1328 2848 χηραμόν”
1360 2792 1404 2836 τὸ
1431 2793 1528 2848 μέγα
1546 2794 1615 2834 καὶ
1634 2798 1737 2834 θαυ-

209 2846 358 2900 μαστὸν
387 2847 510 2899 όντως
538 2854 609 2906 τῆς
646 2848 789 2908 αρετῆς
827 2864 1097 2908 παγκρατίου·
1135 2869 1218 2894 των
1252 2849 1459 2906 Ὀλύμπου
1490 2864 1751 2907 πραγματων·
