1794 3172
231 127 352 178 ,824
580 173 585 176 .
612 168 614 173 .
663 172 667 175 .
693 127 1011 175 NICEPHORI
1027 126 1365 173 GREGORAE
1408 167 1410 169 ,

28 254 64 288 Δ.
84 254 131 287 Μ.
151 246 324 292 6856τία.
340 248 428 288 ’τῶν
455 241 744 300 πραττομένων
774 238 828 283 τὰ
855 238 950 294 τέλη
966 251 976 261 ·
1000 236 1266 292 ,ἀνηκέστους
1286 235 1360 279 ,δὲ’
1377 235 1446 278 καὶ
1474 233 1719 289 δυσέλπιδας

42 326 57 331 ”
86 299 188 334 lnd.1
235 318 403 372 μᾶλλον
419 312 507 362 ,τὰς
531 310 637 366 μετὰ
667 308 738 353 τὸν
767 309 866 364 βίον
890 305 1130 363 καταγωγὰς
1146 300 1514 364 ἀπαντᾷν.”..(ς’.)
1541 301 1655 359 Ἄρτι
1675 302 1721 344 δὲ

184 371 197 434 ι,
248 377 316 428 καὶ
335 382 412 439 τὴν
432 379 703 435 ἀντικειμένην
724 378 903 435 φατρίαν
924 373 1138 427 ξυνενόουν
1160 373 1386 431 ἒγκειμένην
1406 371 1622 430 ἑτέρωθεν,
1644 369 1721 413 λά-

249 458 349 510 θρα,
365 469 408 494 τε
439 451 506 493 καὶ
524 451 753 505 ,προφανῶς
785 445 912 489 αὐτὸν
943 445 1234 501 διεγείροντας,
1264 444 1424 500 ἐξοριάς
1451 459 1502 496 με
1521 442 1626 500 δρᾷν
1645 438 1721 495 τὴν

249 522 445 576 ταχίστην
461 515 708 561 ὑπεύθυνον,
745 516 948 558 ἐδεδίεσαν
964 513 1069 571 γὰρ,
1104 510 1232 566 οἶμαι,
1263 512 1322 568 μὴ
1340 515 1399 571 τῷ
1424 515 1498 554 τοῦ
1519 507 1718 566 ἡμετέρου
1726 520 1750 557 5

251 589 373 646 ζήλου
392 589 502 644 πυρὶ,
533 583 729 643 καθάπερ,
754 586 942 642 σίδηρος,
975 582 1059 638 ὀψέ
1086 599 1184 625 ποτε
1208 582 1442 636 μαλαχθεὶς
1470 578 1723 623 εὖπαθέστε-

213 670 325 716 (ξρος
349 657 511 714 γένηται
544 654 650 712 πρὸς
674 654 820 706 πειθώ,
854 655 922 696 καὶ
950 650 1049 708 ὅλην
1082 650 1327 706 μεταβαλών
1349 650 1424 706 τὴν
1443 653 1525 692 τῶν
1547 645 1722 691 δικτύων

248 728 466 782 ἐπίβουλον
486 721 628 781 θήραν
646 721 901 780 ἀνασοβήσῃ.
940 722 1003 765 διὸ
1024 723 1091 764 καὶ
1120 722 1160 771 ἐς
1179 720 1226 763 τὸ
1249 717 1594 776 παραβολώτερον
1612 721 1723 772 μᾶλ-

246 793 584 841 λον.ἒκεῒθεν,τὸν
608 793 706 848 ἐμὸν
727 794 795 835 καὶ
815 791 939 841 αὐτὸς
967 788 1236 846 ἀνεχάλκευον
1255 787 1435 847 τρόπον,
1469 789 1534 830 καὶ
1558 785 1724 844 ἀφειδέ-

249 882 395 923 στερον
422 863 503 919 ’ἤδη
533 869 620 912 τοῖς
644 861 748 915 πρὸς
775 861 902 904 αὐτὸν
935 861 1111 916 ἐλέγχοις
1138 857 1352 916 ἐχρώμην,
1387 860 1503 900 δυοΐν
1523 857 1659 902 ἕνεκα·
1695 853 1781 911 31'10

250 935 330 992 γὰρ
367 932 613 980 αἷδεσθὲντα
643 929 813 974 παύσειν
851 930 898 974 τὸ
939 934 1014 973 τοῦ
1051 929 1158 972 κατὰ
1189 933 1263 984 τῆς
1297 927 1511 983 ἐκκλησίας
1545 925 1724 979 πολέμου

252 1005 413 1059 βίαιον,
448 1001 474 1058 ’ἢ
495 1001 596 1056 κάμὲ
614 1005 688 1043 τοῦ
711 1001 940 1053 Βυζαντίου
958 997 1132 1055 τάχιστα
1163 1004 1289 1042 ποιεῖν
1308 994 1571 1054 ἠναγκάσθαι
1594 992 1726 1051 ἐξόρι-

214 1078 377 1117 Βστον..
405 1070 620 1127 μηδὲγὰρ
649 1069 814 1112 ἀνεκτὸν
842 1067 947 1112 εἷναί
968 1087 1040 1124 μοι
1050 1102 1064 1122 ,
1104 1068 1178 1124 τὴν
1199 1071 1283 1110 τῶν.
1302 1064 1517 1123 δογμάτων
1537 1080 1726 1123 καινοτο-

251 1144 352 1198 μίαν
373 1141 610 1198 ὀφθαλμοῖς
628 1137 729 1200 ὅρᾷν
748 1139 925 1193 εὐσεβεῖν
946 1138 1214 1196 αἱρουμένοις.
1249 1131 1419 1191 ἀλλ’,ἦν
1439 1133 1520 1192 ἄρα
1540 1133 1592 1176 τὰ
1611 1130 1726 1190 λεγό-

253 1229 364 1266 μενα,
377 1208 553 1265 μάταιος
571 1208 711 1264 ὄχλος,
745 1210 812 1251 καὶ
832 1206 1004 1251 ἐπόνουν
1035 1205 1229 1263 ἀνήνυτα.
1265 1204 1359 1249 οὔτε
1377 1205 1454 1262 γὰρ
1477 1203 1572 1247 οὐδὲ
1590 1201 1783 1259 βραχύ,15

212 1305 228 1319 ι
253 1285 330 1337 τῆς
348 1279 584 1336 προθέσεως
602 1279 751 1333 ἐκείνης
767 1279 915 1328 ἐκεῖνος
935 1278 1122 1320 ε’νδοῦναι
1145 1273 1375 1333 προῄρηται
1390 1288 1400 1298 ·
1437 1270 1633 1328 αἰσχύνην
1650 1271 1728 1328 γὰρ

255 1348 432 1404 ἐνόμιζεν
461 1347 566 1391 εἷναί
589 1347 629 1391 οἳ
649 1347 732 1403 ,τὴν
765 1351 840 1391 τοῦ
860 1345 1018 1404 τρόπου
1044 1344 1295 1401 μετάθεσιν,
1328 1345 1396 1387 καὶ
1415 1343 1492 1399 τὴν
1513 1346 1587 1397 τῆς
1607 1339 1731 1396 δόξης

123 1417 513 1476 Ὺ.42ομεταβολὴν,
544 1411 571 1474 ᾖ
599 1417 674 1472 τὴν
701 1417 818 1472 ἰσχὺν
842 1416 974 1467 ,αὐτὸς
1001 1418 1043 1467 ἐξ
1071 1416 1200 1472 ἀρχῆς
1220 1411 1496 1472 χαρισάμενος
1525 1415 1600 1466 τῆς
1632 1410 1731 1465 ὅλης

253 1487 435 1544 μάλιστα
467 1484 633 1537 πάντων
660 1486 794 1537 ἔδοξεν
826 1483 1065 1536 ὑποθέσεως
1094 1485 1246 1534 αἴτιος·
1285 1482 1378 1526 οὔτ>
1411 1482 1505 1537 ε’μοί
1531 1498 1570 1523 τι
1598 1479 1730 1522 δεινὸν

212 1555 440 1614 Εέπάγειν,
476 1553 584 1600 πάνυ
617 1572 680 1600 τοι
707 1556 970 1612 λοιδοροῦντί
996 1572 1039 1598 τε
1061 1556 1128 1597 καὶ
1153 1551 1413 1609 χλευάζοντι,
1444 1549 1538 1594 οὔτ’
1564 1549 1787 1595 οἷ’κοθενὲο

257 1627 383 1677 αὐτὸς
398 1623 680 1681 βεβούλευται,
705 1624 797 1668 οὔτε
818 1622 1119 1675 ξυνωθούντων
1137 1623 1271 1666 ἄλλων
1290 1619 1592 1679 παρενήνεκται.
1630 1617 1727 1661 ἀλλ’

256 1692 308 1752 ἦν
329 1695 410 1739 ἀπὸ
430 1698 504 1745 τοῦ
524 1694 615 1737 ἴσου
633 1712 704 1750 μοι
723 1692 1019 1750 διαλεγόμενος,
1051 1693 1156 1748 μετὰ
1174 1697 1248 1748 τῆς
1271 1689 1480 1746 συνήθους
1499 1686 1734 1746 πραότητος

260 1766 344 1820 ἀεὶ,
378 1763 515 1821 ὥσπερ
544 1764 583 1807 οἳ
608 1763 667 1819 μὴ
691 1761 913 1818 δυνάμενοι
934 1764 1031 1813 τοὺς
1054 1763 1262 1811 ἐναντίους
1278 1758 1532 1815 ἀμύνεσθαι·
1568 1756 1643 1813 τὴν
1661 1757 1732 1811 μί-

261 1851 399 1891 μησιν,
420 1831 547 1887 οἶμαι,
570 1832 674 1890 πρὸς
690 1832 904 1890 Ἀδριανόν
929 1829 1133 1887 εὐστόχως
1153 1829 1315 1887 ἀνάγων
1337 1829 1409 1873 τὸν
1428 1825 1729 1885 αὐτοκράτορα,

263 1988 323 2024 les'¹
338 1987 473 2023 minime
497 1986 624 2030 velint3
656 1999 697 2023 ac
720 1986 824 2022 iidem
850 1989 928 2034 post
946 1986 1052 2023 vitam
1079 1987 1123 2022 ad
1143 1983 1414 2021 intolerabiliora
1437 1986 1474 2019 et
1496 1980 1735 2029 desperatiora

266 2034 354 2070 mala
372 2034 580 2090 appellun't.”
631 2034 731 2079 (VI.)
755 2034 951 2069 Novissime
969 2038 1004 2069 et
1027 2034 1231 2068 contrariam
1249 2031 1430 2066 factionem
1444 2042 1486 2065 ex
1507 2030 1615 2064 altera
1634 2032 1735 2074 parte

265 2082 399 2116 instare
420 2080 590 2122 intellexi,
615 2081 872 2126 clanculumque
890 2085 926 2114 et
943 2080 1055 2126 palam
1074 2092 1150 2115 eum
1168 2079 1350 2124 instigare,
1373 2082 1414 2112 ut
1431 2089 1483 2111 me
1500 2075 1602 2110 exilio
1619 2074 1735 2110 statim

265 2124 455 2162 mulctaret.
503 2127 717 2162 Verebantur
737 2127 884 2172 quippe,
909 2132 949 2162 ut
967 2127 1107 2172 opinor,
1132 2138 1174 2161 ne
1193 2126 1260 2160 zeli
1279 2125 1371 2159 illius
1387 2123 1496 2158 nostri
1514 2123 1616 2168 igne,
1639 2120 1736 2155 velut

265 2174 407 2215 ferrum,
421 2172 556 2207 tandem
576 2173 758 2219 aliquando
775 2172 935 2215 mollitus,
955 2173 1156 2219 propensior
1174 2173 1218 2206 ad
1236 2170 1441 2207 credendum
1459 2169 1542 2204 mihi
1558 2168 1737 2208 existeret,

267 2223 305 2255 et
322 2223 428 2255 totam
445 2219 641 2265 laqueorum
660 2219 793 2254 illorum
818 2219 971 2254 fraudem
990 2225 1138 2254 mutatus
1159 2219 1324 2253 eluderet.
1372 2216 1507 2251 Idcirco
1527 2219 1562 2249 et
1579 2215 1657 2260 ipse
1674 2224 1735 2248 ex-

266 2266 348 2301 inde
362 2277 469 2300 meam
486 2265 611 2309 agendi
629 2266 794 2300 rationem
811 2266 846 2299 in
866 2266 1106 2311 proiectiorem
1123 2265 1301 2300 audaciam
1320 2263 1431 2305 verti,
1455 2268 1492 2297 et
1509 2261 1649 2296 liberius
1669 2260 1735 2293 iam

265 2312 377 2358 ipsum
395 2311 494 2357 coepi
516 2321 676 2357 arguere,
694 2312 826 2347 duabus
844 2311 888 2346 de
907 2312 1029 2347 causis.
1077 2313 1217 2358 Quippe
1236 2316 1296 2346 aut
1309 2311 1401 2344 illum
1420 2309 1550 2355 pudore
1577 2307 1737 2341 affectum

264 2358 347 2393 belli
372 2357 537 2393 ecclesiae
555 2357 644 2393 illati
663 2358 861 2393 violentiam
886 2370 1140 2404 repressurum3
1165 2363 1225 2392 aut
1244 2363 1340 2392 certe
1360 2359 1513 2391 coactum
1535 2353 1581 2388 iri
1600 2354 1738 2398 Byzan-

251 2405 317 2440 'tio
333 2403 576 2451 quamprimum
593 2404 694 2439 etiam
716 2416 767 2439 me
791 2405 987 2450 expellere:
1011 2417 1074 2442 nec
1094 2405 1183 2439 enim
1200 2403 1379 2439 tolerabile
1401 2401 1484 2436 mihi
1504 2412 1580 2435 esse
1601 2399 1737 2446 opinio-

265 2461 346 2485 num
371 2451 540 2486 'novitates
556 2451 684 2486 intueri
704 2451 810 2486 oculis
832 2451 1009 2496 religiosis.
1044 2451 1126 2486 'Sed
1148 2456 1246 2485 erant
1269 2461 1331 2492 ea,
1356 2459 1444 2495 quae
1464 2447 1639 2489 dicebam,
1664 2445 1740 2479 ina-

265 2498 321 2532 nis
342 2496 510 2539 molestia,
533 2501 569 2533 et
585 2498 715 2532 frustra
734 2498 938 2532 laborabam.
985 2498 1077 2533 Nam
1098 2508 1207 2543 neque
1225 2497 1284 2531 ille
1301 2496 1359 2530 vel
1376 2494 1547 2530 minimum
1565 2491 1740 2528 remittere

265 2543 311 2578 de
326 2551 386 2579 suo
405 2543 463 2579 illo
482 2543 659 2590 proposito
677 2543 818 2586 statuit3
840 2548 943 2590 turpe
967 2544 1132 2590 siquidem
1160 2554 1236 2578 esse
1256 2543 1424 2583 ducebat,
1448 2546 1580 2574 mutare
1599 2538 1740 2573 institu-

264 2595 370 2632 tum,
384 2596 421 2625 et
443 2601 485 2626 ea
504 2590 663 2637 opinione
683 2590 863 2632 desistere,
886 2603 955 2636 qua
972 2592 1050 2636 ipse
1071 2591 1113 2626 ab
1132 2589 1230 2624 initio
1247 2589 1456 2629 confirmata,
1481 2586 1587 2620 totius
1603 2588 1741 2619 contro-

266 2636 407 2675 versiae
418 2646 506 2672 unus
519 2637 667 2682 <omnium
685 2636 827 2671 maxime
845 2641 963 2672 auctor
980 2637 1154 2673 exstitisse
1165 2635 1358 2676 videretur-3
1382 2645 1492 2678 neque
1510 2632 1611 2667 etiam
1631 2630 1666 2664 in
1676 2640 1741 2672 me,

266 2683 374 2718 multa
395 2684 655 2729 exprobrantem
681 2682 967 2729 stridentemque,
992 2688 1053 2719 aut
1072 2682 1234 2729 privatim
1253 2681 1331 2727 ipse
1354 2679 1494 2726 gravius
1521 2676 1743 2712 animadver-

267 2733 344 2764 tere
361 2729 537 2773 decrevit,
555 2734 622 2766 aut
643 2729 719 2764 aliis
736 2729 987 2775 impellentibus
1006 2730 1126 2771 cessit3
1155 2728 1216 2763 sed
1233 2739 1341 2773 aequo
1359 2730 1395 2761 et
1414 2725 1491 2773 pari
1514 2735 1641 2759 mecum
1665 2721 1742 2756 iure

268 2786 380 2822 usque
397 2776 574 2823 disputare
604 2776 776 2823 perrexit,
799 2775 901 2811 solita
919 2776 1083 2818 lenitate,
1107 2779 1148 2810 ut
1163 2773 1201 2817 ii,
1221 2774 1281 2829 qui
1301 2771 1518 2808 adversarios
1539 2769 1657 2804 ulcisci
1675 2779 1743 2803 non

271 2826 416 2869 possunt
424 2834 444 2867 ς·
459 2823 671 2860 Hadrianum
690 2822 930 2871 imperatorem
952 2823 1123 2866 feliciter,
1145 2825 1185 2857 ut
1204 2820 1287 2857 nuhi
1305 2819 1462 2862 videtur,
1485 2816 1658 2859 imitatus,
1682 2814 1743 2862 qui
