1794 3172
279 124 381 173 612
551 152 563 172 ,·
688 128 1003 175 NICEPHORI
1031 127 1357 173 GREGORAE

61 252 100 286 A.
114 252 159 284 M.
177 250 268 288 6850
283 241 392 292 λείας
421 243 646 296 συνθηκῶν
672 238 929 282 ἐκλαθέσθαι
961 238 1008 282 οὗ
1033 236 1148 294 μάλα
1168 234 1360 293 ἐβούλετο
1374 251 1384 263 ·
1421 236 1509 281 ἀλλ’
1532 235 1588 288 ὥς
1610 237 1758 280 ἐκεῖνον

106 300 176 332 Iud·
192 301 265 336 1⁰
283 311 381 361 τοὺς
409 311 558 353 ἐκείνου
585 308 812 366 προύτίθει.
859 306 1014 366 πύργον
1039 308 1117 364 γὰρ
1151 306 1280 363 ἔλεγεν
1300 305 1454 351 >ἑαυτὸν
1474 307 1577 363 πρὸς
1607 308 1757 350 ἐκείνου

290 385 366 424 τοῦ
384 379 586 435 βασιλέως
605 379 901 437 ᾠκοδομῆσθαι
921 377 1024 435 πρὸς
1039 375 1266 434 ἀσφάλειαν
1283 381 1361 432 ,τῆς
1379 381 1453 420 τοῦ
1471 376 1617 426 παιδὸς
1635 381 1760 431 βασι-

253 451 422 500 Βλειάς·
458 447 572 505 παρὰ
593 452 792 490 τοσοῦτον
815 442 886 490 οὗν
908 445 1007 489 εἶναι
1024 450 1083 504 τῷ
1101 447 1216 488 παιδὶ
1234 445 1285 488 τὰ
1304 450 1380 502 τῆς
1399 446 1625 503 ἀσφαλείας
1647 445 1761 488 ἀκίν-

280 517 386 562 δυνά
409 534 453 560 τε
474 518 542 560 καὶ
559 515 821 573 βεβαιότερα,
853 513 1039 573 παρόσον
1061 515 1187 559 αὐτὸν
1209 513 1485 573 ἰσχυρότερον.
1522 513 1611 573 (Γ.)
1628 513 1789 561 ’Ὀθενό

281 590 348 631 καὶ
366 586 471 643 μετὰ
498 587 641 643 τρίτην
672 581 798 636 αὖθις
827 583 984 642 ἡμέραν
1003 583 1154 641 ήμειψε
1172 584 1248 640 τὴν
1270 586 1458 641 ἐσθῆτα,
1497 583 1567 626 διὰ
1588 584 1664 640 τὴν
1687 588 1761 627 τοῦ

247 676 251 679 ·
280 654 486 705 θανόντος
504 655 708 710 βασιλέως
732 652 924 712 ἐντάφιον
942 652 1096 710 λύπην,
1136 655 1180 697 ἔκ
1199 658 1275 710 τῆς
1294 647 1513 712 πορφύρας
1539 654 1579 704 ἐς
1597 653 1644 697 τὸ
1668 657 1763 696 λευ-

284 726 377 779 κὸν,
418 722 473 775 ὥς
506 724 663 767 εἴθιστο
696 724 792 774 τοὺς
829 724 1027 778 βασιλέας
1057 725 1147 781 περὶ
1173 723 1250 774 τὰς
1267 721 1400 773 λύπας
1430 723 1491 766 ἀεὶ
1510 730 1659 766 ποιεῖν·
1697 725 1764 765 καὶ

285 793 495 852 διήρκεσεν
515 795 669 836 ἐκεῖθεν
690 798 846 843 λευκοῖς
865 791 1063 848 ἐνδύμασι
1082 791 1295 850 χρώμενος
1306 826 1320 846 ,
1360 794 1436 843 ἕως
1455 794 1523 835 καὶ
1543 792 1619 848 τὴν
1639 797 1766 847 βασι-

285 866 382 908 λίδα
412 861 532 907 πόλιν
565 861 667 906 ἑλῶν
701 860 969 920 αὐτοκράτωρ
1003 861 1374 920 ἀναμφισβήτητος
1393 860 1559 919 ἐγεγόνει
1577 866 1652 918 τῆς
1667 861 1794 918 ὅληςι

251 932 499 990 οῬωμαίων
530 932 671 990 ἀρχῆς.
720 931 844 987 κάμοὶ
887 931 962 988 τὴν
997 934 1133 975 αἰτίαν
1175 934 1441 989 διαποροῦντι
1485 935 1610 989 τριῶν
1654 932 1768 975 ἕνεκα

286 1009 414 1047 ποιεῖν
436 1002 678 1059 ἀπεκρίνατο
703 1006 826 1044 τοῦτο
844 1016 854 1025 ·
890 1005 1054 1058 πρῶτον
1072 1002 1148 1057 μὲν
1173 1006 1233 1060 τῷ
1256 1003 1363 1061 φίλῳ
1384 1005 1551 1056 βασιλεῖ
1577 999 1768 1057 τελευτή-

260 1102 263 1111 2
288 1089 407 1117 σαντι
442 1072 599 1114 δίκαιον
629 1071 808 1121 ἓκτιννύς
842 1070 1037 1128 ὄφλημα·
1076 1069 1265 1129 δεύτερον
1300 1071 1369 1113 διὰ
1390 1071 1465 1127 τὴν
1485 1068 1656 1114 κατόπιν
1678 1072 1769 1113 ἔπι-

295 1144 540 1200 δραμοῦσαν
566 1145 641 1195 τῆς
675 1140 833 1198 μητρὸς
858 1138 1048 1196 τελευτήν
1064 1154 1074 1164 ·
1121 1142 1189 1183 καὶ
1213 1141 1376 1198 τρίτον,
1413 1140 1550 1196 ἐπειδὴ
1570 1140 1669 1191 τοὺς
1693 1140 1768 1183 σὺν

291 1211 405 1270 αὐτῷ
414 1210 575 1268 μακρὸν
594 1208 875 1265 ὑπομένοντας
892 1208 1002 1268 ἑώρα
1022 1209 1093 1253 τὸν
1110 1211 1297 1253 κίνδυνον
1317 1209 1422 1265 μετὰ
1440 1214 1514 1265 τῆς
1537 1214 1619 1252 τῶν
1641 1210 1794 1266 &way-1

293 1282 420 1324 καίων
442 1281 597 1330 ἐνδείας
608 1313 621 1332 ,
660 1281 742 1322 δεῖν
761 1279 888 1337 ἔκρινε
901 1279 992 1335 ’τὴν
1012 1283 1212 1336 πολυτελῆ
1239 1284 1322 1323 τῶν
1349 1283 1573 1335 βασιλικῶν
1592 1277 1770 1334 ἐνδυμά-

255 1361 381 1398 Βτων
401 1347 588 1405 δαπάνην
610 1349 771 1399 ἐκείνοις
791 1353 950 1404 μᾶλλον
968 1347 994 1405 ἢ
1024 1347 1157 1409 ἑαυτῷ
1179 1349 1371 1393 ἀναλοῦν.
1409 1348 1515 1392 ἀλλὰ
1545 1348 1624 1406 γὰρ
1646 1349 1773 1398 αὐτὸς

251 1459 254 1462 .
290 1420 367 1477 μὲν
397 1420 588 1470 ἐξαπίνης
607 1419 784 1474 ἐντυχών
816 1420 940 1479 βιαίῳ
962 1420 1029 1462 καὶ
1053 1418 1336 1476 ἀνταγωνιστῇ
1364 1423 1423 1478 τῷ
1445 1422 1572 1478 καιρῷ
1594 1420 1662 1461 καὶ
1686 1425 1773 1468 τοῖς

292 1486 528 1547 πράγμασιν
564 1486 673 1532 οὕτω
713 1488 767 1532 τὰ
812 1489 909 1532 κατ3
949 1486 1077 1532 αὐτόν
1115 1505 1159 1531 τε
1200 1487 1431 1548 διῳκήσατο
1468 1489 1536 1530 καὶ
1565 1494 1657 1537 ταῖς
1696 1491 1772 1530 τοῦ

292 1556 500 1608 θανόντος
527 1558 730 1612 βασιλέως
765 1556 995 1614 συνθήκαις
1025 1555 1213 1600 καθόσον
1250 1557 1414 1615 ἐφικτὸν
1444 1555 1657 1614 διετήρησε
1695 1556 1794 1612 τὴνξ

293 1630 413 1672 αἰδῶ.
486 1625 583 1686 (Δ.)
615 1625 673 1672 ‘H
700 1627 742 1671 δ’
778 1622 998 1683 ὃμόψυχος
1036 1629 1208 1685 ξυνωρὶς
1229 1628 1372 1684 ,ἐκείνη
1383 1660 1397 1681 ,
1447 1624 1661 1669 ἀκούσασα
1699 1626 1774 1681 τὴν

256 1701 380 1745 Ετῶν
396 1701 620 1752 βασιλικῶν
640 1696 899 1755 παρασήμων
919 1698 1069 1740 ἐκείνου
1091 1697 1336 1754 περιβολὴν,
1376 1693 1611 1752 ἀνεπήδησέ
1629 1713 1671 1738 τε
1691 1693 1773 1752 ὑφ’

288 1765 442 1823 ἡδονῆς
461 1767 542 1819 καὶ,
581 1765 822 1823 μεμηνότων
844 1766 980 1825 ὥσπερ
1001 1767 1264 1823 μιμησαμένη
1288 1764 1491 1820 διάθεσιν,
1529 1765 1633 1824 πρὸς
1652 1782 1776 1824 τερα-

383 1887 419 1925 5.
443 1884 665 1935 βεβαιότερα
688 1899 753 1923 em.
774 1887 875 1923 Boiv.
901 1899 964 1935 pro
988 1886 1243 1936 ἀβεβαιότερα.

295 1992 400 2027 facile
432 1992 709 2028 obliviscebatur.
762 1991 866 2026 Immo
893 1995 934 2026 ut
959 1991 1032 2034 illi,
1064 1991 1115 2027 ita
1137 1994 1173 2027 et
1197 1991 1308 2038 ipsius
1333 1990 1537 2026 neceSsariis
1562 1989 1689 2036 primas
1713 1989 1780 2024 tri-

297 2039 437 2077 buebat.
506 2038 802 2085 Propugnaculum
840 2039 928 2072 enim
958 2039 1074 2074 aiebat
1109 2051 1147 2074 se
1176 2039 1219 2073 ab
1250 2038 1457 2084 imperatore
1488 2038 1708 2072 aedificatum
1734 2036 1779 2070 ad

295 2085 563 2121 conservandum
588 2084 766 2130 imperium
789 2084 864 2118 eius
888 2085 980 2127 filio3
1004 2085 1061 2120 cui
1083 2085 1225 2131 proinde
1240 2089 1338 2119 tanto
1356 2084 1466 2119 tutius
1486 2096 1527 2119 ac
1547 2084 1704 2118 stabilius
1723 2084 1782 2117 fu-

294 2136 409 2167 turum
434 2138 526 2167 esset
544 2131 739 2178 imperium,
765 2135 891 2177 quanto
908 2131 985 2177 ipse
1004 2132 1178 2178 potentior
1204 2137 1296 2167 esset
1316 2131 1518 2165 exstiturus.
1577 2130 1683 2175 (ΙΙΙ.)
1706 2130 1781 2163 Ita-

295 2190 364 2224 que
384 2183 419 2212 et
434 2183 577 2221 vestem,
600 2190 690 2224 quae
708 2189 881 2223 purpurea
901 2183 988 2220 erat,
1012 2179 1048 2212 in
1072 2179 1194 2221 albam,
1218 2184 1360 2224 propter
1381 2178 1633 2223 aegritudinem
1654 2188 1697 2211 ex
1717 2176 1781 2209 de-

295 2226 406 2260 functi
425 2225 642 2271 imperatoris
668 2230 795 2266 morte,
829 2229 907 2269 post
927 2224 1063 2259 tertiam
1096 2226 1212 2260 statim
1237 2225 1325 2259 diem
1347 2225 1488 2259 mutavit
1521 2224 1609 2270 (qui
1637 2235 1709 2257 mos
1737 2223 1781 2256 ab

295 2271 565 2318 imperatoribus
586 2282 720 2316 semper
739 2271 942 2305 observatus
957 2271 993 2306 in
1015 2272 1128 2316 luctu)
1155 2277 1189 2306 et
1206 2271 1360 2306 vestibus
1385 2272 1427 2305 ab
1453 2283 1492 2306 eo
1515 2276 1669 2316 tempore
1694 2268 1782 2303 albis

297 2318 575 2353 constantissime
595 2329 676 2352 usus
703 2321 777 2358 est,
803 2317 910 2351 donec
936 2319 1058 2363 regina
1084 2319 1168 2353 urbe
1193 2323 1304 2364 capta,
1322 2317 1428 2351 totius
1447 2318 1621 2352 Romanae
1642 2315 1783 2350 ditionis

298 2365 463 2412 princeps
491 2365 623 2399 nemine
649 2363 855 2398 adversante
875 2364 997 2399 evasit.
1046 2365 1153 2399 Cuius
1174 2366 1226 2400 rei
1246 2376 1383 2399 causam
1404 2363 1594 2398 sciscitanti
1618 2362 1702 2397 mihi
1726 2373 1784 2396 re-

297 2411 458 2458 spondit,
482 2423 521 2446 se
539 2411 576 2446 id
595 2410 726 2456 triplici
748 2410 791 2444 de
807 2422 913 2445 causa
933 2411 1133 2446 factitasse=
1158 2412 1300 2457 primum
1317 2411 1465 2456 quidem,
1482 2415 1521 2444 ut
1540 2410 1700 2443 defuncto
1719 2408 1784 2442 iin-

297 2459 455 2505 peratori
481 2458 589 2493 amico
615 2468 675 2491 suo
702 2455 794 2491 iusta
816 2457 1048 2502 persolveret:
1071 2458 1196 2492 deinde
1219 2462 1360 2504 propter
1381 2457 1498 2492 matris
1523 2467 1606 2490 suae
1629 2458 1783 2495 mortem,

298 2516 390 2551 quae
407 2505 620 2551 postmodum
638 2502 780 2538 incidit:
805 2504 910 2537 tertio
932 2504 1091 2550 denique,
1110 2504 1201 2550 quod
1218 2516 1289 2546 eos,
1305 2503 1366 2549 qui
1382 2514 1496 2538 secum
1515 2506 1625 2543 erant,
1645 2501 1784 2536 videret

295 2562 413 2586 rerum
431 2551 698 2586 necessariarum
718 2549 864 2595 penuria
882 2550 1089 2593 laborantes,
1107 2552 1144 2585 in
1163 2551 1315 2585 maximis
1331 2549 1498 2596 periculis
1515 2548 1661 2589 versari,
1680 2549 1785 2582 adeo-

297 2609 369 2642 que
390 2599 500 2633 satius
523 2598 666 2632 duceret
692 2596 906 2640 magnificum
931 2597 1039 2631 vestis
1064 2597 1306 2644 imperatoriae
1336 2601 1507 2642 sumptum
1531 2595 1729 2640 impendere
1749 2593 1785 2627 in

301 2643 434 2679 illorum
454 2656 556 2686 usus,
581 2655 680 2689 quam
700 2642 766 2677 sibi
786 2653 975 2677 reservare.
1024 2644 1096 2678 Sed
1119 2644 1207 2678 enim
1231 2643 1320 2689 ipse,
1350 2654 1427 2677 cum
1451 2641 1652 2676 offendisset
1670 2640 1786 2674 statim

296 2690 455 2725 violenta
473 2691 688 2735 adversaque
707 2693 862 2734 tempora
885 2701 925 2723 ac
943 2689 1095 2734 negotia,
1117 2690 1168 2725 ita
1190 2694 1226 2724 et
1245 2689 1314 2724 suis
1332 2690 1433 2723 rebus
1452 2688 1640 2730 consuluit,
1665 2691 1701 2721 et
1723 2687 1788 2720 de-

301 2737 415 2771 functi
431 2737 647 2783 imperatoris
665 2736 837 2778 mandata,
857 2747 927 2781 qua
944 2736 1087 2770 maxima
1109 2737 1223 2783 potuit
1240 2735 1447 2777 remrenthx,
1471 2739 1704 2781 prosequutus
1721 2736 1785 2767 est.

300 2783 406 2827 (IV.)
433 2785 480 2818 At
498 2783 671 2818 unanimes
688 2782 739 2817 illi
761 2793 802 2816 ac
823 2793 934 2827 paene
949 2782 1097 2828 gemelli,
1122 2784 1181 2817 ubi
1200 2783 1302 2816 istum
1322 2792 1488 2827 accepere
1508 2780 1700 2825 insignibus
1724 2778 1788 2812 im-

300 2829 491 2877 peratoriis
508 2829 687 2877 ornavisfle
704 2840 763 2872 se,
787 2828 951 2865 exsiliunt
968 2840 1055 2876 prae
1074 2829 1276 2877 voluptate,
1298 2832 1335 2864 et
1358 2827 1543 2876 furentium
1564 2827 1664 2874 quasi
1683 2826 1788 2874 ritum
