1794 3172
265 135 399 187 1050
425 204 427 206 V
677 138 991 188 NICEPHORI
1017 136 1344 184 GREGORAE

42 262 152 345 A⁰1Md
163 258 256 345 {859
267 252 374 301 κατὰ
393 253 467 299 τὸν
487 252 745 306 ἇττικίζοντα
768 253 913 308 μῦθον
941 248 1114 293 ἐκεῖνον·
1150 247 1186 291 εἷ
1211 245 1272 303 μὴ
1302 246 1370 289 καὶ
1399 249 1538 304 πολλῷ
1568 244 1744 290 δεινοτέ-

110 321 130 344 n
201 331 213 343 ο

266 342 365 383 ρους
384 321 558 374 τούτους
577 322 667 380 εἶ’πῃ
688 337 751 372 τις
771 319 841 364 ἄν·
876 317 940 363 ὅτι
956 318 1128 375 ἐκεῖμὲν
1157 315 1220 362 ἓνί
1234 334 1312 360 τινι
1340 315 1428 360 ὄντι
1455 315 1634 366 πολλοὺς
1662 334 1745 359 πα-

181 419 187 421 ⁴
224 429 226 431 .
267 395 455 455 ρὲχουσιν
476 388 750 451 ὀφθαλμούς·
786 389 974 433 ἐνταῦθα
995 388 1040 432 δὲ
1062 387 1213 432 πολλοί
1229 402 1335 437 τινες
1356 384 1484 439 ὄντες,
1505 386 1572 428 καὶ
1593 381 1745 443 διαφό-

265 481 371 523 ρους
391 463 459 507 καὶ
485 458 784 518 πολυμόρφους
813 458 1034 517 τρέφοντες
1059 455 1249 515 γνώμας,
1294 454 1474 510 ἅμιλλαν
1506 453 1669 510 ἔχουσιν
1703 454 1745 504 ἐς

223 534 311 579 Βτὸ
334 532 496 582 πλείους
517 530 643 581 ἄλλος
664 529 791 572 ἄλλου
817 531 998 586 φανῆναι
1027 528 1104 577 τὰς
1136 524 1358 575 ἐποπτικὰς
1390 523 1635 580 κεκτημένος
1667 525 1773 567 δια-5

263 600 426 659 νάμεις.’
502 597 591 660 (E.)
627 598 755 643 Μετὰ
786 597 944 649 πολλὰς
981 595 1026 640 δ’
1058 592 1186 647 αὖθις
1227 593 1386 652 ἡμέρας
1419 593 1528 638 κατὰ
1563 590 1633 650 δήῖ
1654 610 1747 637 τινα

259 672 402 732 χρείαν
434 668 574 726 ἐδέησε
603 665 861 727 πατριάρχης
889 667 990 711 ἴέναι
1019 667 1061 718 ἐς
1091 666 1166 723 τὴν
1193 663 1300 708 καθ’
1334 662 1447 721 ἡμᾶς
1480 658 1608 714 αὖθις
1633 662 1747 720 ἱερὰν

262 739 472 799 μάνδραν·
509 740 576 783 καὶ
609 735 945 796 αὐτοπροσώπως
963 736 1038 792 μὲν
1059 736 1160 787 τέως
1183 733 1280 792 ἡμῖν
1304 733 1431 785 αὐτὸς
1452 731 1529 789 οὗχ
1550 731 1744 788 ὡμίλησε,

265 811 323 856 δι’
353 806 598 854 ἀποστόλων
619 806 680 862 δ’,
709 806 790 852 ὅσα
819 808 888 850 καὶ
915 804 1116 865 πρότερον
1136 804 1213 861 εἶχε
1235 803 1608 863 πεφροντισμένος,
1640 802 1749 858 μηδὲ

264 886 338 925 νῦν
359 879 414 923 τὰ
437 876 662 936 ζητούμενα
681 873 908 936 γράμματά
937 894 1009 932 μοι
1039 872 1274 932 κεκομικώς.
1322 875 1390 916 καὶ
1422 871 1548 917 πάλιν
1575 867 1678 928 ἦμεν
1705 872 1748 914 ἐν
1761 880 1794 914 1(

162 1001 165 1005 f
231 957 360 1001 Οτοῖς
381 948 535 1000 αὐτοῖς.
580 947 763 998 κάκεῖνος
783 944 902 1006 ἀπῄει
924 945 1094 1001 λοιπὸν,
1126 945 1202 997 τὰς
1225 941 1422 995 τοιαύτας
1448 943 1620 992 ἐλπίδας
1647 938 1749 985 εἶναι

266 1015 581 1079 γρηγορούντων
599 1014 830 1073 μανθάνων
852 1013 1035 1060 ἐνύπνια.

113 1097 156 1131 Ρ.
176 1096 243 1132 661
372 1086 425 1133 δ’.
455 1086 638 1131 Ἐκεῖθεν
668 1082 795 1137 αὖθις
814 1084 964 1143 ἡμέραι
997 1083 1255 1144 παρίππευον
1284 1081 1401 1126 πέντε
1426 1081 1495 1126 καὶ
1523 1080 1646 1133 δέκα,
1679 1080 1750 1123 καὶ

113 1143 158 1177 V·
178 1142 248 1180 533
270 1157 292 1204 ὃ
314 1162 398 1202 τῶν
427 1159 558 1216 φίλων
583 1155 681 1213 ἡμῖν
708 1155 922 1212 βέλτιστος
943 1155 1093 1206 ἐκεῖνος
1113 1148 1184 1210 ’ἧκε
1206 1154 1482 1207 Καβασίλας,
1530 1150 1750 1209 λαθραίων

267 1230 336 1273 καὶ
377 1227 571 1271 ποικίλων
599 1222 899 1282 βουλευμάτων
937 1227 1244 1282 πατριαρχικῶν
1273 1220 1378 1277 δμοῢ
1416 1222 1485 1264 καὶ
1520 1222 1749 1276 βασιλικῶν
1761 1228 1794 1266 1ἱ

269 1294 520 1355 ἐπαγόμενος
541 1292 723 1354 φόρτον,
760 1296 828 1338 καὶ
845 1301 1051 1350 μηχαναῖς
1073 1293 1200 1338 οἱονεί
1224 1308 1330 1336 τισιν
1350 1288 1557 1335 ἕλεπόλεσι
1586 1305 1751 1347 πεφρα-

267 1366 414 1426 γμένος
436 1366 591 1409 ἐκεῖθεν
609 1365 917 1418 παντοδαπαῖς,
951 1361 1023 1408 ἅτε
1045 1362 1214 1412 συνετὸς
1230 1362 1298 1405 καὶ
1319 1356 1627 1419 πολυπράγμων
1645 1357 1751 1416 ἀνὴρ

233 1438 341 1481 Βκαὶ
360 1436 555 1480 ποικίλων
575 1433 683 1492 ἴδρις
702 1431 957 1493 πραγμάτων
981 1435 1049 1476 καὶ
1067 1429 1198 1489 λόγων
1218 1434 1458 1475 πολιτικῶν”
1495 1429 1572 1473 σὺν
1604 1427 1648 1472 δ’
1672 1429 1751 1471 αὕ-

268 1509 329 1566 τῷ
351 1507 421 1549 καὶ
440 1508 525 1549 τῶν
544 1507 850 1562 πατριαρχικῶν
883 1500 1095 1560 ἀρχόντων
1115 1499 1195 1555 εἷς,
1233 1507 1320 1551 τοῖς
1340 1496 1569 1549 πανόπταις
1589 1497 1752 1548 ἐκείνοις

269 1576 340 1619 καὶ
360 1576 507 1625 δεινοῖς
525 1571 642 1630 ἡμῶν
663 1571 839 1632 φύλαξιν
861 1570 1074 1616 ἀκώλυτον
1107 1567 1336 1615 ἐπιτάττων
1356 1570 1518 1613 τουτωῒ
1537 1568 1613 1624 τὴν
1639 1566 1794 1611 {Tuo-21

270 1646 346 1688 δον
366 1650 606 1703 παρασχεῖν.
643 1643 716 1686 καί
729 1661 803 1699 μοι
822 1641 930 1686 κατὰ
948 1642 996 1686 τὸ
1018 1640 1169 1691 εἷωθός
1191 1638 1440 1697 προσειπὼν,
1472 1635 1560 1681 εἶτα
1581 1634 1752 1680 ἐκάθισε

270 1711 411 1770 κύψας
436 1713 484 1758 τὸ
516 1710 741 1773 πρόσωπον
763 1713 820 1763 εἷς
838 1716 926 1769 γῆν.
974 1711 1064 1768 ἐμοὶ
1088 1711 1164 1767 μὲν
1195 1705 1270 1754 οὖν
1299 1707 1610 1766 ἐμπαθέστερον
1636 1704 1752 1757 ἔδοξε

360 1800 397 1836 7.
422 1797 523 1846 ἡμᾶς
545 1812 610 1858 em.
636 1801 740 1838 Boiv.
769 1811 833 1848 pro
862 1796 982 1846 ἡμῶν.
1085 1800 1122 1836 9.
1144 1794 1465 1845 πεφροντισμένος’
1480 1794 1570 1831 idem
1598 1805 1662 1841 pro
1687 1805 1753 1831 πε-

364 1859 671 1894 φροντισμενους.

271 1928 343 1959 res,
358 1917 417 1952 vel
432 1916 492 1962 (ut
507 1916 751 1962 congruentius
766 1915 907 1962 loquar)
931 1914 1045 1950 omnia
1060 1913 1219 1950 videntes
1235 1911 1480 1960 speculatores,
1500 1910 1620 1958 quales
1633 1909 1751 1945 fabula

273 1963 390 1998 Attica
402 1967 586 1998 memorat:
608 1963 673 1998 nisi
687 1964 764 2009 quis
782 1962 869 1998 istos
886 1962 991 1997 multo
1008 1961 1237 1996 terribiliores
1256 1959 1386 1995 idcirco
1396 1958 1499 2001 dicat,
1518 1957 1601 2004 quia
1613 1957 1670 1992 uni
1690 1958 1754 1991 ho-

273 2009 355 2044 mini
371 2009 494 2044 multos
512 2010 628 2044 'oculos
649 2010 787 2044 fabulae
806 2009 1023 2050 tribuebant,
1047 2008 1103 2042 hic
1119 2018 1203 2042 vero
1223 2006 1374 2042 homines
1391 2005 1502 2048 multi,
1523 2004 1618 2051 iique
1634 2005 1753 2038 diver-

273 2067 313 2090 so
332 2058 369 2091 et
389 2056 572 2103 multiplici
591 2056 731 2102 ingenio
750 2054 922 2101 praediti,
945 2055 1037 2089 inter
1056 2066 1094 2089 se
1111 2058 1271 2096 certant,
1294 2053 1373 2099 quis
1390 2062 1558 2099 quemque
1580 2050 1753 2085 facultate

272 2102 414 2137 videndi
435 2106 471 2136 et
487 2102 636 2148 plurium
655 2101 754 2147 quasi
774 2101 948 2136 oculorum
966 2100 1181 2148 perspicacia
1200 2104 1424 2146 superaturus
1446 2098 1503 2133 sit.
1550 2097 1634 2142 (V.)
1657 2097 1752 2131 Rur-

275 2159 349 2183 sum
368 2148 483 2183 multis
505 2151 584 2194 post
613 2148 733 2183 diebus
761 2147 961 2194 patriarcha
985 2147 1030 2182 ad
1055 2158 1190 2182 sacrum
1216 2147 1283 2181 hoc
1314 2151 1469 2181 nostrum
1500 2144 1687 2190 hospitium
1713 2154 1752 2178 se

273 2194 442 2236 contulit,
465 2206 532 2241 quo
558 2206 633 2230 eum
661 2194 756 2229 aliud
782 2193 943 2241 quiddam
963 2193 1096 2239 negotii
1119 2193 1282 2230 vocabat.
1334 2193 1386 2228 Ac
1411 2198 1480 2228 tum
1502 2190 1639 2237 quidem
1658 2189 1750 2224 haud

273 2252 338 2287 per
355 2253 392 2276 se
408 2240 485 2287 ipse
502 2241 677 2276 nobiscum
695 2252 807 2276 coram
830 2241 1045 2287 colloquutus
1066 2244 1143 2283 est;
1167 2239 1229 2275 sed
1246 2250 1309 2287 per
1325 2238 1560 2273 internuncios
1578 2248 1620 2271 ea
1641 2236 1752 2282 signi-

274 2287 418 2330 ficavit,
443 2298 588 2333 quorum
605 2291 642 2322 et
664 2287 760 2334 prius
782 2287 850 2322 iam
873 2290 1058 2334 sategerat.
1104 2286 1247 2333 Scripta
1271 2289 1406 2328 autem,
1427 2283 1544 2331 qualia
1569 2282 1750 2329 petieram,

276 2345 341 2368 nec
357 2337 429 2369 tum
447 2345 585 2380 quoque
605 2334 674 2368 ulla
695 2333 823 2370 attulit.
870 2333 1023 2369 Nostrae
1046 2334 1167 2380 itaque
1188 2344 1246 2367 res
1271 2332 1390 2367 eodem
1416 2341 1538 2366 rursus
1561 2334 1654 2364 statu
1673 2329 1751 2363 fue-

275 2383 370 2416 runt.
415 2380 466 2415 Et
481 2379 561 2423 ille,
583 2391 656 2414 cum
678 2380 844 2415 eiusmodi
861 2392 941 2427 spes
960 2393 1040 2416 suas
1058 2392 1153 2416 mera
1170 2379 1386 2425 vigilantium
1405 2376 1535 2413 somnia
1554 2387 1631 2411 esse
1648 2375 1753 2410 iutel-

276 2426 423 2473 ligeret,
447 2426 526 2462 hinc
543 2426 691 2471 denique
708 2427 805 2461 abiit.

370 2472 406 2510 4.
429 2473 568 2520 Elapsis
587 2472 712 2507 exinde
729 2473 920 2519 quindecim
938 2485 1058 2509 rursus
1073 2472 1217 2515 diebus,
1241 2473 1436 2506 nostrorum
1451 2469 1636 2505 amicorum
1655 2466 1750 2514 opti-

278 2531 351 2555 mus
376 2519 435 2555 ille
455 2519 634 2555 Cabasilas
653 2519 771 2562 venit,
794 2521 937 2556 occultis
964 2528 1000 2556 et
1026 2519 1132 2555 variis
1151 2523 1222 2554 tum
1241 2517 1483 2564 patriarchae,
1506 2521 1578 2551 tum
1597 2515 1749 2560 impera·-

278 2566 366 2601 toris
397 2570 539 2602 onustus
565 2564 737 2608 consiliis,
771 2570 876 2612 atque
901 2567 981 2602 inde
1012 2564 1198 2612 omnigenis
1222 2564 1408 2607 machinis,
1440 2563 1536 2598 velut
1562 2561 1749 2596 muralibus

279 2612 482 2659 quibusdam
507 2612 709 2654 tormentis,
732 2612 940 2655 instructus3
965 2613 1097 2660 quippe
1121 2612 1181 2658 qui
1201 2611 1256 2647 vir
1275 2613 1367 2646 esset
1384 2609 1602 2654 intelligens,
1626 2607 1749 2642 avidus

278 2658 387 2694 multa
402 2659 549 2705 agendi,
572 2658 745 2694 variarum
763 2670 873 2694 rerum
891 2660 1022 2706 peritus
1033 2684 1044 2702 ,
1066 2659 1183 2694 necin
1203 2657 1364 2693 civilibus
1385 2655 1536 2701 negotiis
1554 2653 1653 2689 rudis
1668 2663 1749 2688 ora-

277 2707 347 2741 tor.
393 2705 510 2752 Ipsum
529 2704 755 2741 comitabatur
772 2717 857 2741 uuus
881 2718 901 2741 e
920 2705 1198 2752 patriarchalium
1218 2703 1437 2739 ecclesiarum
1457 2700 1664 2749 praefectis,
1687 2698 1749 2745 qui

279 2751 408 2787 nostris
424 2751 625 2787 custodibus
643 2750 722 2796 (isti
766 2763 844 2786 orro
864 2757 961 2787 erant
979 2752 1091 2788 oculei
1113 2751 1180 2787 toti
1205 2755 1311 2796 atque
1328 2750 1414 2784 adeo
1431 2747 1626 2791 terribiles)
1643 2757 1750 2793 prae-

279 2797 395 2843 cepit,
413 2802 456 2833 ut
470 2798 591 2834 huicce
608 2797 733 2833 Cabas’
770 2810 789 2832 e
811 2798 954 2834 liberum
973 2799 1164 2845 ingressum
1180 2798 1399 2853 praeberent.
1447 2795 1514 2831 Hic
1533 2796 1668 2835 autem,
1690 2789 1750 2827 ubi

279 2854 334 2879 me
357 2854 423 2891 pro
448 2855 543 2881 more
563 2855 625 2881 suo
653 2843 839 2888 salutavit,
863 2850 984 2893 postea
1006 2845 1155 2882 demisso
1179 2855 1216 2880 m
1241 2847 1371 2880 terram
1398 2842 1497 2878 vultu
1510 2839 1689 2877 comedite
1711 2841 1749 2873 et
