1754 3164
542 139 1014 186 ANNOTATIONES.
1392 133 1523 181 1299

0 250 52 290 ab
73 249 156 290 illis
173 249 326 300 factus3
357 262 587 302 quanquam
606 248 728 288 iidem
750 254 912 301 postea,
941 247 1029 287 eius
1060 246 1299 286 testimoniis
1325 246 1375 285 ad
1409 260 1527 285 suum

0 322 161 348 sensum
198 306 526 357 accommodatis,
563 307 674 346 miris
706 306 895 345 laudibus
928 305 1059 358 ipsum
1086 304 1329 344 ornaverint.
1386 305 1531 343 Exstat

3 366 112 420 apud
139 366 360 416 Gregoram
380 366 422 403 in
450 364 554 404 libro
576 365 756 403 nondum
786 363 893 403 edito
915 360 1035 418 (cod.
1055 363 1151 414 Reg.
1174 364 1300 406 2952.
1319 363 1389 402 sol.
1415 359 1530 414 157.)

4 423 138 476 gravis
157 423 320 475 querela
337 422 387 461 de
407 422 599 461 Pal-amita
619 422 814 475 quodam,
845 419 916 473 qui
945 420 995 460 de
1015 419 1228 459 Theodoro
1254 420 1405 472 Grapto
1423 425 1464 458 et
1481 419 1533 457 de

6 482 93 521 eius
115 480 230 519 libris
246 494 327 519 non
350 479 446 518 satis
462 486 695 519 reverenter
719 480 963 531 loqueretur.
1019 476 1157 532 Ecqua
1175 479 1277 515 enim
1307 476 1535 528 (inquiebat

8 539 194 578 Palamae
223 539 416 587 sectator)
454 537 563 577 novit
592 535 706 576 illum
731 534 931 576 ecclesia?
962 533 1061 587 Quis
1079 544 1299 573 nostrorum
1319 532 1430 573 illius
1455 549 1536 572 un-

7 610 128 651 quam
157 592 367 634 meminit?
403 595 505 633 Tum
535 594 728 644 addebat,
758 606 1009 647 quaecunque
1035 594 1069 630 is
1089 601 1228 630 contra
1250 589 1538 630 Iconomachos

8 653 159 705 scripta
178 650 441 703 com'posuisse
462 649 665 701 diceretur,
695 666 741 689 ea
760 649 955 689 erroribus
968 649 1213 702 gravissimis
1227 658 1387 688 scatere.
1420 644 1540 699 Quod

9 712 47 750 si
66 707 142 747 alii
162 710 339 763 quipiam
358 706 550 748 nonnulla
570 709 874 748 interseruissem
899 708 1033 758 spuria
1056 716 1091 744 et
1121 706 1393 758 supposititia,
1422 714 1459 743 et
1489 705 1541 743 iis

10 781 151 806 nomen
176 764 297 818 illius,
320 766 628 819 inscripsissent,
670 767 797 818 ipsum
829 763 985 819 quidem
1011 762 1310 815 irreprehensum
1336 761 1541 818 futurum,

13 839 92 863 non
112 824 203 862 item
220 823 301 861 eius
320 820 471 863 libros.-
498 823 558 861 sin
580 837 626 861 ea
644 823 726 861 eius
741 832 862 860 essent
881 822 1008 873 reipsa
1028 830 1062 858 et
1085 817 1326 869 indubitate,
1355 820 1435 857 iam
1457 833 1542 857 eum

13 878 137 920 simul
161 895 249 920 cum
272 877 386 918 libris
406 878 677 928 reiiciendum,
707 888 743 917 et
766 880 807 917 in
830 878 1108 917 haereticorum
1129 892 1286 916 numero
1307 874 1544 930 ponendum.

13 938 127 978 Haec
142 937 338 976 Palamita
358 937 449 986 ille,
479 937 520 975 in
540 950 659 989 quem
680 936 878 987 Gregoras
895 935 1055 974 acribus
1074 933 1210 972 verbis
1232 933 1462 981 invehitur,
1491 932 1546 971 ad

17 996 339 1034 Cantacuzenum
366 994 502 1047 ipsum
525 1007 757 1035 conversus,
817 992 986 1047 Ecquem
1023 991 1104 1040 Tu,
1133 990 1287 1043 inquit,
1316 989 1420 1030 hunc
1441 988 1546 1029 dere-

14 1062 128 1107 pente
146 1054 189 1091 in
216 1061 398 1091 sancium
421 1050 536 1090 illum
559 1051 717 1090 Putrem
737 1052 1023 1103 sapientemque
1041 1046 1238 1087 doctorem
1255 1062 1388 1086 armas
1404 1062 1548 1085 novum

18 1108 334 1158 Archilochum,
363 1123 413 1147 ac
429 1110 563 1161 potius
579 1106 821 1148 Archilochi
836 1103 1027 1146 simiam?
1055 1135 1086 1146 ..
1100 1133 1111 1145 .
1145 1103 1224 1145 Cur
1242 1105 1337 1144 hacc
1349 1113 1550 1158 praesente

19 1177 58 1206 ie
84 1166 370 1205 abiectissimus
376 1163 704 1220 furibundusque
722 1162 981 1204 homunculus
1008 1161 1212 1202 evomuit?
1240 1169 1317 1201 etc.
1375 1162 1492 1210 (Vide
1513 1166 1552 1199 et

21 1230 208 1263 annotata
232 1223 336 1262 infra
358 1223 408 1261 ad
427 1236 517 1275 pag.
542 1225 639 1265 598.
661 1221 722 1274 F.)
779 1223 868 1260 Non
887 1221 1031 1260 mirum
1050 1220 1187 1271 itaque
1204 1219 1386 1258 homines
1402 1220 1553 1271 impro-

20 1282 118 1331 bos,
160 1281 298 1333 quales
338 1280 397 1319 illi
425 1279 615 1319 videntur
651 1280 799 1329 fuisse,
835 1278 1147 1318 vetustissimum
1180 1278 1367 1316 Codicem
1402 1282 1552 1324 nactos,

24 1339 92 1378 cui
113 1338 291 1377 auctoris
317 1351 462 1377 nomen
484 1351 565 1375 non
591 1343 693 1375 esset
714 1336 979 1389 inscriptum,
1009 1348 1153 1374 nomen
1180 1334 1412 1387 praefixisse
1437 1333 1553 1383 illud,

25 1396 137 1449 quod
157 1395 452 1434 arbitrarentur
470 1396 739 1447 contemptius
760 1394 1050 1444 obscuriusque
1063 1405 1162 1442 esse,
1192 1406 1311 1444 quam
1332 1397 1376 1429 ut
1394 1404 1555 1442 magnae

28 1460 169 1493 contra
194 1467 262 1492 eos
284 1453 533 1492 auctoritatis
556 1466 639 1490 esse
658 1458 807 1504 posset.
850 1452 903 1489 Ut
922 1457 969 1489 ut
987 1450 1054 1500 sit,
1084 1450 1336 1488 manifestum
1360 1456 1466 1488 certe
1483 1455 1556 1497 est,

25 1511 314 1565 interpolatum
344 1510 468 1549 fuisse
492 1509 653 1548 Codicis
680 1508 943 1561 antiquissimi
968 1508 1156 1556 titulum,
1186 1507 1442 1558 additamque
1473 1519 1559 1544 esse

27 1568 246 1609 recentiori
273 1581 405 1618 manu,
433 1573 479 1605 ut
498 1566 695 1615 diximus,
725 1581 809 1606 eam
837 1566 994 1615 lineam,
1021 1566 1062 1603 in
1083 1578 1161 1617 qua
1187 1564 1390 1604 Theodori
1417 1563 1560 1615 Grapti

29 1640 175 1667 nomen
197 1626 361 1676 legitur.
419 1626 611 1677 Superest
641 1625 719 1663 iam
742 1631 788 1662 ut
818 1623 1094 1669 ostendamus,
1126 1622 1344 1670 librorum,
1374 1635 1421 1660 eo
1444 1621 1561 1658 volu-

29 1684 137 1725 mine
175 1682 583 1735 comprehensorum,
623 1688 827 1720 auctorem
869 1694 952 1719 esse
976 1679 1248 1733 patriarcham
1274 1678 1561 1730 Nicephorum.

31 1743 168 1782 Primo
190 1747 348 1779 constat
366 1739 640 1792 Nicephorum
670 1739 791 1777 multa
820 1752 895 1791 pro
925 1737 1161 1789 imaginibus
1191 1743 1330 1775 contra
1356 1737 1563 1774 lconoma-

35 1798 134 1838 chos
168 1798 288 1836 variis
318 1796 567 1850 temporibus
595 1796 745 1848 scripta
785 1795 971 1835 edidisse.
1030 1794 1204 1843 Ignatius
1235 1794 1455 1843 Diaconus,
1494 1792 1565 1844 qui

35 1857 120 1897 eius
142 1855 264 1895 vitam
283 1855 458 1908 scripsit,
490 1867 580 1893 eum
600 1854 656 1892 ait
671 1854 875 1905 aliquanto
892 1859 984 1905 post
1003 1852 1214 1890 Nicaenam
1234 1851 1451 1904 Synodum,
1474 1863 1564 1888 cum

36 1920 143 1954 esset
188 1912 320 1952 adhuc
347 1913 497 1961 laicus,
535 1912 575 1950 in
605 1911 701 1950 fidei
730 1910 864 1950 hostes
892 1910 1170 1950 insurrexisse.
1199 1905 1286 1950 τότε
1310 1905 1384 1961 δή,
1420 1907 1567 1960 inquit,

36 1971 107 2014 καὶ
127 1969 151 2011 ὅ
169 1970 291 2026 μέγας
308 1966 576 2023 Νικηφόρος,
603 1966 652 2009 vo}
675 1970 792 2022 νίκης
812 1964 1098 2022 ἐπιφερόμενος
1117 1963 1337 2020 σήμαντρα,
1365 1963 1465 2006 κατὰ
1487 1968 1568 2005 τῶν

37 2031 112 2082 τῆς
138 2029 310 2076 πίστεως
346 2023 576 2068 ἀντιπάλων
606 2022 725 2080 τυρόν
765 2041 804 2066 τι
840 2024 912 2066 καὶ
949 2020 1137 2066 ἐνυάλιον
1166 2018 1405 2077 ἀνεκρούετο
1438 2021 1568 2075 μέλος,

39 2081 221 2140 Χριστὸν
266 2083 371 2127 εἶναι
413 2080 680 2136 πιστούμενος
717 2079 1011 2137 οἷπερὶγραπτον
1051 2079 1151 2122 κατὰ
1187 2078 1231 2122 τὸ
1261 2083 1336 2133 τῆς
1362 2077 1571 2133 θεότητος,

42 2143 204 2185 ἁπλοῦν
246 2142 315 2184 καὶ
345 2138 579 2192 α’νέπαφον·
629 2138 897 2194 περιγραπτόν
934 2138 978 2181 δὲ
1004 2138 1074 2180 καὶ
1099 2135 1274 2194 γραπτὸν
1300 2134 1400 2178 κατά
1426 2135 1471 2179 τὸ
1499 2139 1572 2189 τῆς

43 2196 378 2254 ἆνθρωπὸτητος,
416 2195 542 2240 ἁπτόν
570 2213 611 2239 τε
640 2198 709 2238 καὶ
742 2195 967 2248 σύνθετον,
1014 2193 1076 2245 οἷς
1102 2195 1146 2238 τό
1178 2196 1445 2244 εἷκονίζεσθαι
1475 2195 1573 2242 ἄρα·

46 2254 175 2311 ρότως
204 2253 545 2309 ἐπακολουθήσοι.
607 2254 762 2303 Quibus
780 2255 924 2307 Ignatii
947 2254 1083 2294 verbis
1107 2253 1276 2293 indicari
1298 2258 1397 2304 puto
1416 2248 1574 2304 Apolo-

43 2316 155 2369 gium
171 2331 246 2368 pro
268 2314 376 2355 Fide.
436 2315 483 2352 ln
506 2313 707 2365 Synodica
727 2313 909 2365 Epistola
936 2312 1200 2351 Orientalium
1220 2311 1271 2349 ad
1295 2310 1573 2362 imperatorem

46 2372 319 2425 Theophilum
358 2378 603 2411 memoratur
636 2371 737 2410 liber
767 2377 907 2408 contra
941 2369 1091 2408 Christi
1133 2369 1341 2419 imaginem
1373 2382 1394 2405 a
1427 2367 1575 2403 Ioanne

49 2430 281 2481 Anagnosta
317 2430 470 2479 editus,
518 2428 706 2479 idemque
738 2443 761 2466 a
791 2426 1019 2479 Nicephoro
1044 2427 1254 2466 refutatus.
1313 2421 1575 2475 Theophanes

51 2488 269 2526 consessor
309 2488 503 2537 integram
538 2486 587 2524 de
623 2485 868 2539 Copronymi
900 2485 1014 2523 obitu
1040 2484 1329 2531 narrationem,
1371 2493 1420 2518 ex
1457 2478 1576 2516 tertio

53 2551 194 2583 contra
234 2545 491 2583 mammonam
522 2543 792 2582 Antirrhetico
825 2542 1076 2590 translatam,
1117 2540 1315 2580 Chronico
1357 2550 1430 2574 suo
1467 2535 1578 2572 inse-

53 2603 161 2651 ruit;
191 2608 312 2653 atque
334 2602 419 2640 eius
449 2601 684 2640 narrationis
707 2606 848 2638 auctor
865 2600 907 2637 in
928 2598 1076 2637 Codice
1095 2599 1315 2650 oneusano
1332 2591 1580 2644 Nicephorus

53 2658 283 2712 patriarcha
319 2659 542 2709 indicatur,
590 2664 693 2696 teste
719 2656 900 2696 Petavio.
959 2655 1060 2695 Vide
1094 2656 1336 2704 fragmenta,
1375 2649 1580 2688 Breviario

57 2716 259 2754 Chronico
289 2716 512 2769 Nicephori
538 2714 789 2768 patriarchae
819 2714 1051 2762 subiuncta,
1080 2711 1252 2752 Edition.
1292 2709 1426 2747 Petav.
1483 2707 1582 2743 Cum

58 2773 207 2812 Codice
241 2774 461 2826 oneusano
498 2773 696 2812 consentit
729 2770 900 2811 Michael
930 2772 1099 2823 Glycas,
1140 2766 1350 2806 Annalium
1382 2769 1498 2816 parte
1533 2762 1583 2800 Π.

61 2844 151 2884 pag.
186 2834 279 2874 137.
319 2831 426 2872 Edit.
459 2832 555 2883 Reg.
578 2830 649 2870 ubi
672 2835 862 2883 excerpta
889 2843 940 2870 ex
960 2826 1137 2868 secundo
1166 2830 1307 2864 contra
1325 2822 1585 2861 mammonam
