1794 3172
251 136 354 185 780
668 138 984 186 NICEPHORI
1017 136 1344 198 GREGORAE

31 263 67 296 A.
89 259 249 297 M.··6855
360 249 422 298 ,9'2
463 249 550 296 Καὶ
580 248 856 306 ἄνοιχθέντων
890 247 972 305 ἤδη
1005 252 1088 292 τιῧν
1115 247 1361 303 βασιλείων,
1400 247 1602 306 ἐξεχέοντο
1637 248 1745 293 κατὰ

77 308 207 343 lud-15
319 327 339 349 τ’
468 323 481 337 c
535 321 553 348 ,Ι
728 318 747 334 ‘¹
940 322 961 332 ν
1026 313 1046 333 '5
1199 315 1210 332 Ι
1382 318 1392 335 x
1433 317 1452 334 er
1590 323 1611 334 ,-
1674 319 1695 334 ν

123 354 154 388 P
175 327 422 390 49071701309
442 340 480 366 οι
505 324 660 377 δεσμιοι
676 351 690 374 ,
725 335 815 363 οσοι
840 335 883 361 τε
902 336 985 370 των
1003 335 1046 361 ευ
1069 335 1295 375 γεγονοτων
1325 335 1394 360 και
1430 336 1521 362 οσοι
1552 337 1636 363 των
1669 323 1744 361 αλ-

123 398 338 444 ν.396λως
373 390 562 448 ἐχόντων.
599 388 714 449 μόνῳ
744 388 787 432 δ’
817 386 986 446 Ἰωάννῃ
1014 392 1074 446 τῷ
1103 384 1366 445 πατριάρχῃ,
1401 392 1478 443 τῆς
1498 388 1617 440 ἀξίας
1643 389 1745 439 τέως

256 462 502 514 ἐξωσθέντι,
536 460 679 511 ἐξιέναι
710 457 784 502 οὐκ
814 458 930 513 ἐνῆν·
968 458 1058 515 περὶ
1091 452 1139 501 οὗ
1164 458 1232 500 καὶ
1263 459 1474 512 διαλαβεῖν
1501 458 1745 516 ὀφείλοντας

253 532 362 585 ἴνια,
404 532 500 586 πρὶν
523 530 726 572 ἐνταυθοῖ
744 527 1067 584 κατεληλυθέναι
1091 531 1165 571 τοῦ
1186 525 1325 584 λόγου,
1353 528 1422 570 καὶ
1441 526 1618 579 ἄκοντας
1634 525 1778 583 ἦμᾶς5

215 600 277 645 Βὸ
297 605 380 644 τῶν
400 599 536 642 ἄλλων
559 597 726 656 σφόδρα
746 598 974 655 παρέσυρεν
996 595 1148 655 εἱρμός.
1208 595 1303 656 (Β.)
1335 594 1504 647 Ἔξότου
1525 597 1604 655 γὰρ
1619 596 1744 641 ’Ἄννα

251 669 279 727 ἦ
302 671 467 725 βασιλὶς
500 668 575 725 τὴν
604 667 755 724 ἑαυτῆς
776 667 879 724 πρὸς
898 666 1246 723 Καντακουζηνὸν
1270 666 1544 722 ἐξεπολέμωσε
1560 664 1741 724 γνώμην,

253 743 436 798 συνεργῷ
468 756 510 782 τε
544 737 633 794 ἅμα
662 739 729 780 καὶ
760 735 995 796 πιστοτάτῳ
1030 737 1220 795 ἐκέχρητο
1252 741 1311 796 τῷ
1337 735 1574 794 πατριάρχῃ
1608 735 1744 796 τούτῳ

253 806 479 868 συμβούλῳ
519 807 622 866 πρὸς
653 807 680 850 ἃ
709 804 844 850 πάντα
878 805 1019 864 κρύφα
1055 825 1097 850 τε
1125 808 1193 850 καὶ
1227 807 1268 857 ἐς
1299 806 1534 865 τούμφανὲς
1555 804 1746 863 δρώμενα

251 875 328 936 ἦν·
365 880 432 922 καὶ
461 882 534 922 νῦν
562 878 637 933 μὲν
671 876 775 933 αὕτη
807 881 889 937 τῆς,
903 878 1054 920 ἐκείνου
1083 874 1249 934 γνώμης
1277 873 1507 934 ὁλοσχερῶς
1528 874 1740 932 ἐξήρτητο,
1758 887 1794 923 1(

254 953 328 993 νῦν
351 949 396 992 δὲ
413 953 487 1004 τῆς
509 945 660 1003 ἑαυτῆς
680 944 959 1004 ἐξαρτώμενον
994 945 1096 1003 εἶχεν
1116 948 1266 990 ἐκεῖνον
1281 959 1292 970 ·
1330 947 1398 989 καὶ
1428 944 1637 989 συνελόντι
1659 943 1745 1004 φά-

252 1037 344 1072 ναι,
386 1016 581 1076 φρόνημα
609 1016 655 1060 (ἐν
685 1016 935 1074 ἀμφοτέροις
974 1012 1025 1073 ἦν
1054 1017 1097 1060 ἐν
1135 1016 1285 1069 ἅπασι,
1318 1023 1406 1066 τοῖς
1426 1021 1468 1060 τε
1499 1015 1642 1066 ἄλλοις
1667 1017 1746 1072 δη-

253 1088 360 1144 λαδὴ
408 1089 474 1131 καὶ
516 1085 577 1138 οἷς
620 1085 640 1130 ὃ
675 1090 891 1142 Παλαμᾶς
930 1084 1165 1144 ἐδογμάτιζε
1200 1086 1451 1144 καινοτέροις
1480 1087 1549 1129 καὶ
1591 1084 1746 1141 ἀήθεσι

216 1155 364 1202 Οπάνυ
385 1162 437 1216 τῇ
459 1161 533 1201 τοῦ
556 1161 656 1200 θεοῦ
681 1158 886 1217 ἐκκλησίᾳ.
924 1158 990 1200 καὶ
1013 1159 1156 1213 δεῖγμα
1175 1161 1251 1199 τοῦ
1273 1153 1397 1213 λόγου
1419 1156 1572 1214 σαφὲς,
1606 1154 1633 1199 ἃ
1657 1160 1745 1205 τοῖς

253 1227 328 1272 τὸν
355 1225 524 1283 ἡσύχιον
545 1229 586 1270 ἐν
606 1227 725 1286 Ἄθῳ
747 1231 805 1285 τῷ
834 1226 918 1284 ὄρει
948 1229 1041 1281 βίον
1066 1226 1264 1269 ἀσκοῦσιν
1285 1224 1459 1280 ἔπεμπεν
1481 1224 1586 1282 αὕτη
1609 1222 1744 1282 γράμε
1757 1232 1794 1270 ῙΕ

254 1315 369 1353 ματα
406 1296 477 1348 ξύν
508 1315 550 1354 γε
588 1302 647 1356 τῷ
681 1294 915 1354 πατριάρχῃ
950 1296 1057 1339 κατὰ
1089 1300 1162 1339 τοῦ
1190 1298 1408 1349 Παλαμᾶ’
1454 1293 1507 1338 τά
1541 1313 1584 1339 τε
1616 1296 1744 1338 οἰκεῖα

254 1365 412 1422 ταύτης
440 1369 544 1424 φημὶ
571 1369 637 1410 καὶ
670 1366 747 1409 ὅσα
772 1364 792 1409 ὃ
813 1365 968 1422 ταύτης
988 1366 1078 1417 υἱὸς
1094 1364 1286 1422 Ἰωάννης
1306 1363 1326 1408 ὃ
1346 1364 1542 1421 βασιλεὺς
1562 1362 1638 1407 ὑπ’
1666 1364 1745 1407 αὖ·

254 1441 331 1492 τῆς
354 1435 711 1494 προσταττόμενος
743 1435 946 1495 ἔγραφεν·
985 1434 1047 1487 οἷς
1081 1434 1135 1479 τά
1164 1453 1207 1479 τε
1241 1435 1348 1479 ἄλλα
1380 1435 1643 1493 ἐνεγέγραπτο
1677 1435 1746 1477 καὶ

255 1506 307 1562 δὴ
330 1508 397 1549 καὶ
420 1504 475 1557 ὥς
495 1505 642 1562 ἥκιστα
669 1511 821 1563 χρῆναι
851 1508 1047 1560 νομίζειν,
1086 1506 1263 1563 εἱρκταῖς
1293 1506 1361 1548 καὶ
1382 1512 1587 1564 φρουραῖς
1613 1504 1744 1560 ἐνέχε-

217 1580 363 1619 Βσθαι
395 1579 611 1631 Παλαμᾶν
653 1574 720 1619 διά
751 1594 793 1633 γε
825 1576 876 1632 δὴ
907 1575 956 1620 τὸ
978 1577 1313 1635 Καντὰκουζηνῷ
1334 1574 1411 1631 τὴν
1430 1573 1598 1632 γνώμην
1626 1576 1794 1618 τίθε-ΞΕ

263 1651 393 1700 σθαι,
437 1644 499 1689 ὅτι
534 1646 593 1701 μὴ
633 1646 701 1689 διὰ
736 1646 784 1690 τὸ
818 1645 891 1698 ξὺν
931 1646 1065 1689 οὐδενὶ
1101 1644 1242 1705 κόσμῳ
1280 1643 1489 1703 περιϊόντα
1529 1642 1744 1700 θεοτήτων

262 1712 465 1759 άκτίστων
490 1715 695 1759 διδάσκειν
717 1714 927 1772 ἀπειράκις
946 1716 1124 1773 ἀπείρων
1147 1715 1273 1771 ἑσμὸν
1283 1749 1297 1768 ,
1335 1714 1433 1758 κατ’
1455 1713 1645 1771 ἀλλήλοιν
1665 1716 1743 1757 διΐ-

263 1786 476 1838 σταμένων
501 1784 618 1844 (εἶναι
643 1784 720 1843 γάρ
742 1802 844 1843 φησι
865 1786 939 1836 τὰς
960 1787 1034 1841 μὲν
1052 1784 1341 1843 ὑπερκειμένας
1368 1786 1435 1827 καὶ
1456 1782 1609 1840 νοητάς
1623 1798 1632 1807 ·
1669 1783 1746 1833 τὰς

258 1854 301 1897 δ’
323 1853 544 1913 ὗῳειμένας
564 1857 631 1898 καὶ
651 1853 824 1914 ὁρατὰς)
846 1857 913 1898 καὶ
943 1860 1113 1900 τοιαῦτα
1141 1855 1248 1898 ἄττα
1277 1858 1613 1913 βλασφημοῦντα
1643 1869 1744 1910 συγ-

295 2046 304 2056 ,,
346 2013 381 2048 9.
406 2010 476 2046 Iam
498 2011 616 2058 itaque
635 2011 766 2058 apertis
785 2011 908 2058 palatii
928 2012 1062 2057 portis,
1085 2024 1209 2058 magno
1229 2011 1364 2058 agmine
1385 2010 1487 2046 effusi
1506 2022 1608 2046 ruere
1627 2010 1666 2053 ii,
1681 2011 1742 2057 qui

256 2057 364 2093 vincti
381 2064 483 2092 antea
498 2060 713 2101 tenebantur,
728 2063 896 2104 quotquot
913 2059 986 2094 sive
1004 2060 1137 2094 nobiles
1157 2059 1232 2094 sive
1251 2059 1395 2094 alterius
1412 2058 1642 2104 cuiuscunque
1660 2069 1742 2092 con-

256 2105 401 2139 ditionis
428 2110 537 2142 erant.
583 2106 654 2139 Uni
681 2106 900 2150 patriarchae
921 2106 1070 2149 Ioanni,
1087 2119 1148 2141 sua
1172 2111 1242 2141 tum
1270 2106 1442 2150 dignitate
1466 2105 1620 2147 deiecto,
1646 2104 1742 2139 exire

256 2162 324 2185 non
345 2151 465 2185 licuit:
489 2152 532 2186 de
553 2163 641 2197 quo,
666 2157 846 2197 antequam
866 2157 985 2187 nostra
1008 2154 1120 2188 oratio
1144 2154 1209 2188 huc
1228 2153 1476 2199 processisset,
1501 2152 1669 2198 quaedam
1688 2151 1743 2185 di-

255 2208 338 2232 cere
357 2197 558 2239 debuimus3
584 2203 795 2233 caeterarum
818 2203 930 2234 autem
953 2211 1066 2234 rerum
1086 2201 1197 2235 series
1217 2201 1260 2234 ab
1286 2212 1327 2234 eo
1347 2203 1548 2244 argumento
1569 2210 1631 2232 nos
1650 2197 1743 2232 invi—

255 2247 311 2279 tos
331 2244 530 2290 longissime
547 2245 701 2280 abduxit.
750 2245 834 2290 (ΙΙ.)
858 2246 1065 2292 Imperatrix
1082 2249 1192 2290 Anna,
1217 2259 1260 2282 ex
1276 2259 1343 2293 quo
1363 2246 1508 2280 animum
1526 2245 1685 2279 hostilem
1705 2244 1742 2279 in

257 2291 537 2326 Cantacuzenum
557 2290 738 2334 induerat,
763 2293 829 2326 hoc
852 2292 926 2338 ipso
946 2294 1162 2339 patriarcha,
1188 2293 1231 2329 ad
1251 2306 1292 2328 ea
1311 2292 1433 2335 omnia,
1456 2303 1544 2338 quae
1562 2292 1636 2326 sive
1655 2292 1741 2326 clam

256 2336 330 2372 sive
350 2337 462 2384 palam
489 2343 694 2382 agerentur,
717 2338 874 2373 adiutore
893 2339 990 2375 simul
1009 2345 1045 2375 et
1064 2341 1230 2375 fidissimo
1251 2340 1447 2375 consiliario
1469 2350 1530 2373 usa
1547 2338 1681 2373 fuerat:
1705 2342 1743 2372 et

255 2385 353 2419 modo
374 2384 509 2431 quidem
530 2385 614 2419 haec
639 2396 682 2419 ex
698 2384 820 2427 istius,
845 2387 945 2421 modo
965 2386 1031 2422 iste
1051 2399 1093 2422 ex
1112 2388 1212 2422 huius
1237 2386 1408 2422 sententia
1433 2389 1526 2419 totus
1548 2385 1742 2431 pendebam

254 2435 382 2476 atque,
407 2437 447 2466 ut
465 2430 583 2477 paucis
602 2431 788 2474 absolvam,
813 2443 902 2467 unus
923 2434 1061 2480 utrique
1079 2434 1209 2469 animus
1231 2438 1317 2476 erat,
1341 2438 1414 2467 tum
1433 2433 1469 2466 in
1491 2431 1644 2466 omnibus
1664 2431 1743 2466 aliis

253 2477 378 2518 rebus,
401 2482 473 2513 tum
497 2477 663 2513 adversus
690 2490 733 2513 ea
752 2479 930 2524 dogmata,
955 2492 1046 2526 quae
1063 2481 1220 2516 Palamas
1243 2492 1333 2515 nova
1355 2485 1391 2515 et
1411 2478 1579 2514 inusitata
1602 2478 1638 2512 in
1659 2489 1741 2512 san-

254 2529 344 2559 ctam
364 2524 432 2559 Dei
448 2524 627 2560 ecclesiam
643 2524 840 2562 invehebat.
891 2527 931 2561 Id
950 2533 1044 2562 certo
1071 2528 1198 2562 indicio
1220 2531 1374 2562 constat:
1398 2537 1520 2571 nempe
1536 2537 1579 2559 ex
1598 2523 1740 2567 litteris,

253 2581 340 2616 quas
358 2575 478 2607 contra
494 2571 665 2606 Palamam
687 2571 761 2606 sive
774 2574 872 2608 Anna
887 2573 966 2620 ipsa
984 2586 1058 2608 cum
1074 2574 1286 2620 patriarcha,
1303 2574 1378 2608 sive
1394 2572 1514 2608 matris
1531 2572 1626 2606 iussu
1637 2571 1741 2606 Ioan-

253 2628 316 2652 nes
338 2617 548 2664 imperator,
572 2618 616 2653 ad
638 2618 763 2653 montis
779 2620 869 2654 Atho
893 2622 1074 2655 monachos
1101 2620 1261 2667 scripsit:
1287 2620 1412 2666 quibus
1431 2618 1559 2654 litteris
1580 2623 1652 2654 tum
1673 2618 1742 2652 alia

253 2662 408 2708 inerant,
432 2669 502 2700 tum
524 2677 568 2700 ne
599 2666 677 2711 quis
697 2665 844 2700 vinculis
871 2667 1106 2713 custodiisque
1130 2668 1208 2702 ideo
1235 2667 1408 2702 Palamam
1436 2665 1590 2701 coerceri
1619 2665 1742 2700 existi-

192 2718 194 2721 ’
253 2715 383 2753 maret,
407 2712 496 2758 quod
517 2712 548 2746 is
570 2712 716 2747 animum
743 2713 789 2747 ad
811 2713 1090 2749 Cantacuzenum
1112 2714 1319 2756 adiecisset;
1343 2713 1406 2748 sed
1430 2711 1520 2759 quod
1541 2712 1651 2754 idem,
1676 2711 1742 2746 im—

253 2757 406 2794 modeste
422 2759 489 2794 huc
506 2758 587 2794 illuc
603 2758 776 2804 vagando,
799 2759 1028 2795 Divinitatum
1046 2765 1274 2803 aeternarum,
1298 2771 1481 2806 earumque
1500 2758 1592 2793 inter
1609 2771 1647 2792 se
1669 2758 1741 2792 dis-

249 2803 434 2840 sidentium
456 2805 564 2851 (alias
586 2806 673 2840 enim
696 2806 990 2852 supereminentes
1009 2811 1045 2842 et
1059 2807 1308 2852 intelligibiles,
1331 2807 1418 2841 alias
1437 2805 1634 2841 humiliores
1652 2804 1740 2839 visi-

250 2849 406 2897 bilesque
429 2865 506 2888 esse
527 2852 694 2898 dictitat)
717 2852 854 2889 infinite
876 2853 1047 2890 infinitum
1074 2866 1216 2891 examen
1238 2853 1379 2890 doceret
1399 2852 1572 2896 existere,
1596 2856 1633 2887 et
1654 2851 1739 2886 talia
