<?xml version="1.0" encoding="UTF-8"?>
<!DOCTYPE html PUBLIC "-//W3C//DTD XHTML 1.0 Transitional//EN"
    "http://www.w3.org/TR/xhtml1/DTD/xhtml1-transitional.dtd">
<html xmlns="http://www.w3.org/1999/xhtml" xml:lang="en" lang="en">
 <head>
  <title>
</title>
<meta http-equiv="Content-Type" content="text/html;charset=utf-8" />
  <meta name='ocr-system' content='tesseract 3.04.00' />
  <meta name='ocr-capabilities' content='ocr_page ocr_carea ocr_par ocr_line ocrx_word'/>
</head>
<body>
  <div class='ocr_page' id='page_1' title='image "./corpusscriptorum39niebuoft_0765.png"; bbox 0 0 1754 3164; ppageno 0'>
   <div class='ocr_carea' id='block_1_1' title="bbox 555 167 1565 216">
    <p class='ocr_par' dir='ltr' id='par_1_1' title="bbox 555 167 1565 216">
     <span class='ocr_line' id='line_1_1' title="bbox 555 167 1565 216; baseline 0 0"><span class='ocrx_word' id='word_1_1' title='bbox 555 170 1030 216; x_wconf 86' lang='lat' dir='ltr'><strong>ANNOTATIONES.</strong></span> <span class='ocrx_word' id='word_1_2' title='bbox 1435 167 1459 214; x_wconf 87' lang='lat'>1</span> <span class='ocrx_word' id='word_1_3' title='bbox 1467 169 1565 216; x_wconf 76' lang='lat'><strong>323</strong></span> 
     </span>
    </p>
   </div>
   <div class='ocr_carea' id='block_1_2' title="bbox 25 273 1566 1080">
    <p class='ocr_par' dir='ltr' id='par_1_2' title="bbox 26 273 1566 847">
     <span class='ocr_line' id='line_1_2' title="bbox 145 273 1563 333; baseline 0.002 -16"><span class='ocrx_word' id='word_1_4' title='bbox 145 275 312 320; x_wconf 71' lang='lat' dir='ltr'><strong>Ibidem.</strong></span> <span class='ocrx_word' id='word_1_5' title='bbox 373 274 456 332; x_wconf 86' lang='grc' dir='ltr'><strong>Ου’χ</strong></span> <span class='ocrx_word' id='word_1_6' title='bbox 492 273 554 320; x_wconf 75' lang='grc' dir='ltr'><strong>’ὅτι</strong></span> <span class='ocrx_word' id='word_1_7' title='bbox 586 276 762 331; x_wconf 74' lang='grc' dir='ltr'><strong><em>ἐνέργεια</em></strong></span> <span class='ocrx_word' id='word_1_8' title='bbox 787 273 898 331; x_wconf 62' lang='grc' dir='ltr'><strong>παρὰ</strong></span> <span class='ocrx_word' id='word_1_9' title='bbox 925 279 1001 319; x_wconf 79' lang='grc' dir='ltr'><strong>τοῦ</strong></span> <span class='ocrx_word' id='word_1_10' title='bbox 1028 273 1256 331; x_wconf 74' lang='grc' dir='ltr'><strong><em>πνεύματος</em></strong></span> <span class='ocrx_word' id='word_1_11' title='bbox 1292 276 1442 333; x_wconf 75' lang='grc' dir='ltr'><strong><em>ἐγένετό</em></strong></span> <span class='ocrx_word' id='word_1_12' title='bbox 1480 279 1563 332; x_wconf 84' lang='grc' dir='ltr'><strong><em>τις]</em></strong></span> 
     </span>
     <span class='ocr_line' id='line_1_3' title="bbox 27 333 1566 393; baseline 0.001 -18"><span class='ocrx_word' id='word_1_13' title='bbox 27 334 122 375; x_wconf 85' lang='grc' dir='ltr'><strong>Νοη</strong></span> <span class='ocrx_word' id='word_1_14' title='bbox 154 335 264 390; x_wconf 82' lang='lat' dir='ltr'><strong>quod</strong></span> <span class='ocrx_word' id='word_1_15' title='bbox 290 333 430 390; x_wconf 81' lang='lat' dir='ltr'><strong>aliqua</strong></span> <span class='ocrx_word' id='word_1_16' title='bbox 451 337 620 389; x_wconf 77' lang='lat' dir='ltr'><strong><em>energia,</em></strong></span> <span class='ocrx_word' id='word_1_17' title='bbox 653 351 718 374; x_wconf 76' lang='lat' dir='ltr'><strong>seu</strong></span> <span class='ocrx_word' id='word_1_18' title='bbox 744 336 930 389; x_wconf 78' lang='lat' dir='ltr'><strong>operatio,</strong></span> <span class='ocrx_word' id='word_1_19' title='bbox 961 350 987 373; x_wconf 84' lang='grc' dir='ltr'><strong><em>α</em></strong></span> <span class='ocrx_word' id='word_1_20' title='bbox 1017 345 1156 376; x_wconf 79' lang='lat' dir='ltr'><strong>sancio</strong></span> <span class='ocrx_word' id='word_1_21' title='bbox 1188 335 1339 388; x_wconf 81' lang='lat' dir='ltr'><strong><em>Spiritu</em></strong></span> <span class='ocrx_word' id='word_1_22' title='bbox 1357 336 1484 393; x_wconf 80' lang='lat' dir='ltr'><strong>facta</strong></span> <span class='ocrx_word' id='word_1_23' title='bbox 1513 339 1566 377; x_wconf 79' lang='lat' dir='ltr'><strong>sit</strong></span> 
     </span>
     <span class='ocr_line' id='line_1_4' title="bbox 32 390 1564 446; baseline 0.003 -15"><span class='ocrx_word' id='word_1_24' title='bbox 32 400 111 432; x_wconf 90' lang='lat' dir='ltr'><strong>etc.</strong></span> <span class='ocrx_word' id='word_1_25' title='bbox 169 393 249 432; x_wconf 89' lang='lat' dir='ltr'><strong>Hic</strong></span> <span class='ocrx_word' id='word_1_26' title='bbox 269 400 436 443; x_wconf 80' lang='lat' dir='ltr'>auctor,</span> <span class='ocrx_word' id='word_1_27' title='bbox 466 394 648 446; x_wconf 86' lang='lat' dir='ltr'><strong>quisquis</strong></span> <span class='ocrx_word' id='word_1_28' title='bbox 682 394 755 441; x_wconf 83' lang='lat' dir='ltr'><strong>sit,</strong></span> <span class='ocrx_word' id='word_1_29' title='bbox 789 407 870 431; x_wconf 88' lang='lat' dir='ltr'><strong>non</strong></span> <span class='ocrx_word' id='word_1_30' title='bbox 889 399 1008 443; x_wconf 85' lang='lat' dir='ltr'><strong>negat</strong></span> <span class='ocrx_word' id='word_1_31' title='bbox 1026 393 1339 432; x_wconf 82' lang='lat' dir='ltr'><strong>incarnationem</strong></span> <span class='ocrx_word' id='word_1_32' title='bbox 1361 390 1564 446; x_wconf 74' lang='lat' dir='ltr'>peractam</span> 
     </span>
     <span class='ocr_line' id='line_1_5' title="bbox 27 449 1564 504; baseline 0.003 -16"><span class='ocrx_word' id='word_1_33' title='bbox 27 451 152 489; x_wconf 82' lang='lat' dir='ltr'><strong>fuisse</strong></span> <span class='ocrx_word' id='word_1_34' title='bbox 183 450 323 490; x_wconf 85' lang='lat' dir='ltr'><strong>divina</strong></span> <span class='ocrx_word' id='word_1_35' title='bbox 340 451 468 490; x_wconf 89' lang='lat' dir='ltr'><strong>sancti</strong></span> <span class='ocrx_word' id='word_1_36' title='bbox 488 452 663 504; x_wconf 79' lang='lat' dir='ltr'><strong>Spiritus</strong></span> <span class='ocrx_word' id='word_1_37' title='bbox 683 450 858 489; x_wconf 85' lang='lat' dir='ltr'><strong>virtute:</strong></span> <span class='ocrx_word' id='word_1_38' title='bbox 891 449 960 488; x_wconf 82' lang='lat' dir='ltr'><strong>sed</strong></span> <span class='ocrx_word' id='word_1_39' title='bbox 980 451 1069 490; x_wconf 86' lang='lat' dir='ltr'><strong>vult</strong></span> <span class='ocrx_word' id='word_1_40' title='bbox 1088 449 1215 490; x_wconf 87' lang='lat' dir='ltr'><strong>hocce</strong></span> <span class='ocrx_word' id='word_1_41' title='bbox 1231 451 1466 503; x_wconf 84' lang='lat' dir='ltr'><strong>mysterium</strong></span> <span class='ocrx_word' id='word_1_42' title='bbox 1484 467 1564 492; x_wconf 89' lang='lat' dir='ltr'><strong>non</strong></span> 
     </span>
     <span class='ocr_line' id='line_1_6' title="bbox 28 507 1564 561; baseline 0.002 -15"><span class='ocrx_word' id='word_1_43' title='bbox 28 508 247 548; x_wconf 73' lang='lat' dir='ltr'><strong>consistere</strong></span> <span class='ocrx_word' id='word_1_44' title='bbox 270 509 469 547; x_wconf 77' lang='lat' dir='ltr'><strong>duntaxat</strong></span> <span class='ocrx_word' id='word_1_45' title='bbox 488 508 527 547; x_wconf 88' lang='lat' dir='ltr'><strong>in</strong></span> <span class='ocrx_word' id='word_1_46' title='bbox 549 509 617 546; x_wconf 89' lang='lat' dir='ltr'><strong>illa</strong></span> <span class='ocrx_word' id='word_1_47' title='bbox 647 507 811 560; x_wconf 85' lang='lat' dir='ltr'><strong>speciali</strong></span> <span class='ocrx_word' id='word_1_48' title='bbox 842 507 967 546; x_wconf 81' lang='lat' dir='ltr'><strong>sancti</strong></span> <span class='ocrx_word' id='word_1_49' title='bbox 986 507 1160 560; x_wconf 88' lang='lat' dir='ltr'><strong>Spiritus</strong></span> <span class='ocrx_word' id='word_1_50' title='bbox 1189 508 1446 561; x_wconf 85' lang='lat' dir='ltr'><strong>operatione:</strong></span> <span class='ocrx_word' id='word_1_51' title='bbox 1473 510 1564 550; x_wconf 85' lang='lat' dir='ltr'><strong>vult</strong></span> 
     </span>
     <span class='ocr_line' id='line_1_7' title="bbox 27 563 1564 619; baseline 0.003 -16"><span class='ocrx_word' id='word_1_52' title='bbox 27 565 195 617; x_wconf 80' lang='lat' dir='ltr'><strong>insuper</strong></span> <span class='ocrx_word' id='word_1_53' title='bbox 216 572 262 604; x_wconf 85' lang='lat' dir='ltr'><strong>ut</strong></span> <span class='ocrx_word' id='word_1_54' title='bbox 283 567 414 619; x_wconf 89' lang='lat' dir='ltr'><strong>ipsum</strong></span> <span class='ocrx_word' id='word_1_55' title='bbox 440 566 510 604; x_wconf 85' lang='lat' dir='ltr'><strong>Dei</strong></span> <span class='ocrx_word' id='word_1_56' title='bbox 541 565 716 604; x_wconf 86' lang='lat' dir='ltr'><strong>Verbum</strong></span> <span class='ocrx_word' id='word_1_57' title='bbox 746 578 836 603; x_wconf 88' lang='lat' dir='ltr'><strong>cum</strong></span> <span class='ocrx_word' id='word_1_58' title='bbox 859 563 1030 603; x_wconf 88' lang='lat' dir='ltr'><strong>humana</strong></span> <span class='ocrx_word' id='word_1_59' title='bbox 1052 571 1194 604; x_wconf 81' lang='lat' dir='ltr'><strong>natura</strong></span> <span class='ocrx_word' id='word_1_60' title='bbox 1217 565 1471 618; x_wconf 72' lang='lat' dir='ltr'><strong>hypostatice</strong></span> <span class='ocrx_word' id='word_1_61' title='bbox 1491 581 1564 608; x_wconf 86' lang='lat' dir='ltr'><strong>seu.</strong></span> 
     </span>
     <span class='ocr_line' id='line_1_8' title="bbox 26 622 1565 677; baseline -0.001 -15"><span class='ocrx_word' id='word_1_62' title='bbox 26 622 347 662; x_wconf 76' lang='lat' dir='ltr'><strong>substantialiter</strong></span> <span class='ocrx_word' id='word_1_63' title='bbox 372 623 527 661; x_wconf 88' lang='lat' dir='ltr'><strong>unitum</strong></span> <span class='ocrx_word' id='word_1_64' title='bbox 551 624 687 664; x_wconf 88' lang='lat' dir='ltr'><strong>suerit.</strong></span> <span class='ocrx_word' id='word_1_65' title='bbox 730 623 820 661; x_wconf 87' lang='lat' dir='ltr'><strong>Non</strong></span> <span class='ocrx_word' id='word_1_66' title='bbox 841 635 934 673; x_wconf 86' lang='lat' dir='ltr'><strong>ergo</strong></span> <span class='ocrx_word' id='word_1_67' title='bbox 953 622 1204 662; x_wconf 88' lang='lat' dir='ltr'><strong>solummodo</strong></span> <span class='ocrx_word' id='word_1_68' title='bbox 1226 623 1452 676; x_wconf 84' lang='lat' dir='ltr'><strong>specialiter</strong></span> <span class='ocrx_word' id='word_1_69' title='bbox 1469 638 1565 677; x_wconf 85' lang='lat' dir='ltr'><strong>ope-</strong></span> 
     </span>
     <span class='ocr_line' id='line_1_9' title="bbox 27 679 1562 721; baseline 0.001 -2"><span class='ocrx_word' id='word_1_70' title='bbox 27 680 195 719; x_wconf 85' lang='lat' dir='ltr'><strong>rabatur</strong></span> <span class='ocrx_word' id='word_1_71' title='bbox 214 681 256 719; x_wconf 91' lang='lat' dir='ltr'><strong>in</strong></span> <span class='ocrx_word' id='word_1_72' title='bbox 288 680 447 719; x_wconf 83' lang='lat' dir='ltr'><strong>Christo</strong></span> <span class='ocrx_word' id='word_1_73' title='bbox 470 680 676 719; x_wconf 89' lang='lat' dir='ltr'><strong>divinitas:</strong></span> <span class='ocrx_word' id='word_1_74' title='bbox 705 693 845 719; x_wconf 83' lang='lat' dir='ltr'><strong>verum</strong></span> <span class='ocrx_word' id='word_1_75' title='bbox 876 680 958 719; x_wconf 85' lang='lat' dir='ltr'><strong>eius</strong></span> <span class='ocrx_word' id='word_1_76' title='bbox 980 679 1220 719; x_wconf 86' lang='lat' dir='ltr'><strong>humanitati</strong></span> <span class='ocrx_word' id='word_1_77' title='bbox 1238 694 1334 720; x_wconf 87' lang='lat' dir='ltr'><strong>vere</strong></span> <span class='ocrx_word' id='word_1_78' title='bbox 1350 683 1562 721; x_wconf 87' lang='lat' dir='ltr'><strong>coniuncta</strong></span> 
     </span>
     <span class='ocr_line' id='line_1_10' title="bbox 30 736 1561 790; baseline 0.001 -14"><span class='ocrx_word' id='word_1_79' title='bbox 30 744 138 788; x_wconf 88' lang='lat' dir='ltr'><strong>erat;</strong></span> <span class='ocrx_word' id='word_1_80' title='bbox 170 744 209 777; x_wconf 86' lang='lat' dir='ltr'><strong>et</strong></span> <span class='ocrx_word' id='word_1_81' title='bbox 227 737 306 777; x_wconf 88' lang='lat' dir='ltr'><strong>hoc</strong></span> <span class='ocrx_word' id='word_1_82' title='bbox 323 738 462 776; x_wconf 87' lang='lat' dir='ltr'><strong>iuvare</strong></span> <span class='ocrx_word' id='word_1_83' title='bbox 485 744 643 790; x_wconf 85' lang='lat' dir='ltr'><strong>potest,</strong></span> <span class='ocrx_word' id='word_1_84' title='bbox 673 744 720 776; x_wconf 89' lang='lat' dir='ltr'><strong>ut</strong></span> <span class='ocrx_word' id='word_1_85' title='bbox 751 736 972 778; x_wconf 85' lang='lat' dir='ltr'><strong>catholicae</strong></span> <span class='ocrx_word' id='word_1_86' title='bbox 991 737 1084 777; x_wconf 88' lang='lat' dir='ltr'><strong>fidei</strong></span> <span class='ocrx_word' id='word_1_87' title='bbox 1107 753 1130 776; x_wconf 89' lang='lat' dir='ltr'><strong>a</strong></span> <span class='ocrx_word' id='word_1_88' title='bbox 1150 738 1384 779; x_wconf 75' lang='lat' dir='ltr'><strong>Nestoi-iana</strong></span> <span class='ocrx_word' id='word_1_89' title='bbox 1403 737 1561 778; x_wconf 83' lang='lat' dir='ltr'><strong>haeresi</strong></span> 
     </span>
     <span class='ocr_line' id='line_1_11' title="bbox 30 795 827 847; baseline 0 -13"><span class='ocrx_word' id='word_1_90' title='bbox 30 795 243 834; x_wconf 80' lang='lat' dir='ltr'><strong>discrimen</strong></span> <span class='ocrx_word' id='word_1_91' title='bbox 260 795 527 847; x_wconf 83' lang='lat' dir='ltr'><strong>intelligatur.</strong></span> <span class='ocrx_word' id='word_1_92' title='bbox 587 808 827 834; x_wconf 73' lang='lat' dir='ltr'>CAPPERONN.</span> 
     </span>
    </p>

    <p class='ocr_par' dir='ltr' id='par_1_3' title="bbox 25 849 1561 1080">
     <span class='ocr_line' id='line_1_12' title="bbox 142 849 1561 907; baseline -0.001 -12"><span class='ocrx_word' id='word_1_93' title='bbox 142 851 240 907; x_wconf 79' lang='lat' dir='ltr'><strong>Pag.</strong></span> <span class='ocrx_word' id='word_1_94' title='bbox 275 852 406 903; x_wconf 80' lang='lat'><strong>1142,</strong></span> <span class='ocrx_word' id='word_1_95' title='bbox 440 856 503 896; x_wconf 90' lang='grc'><strong>18.</strong></span> <span class='ocrx_word' id='word_1_96' title='bbox 559 851 628 901; x_wconf 81' lang='grc' dir='ltr'><strong>Ὡς</strong></span> <span class='ocrx_word' id='word_1_97' title='bbox 644 855 721 894; x_wconf 79' lang='grc' dir='ltr'><strong>νῦν</strong></span> <span class='ocrx_word' id='word_1_98' title='bbox 736 851 804 906; x_wconf 82' lang='grc' dir='ltr'><strong>γε]</strong></span> <span class='ocrx_word' id='word_1_99' title='bbox 836 851 876 889; x_wconf 87' lang='lat' dir='ltr'><strong>Si</strong></span> <span class='ocrx_word' id='word_1_100' title='bbox 906 851 1014 903; x_wconf 87' lang='lat' dir='ltr'><strong>legas</strong></span> <span class='ocrx_word' id='word_1_101' title='bbox 1046 849 1092 900; x_wconf 78' lang='grc' dir='ltr'><strong>ὃς</strong></span> <span class='ocrx_word' id='word_1_102' title='bbox 1117 854 1196 894; x_wconf 77' lang='grc' dir='ltr'><strong>νῦν</strong></span> <span class='ocrx_word' id='word_1_103' title='bbox 1215 868 1283 907; x_wconf 75' lang='grc' dir='ltr'><strong>γε,</strong></span> <span class='ocrx_word' id='word_1_104' title='bbox 1314 853 1372 892; x_wconf 86' lang='lat' dir='ltr'><strong>sic</strong></span> <span class='ocrx_word' id='word_1_105' title='bbox 1392 859 1561 893; x_wconf 86' lang='lat' dir='ltr'><strong>verten-</strong></span> 
     </span>
     <span class='ocr_line' id='line_1_13' title="bbox 29 908 1561 964; baseline 0.001 -15"><span class='ocrx_word' id='word_1_106' title='bbox 29 910 126 950; x_wconf 78' lang='lat' dir='ltr'><strong>dum</strong></span> <span class='ocrx_word' id='word_1_107' title='bbox 146 911 245 950; x_wconf 87' lang='lat' dir='ltr'><strong>erit:</strong></span> <span class='ocrx_word' id='word_1_108' title='bbox 275 910 404 950; x_wconf 85' lang='lat' dir='ltr'><strong>Arius</strong></span> <span class='ocrx_word' id='word_1_109' title='bbox 432 920 468 949; x_wconf 79' lang='lat' dir='ltr'><strong>et</strong></span> <span class='ocrx_word' id='word_1_110' title='bbox 494 911 715 951; x_wconf 84' lang='lat' dir='ltr'><strong>Eunomius</strong></span> <span class='ocrx_word' id='word_1_111' title='bbox 730 908 969 964; x_wconf 75' lang='lat' dir='ltr'><strong>proferentes</strong></span> <span class='ocrx_word' id='word_1_112' title='bbox 997 908 1130 949; x_wconf 80' lang='lat' dir='ltr'><strong>eadem</strong></span> <span class='ocrx_word' id='word_1_113' title='bbox 1152 925 1240 950; x_wconf 86' lang='lat' dir='ltr'><strong>cum</strong></span> <span class='ocrx_word' id='word_1_114' title='bbox 1261 909 1462 963; x_wconf 82' lang='lat' dir='ltr'><strong>Palama‚·</strong></span> <span class='ocrx_word' id='word_1_115' title='bbox 1492 911 1561 964; x_wconf 75' lang='lat' dir='ltr'><strong>qui</strong></span> 
     </span>
     <span class='ocr_line' id='line_1_14' title="bbox 28 966 1558 1022; baseline 0.001 -16"><span class='ocrx_word' id='word_1_116' title='bbox 28 983 136 1007; x_wconf 82' lang='lat' dir='ltr'><strong>nunc</strong></span> <span class='ocrx_word' id='word_1_117' title='bbox 167 969 284 1007; x_wconf 79' lang='lat' dir='ltr'><strong>etiam</strong></span> <span class='ocrx_word' id='word_1_118' title='bbox 317 966 470 1007; x_wconf 82' lang='lat' dir='ltr'><strong>easdem</strong></span> <span class='ocrx_word' id='word_1_119' title='bbox 495 983 583 1007; x_wconf 84' lang='lat' dir='ltr'><strong>cum</strong></span> <span class='ocrx_word' id='word_1_120' title='bbox 602 968 699 1022; x_wconf 84' lang='lat' dir='ltr'><strong>ipsis</strong></span> <span class='ocrx_word' id='word_1_121' title='bbox 722 981 837 1008; x_wconf 84' lang='lat' dir='ltr'><strong>voces</strong></span> <span class='ocrx_word' id='word_1_122' title='bbox 857 967 1055 1019; x_wconf 75' lang='lat' dir='ltr'><strong>emittens,</strong></span> <span class='ocrx_word' id='word_1_123' title='bbox 1084 982 1165 1007; x_wconf 83' lang='lat' dir='ltr'><strong>una</strong></span> <span class='ocrx_word' id='word_1_124' title='bbox 1194 982 1282 1008; x_wconf 89' lang='lat' dir='ltr'><strong>cum</strong></span> <span class='ocrx_word' id='word_1_125' title='bbox 1310 968 1406 1022; x_wconf 83' lang='lat' dir='ltr'><strong>ipsis</strong></span> <span class='ocrx_word' id='word_1_126' title='bbox 1427 966 1558 1008; x_wconf 81' lang='lat' dir='ltr'><strong>eodem</strong></span> 
     </span>
     <span class='ocr_line' id='line_1_15' title="bbox 25 1023 708 1080; baseline 0.001 -17"><span class='ocrx_word' id='word_1_127' title='bbox 25 1023 170 1078; x_wconf 75' lang='lat' dir='ltr'><strong>gladio</strong></span> <span class='ocrx_word' id='word_1_128' title='bbox 189 1023 406 1080; x_wconf 78' lang='lat' dir='ltr'><strong>iugulatur.</strong></span> <span class='ocrx_word' id='word_1_129' title='bbox 463 1038 708 1065; x_wconf 64' lang='lat' dir='ltr'><strong>curnnoNN.</strong></span> 
     </span>
    </p>
   </div>
  </div>
 </body>
</html>
