1794 3172
236 123 338 176 '694
642 133 957 179 NICEPHORI
985 134 1309 180 GREGORAE

16 258 55 292 A.
73 258 117 290 Μ.
132 253 225 293 6352
238 236 390 302 σχέσεις
411 245 560 290 ἐκείνου
580 245 787 297 δείξαι-’τος
805 246 1150 306 Καντακουζηνῷ,
1189 244 1301 299 ἔδοξε
1321 246 1398 299 τὰς
1414 244 1610 298 τοιαύτας
1625 248 1714 291 ἐπι-

61 306 128 338 lnd.
146 305 190 339 1²
235 317 351 366 νοίας
372 315 527 374 ἑτέραις
546 316 912 373 κατασοφίσασθαι
933 315 1203 372 βαθυτέραις.
1227 315 1457 373 ,,χρῆματα
1475 318 1553 375 γὰρ
1573 317 1629 368 εἷς
1646 318 1714 360 δέ-

194 384 336 439 Εκα,”
357 388 473 443 φησὶ,
503 384 734 441 ,,χιλια’δων
752 385 930 428 ἐπέκεινα
953 384 1136 441 ἀριθμὸν
1159 384 1326 429 ἀνιόντα
1347 394 1434 437 τοῖς
1469 388 1713 440 Βυζαντίοις

234 453 521 508 ἐκδεδωκόσιν,
560 456 676 512 σφίσι
694 455 769 509 μὲν
796 455 916 510 ζημία
940 455 1108 510 μεγίστη
1127 456 1275 511 γίνεται
1306 458 1374 498 καὶ
1393 456 1588 499 ἀσθένεια
1609 456 1713 514 πρὸς

233 523 288 568 τὰ
308 522 507 579 πολεμικά
522 538 531 547 ·
555 522 653 579 ἡμῖν
676 524 720 566 δὲ
737 527 935 579 λαβοῦσιν
953 523 1069 579 ἴσχὺς
1089 526 1358 580 προστίθεται
1375 524 1490 581 μάλα
1512 528 1742 582 κρατίστη5

235 593 336 651 πρὸς
348 594 393 636 τὸ
414 598 486 648 τῆς
507 597 644 648 κοινῆς
663 595 838 649 ταυτησὶ
856 591 991 649 μάχης
1012 591 1280 639 κλυδώνιον,”
1316 593 1476 640 τούτων
1495 596 1634 638 τοίνυν
1659 598 1715 646 εἷς

236 667 360 706 τοῦτο
379 662 548 718 μελέτης
568 661 713 706 ἰόντων
744 665 812 706 καὶ
840 660 943 719 πρός
975 679 1019 719 γε
1048 661 1247 718 μειζόνων
1271 666 1334 708 ἐπὶ
1357 662 1522 716 τούτοις
1547 663 1711 721 ἑτέρων,

238 734 306 777 καὶ
330 731 419 788 ἅμα
438 732 764 790 προστιθεμένης
786 734 943 788 καὶτῆς
961 737 1035 775 τοῦ
1057 736 1267 790 Περσικοῦ
1288 736 1570 792 ταλαιπωρίας
1585 752 1715 791 στρα-

238 806 314 846 τοῦ
329 835 342 855 ,
379 800 501 845 ὃποία
522 804 588 845 καὶ
608 801 684 858 ὅση
707 800 914 858 διάγουσιν
935 803 976 844 ἐν
996 802 1194 863 ἀλλοτρία
1214 807 1263 861 γῇ
1273 837 1287 858 ,
1327 806 1394 847 καὶ
1410 805 1540 860 μηδὲν
1561 806 1618 854 εἷς
1639 804 1716 847 αὗ-

201 870 369 928 Ὲτάρκη
399 869 600 915 τοσούτου
633 875 814 928 στρατοῦ
845 872 1066 930 κεκτημένῃ
1091 874 1279 928 δίαιταν,
1319 873 1445 934 ᾤχετο
1477 874 1627 925 διαβὰς
1659 876 1715 924 εἷς
1729 885 1772 920 10

231 939 415 985 Ἀσίανὸ
441 939 655 999 σατράπης
678 941 832 998 Ἀμοὺρ
863 941 967 996 μετὰ
997 946 1072 997 τῆς
1106 940 1340 998 δυνάμεως,
1380 941 1718 1000 ἐπαγγειλάμενος

240 1011 362 1071 ὀλίγῳ
395 1010 565 1068 ὕστερον
598 1012 811 1069 ἐπίκουρος
838 1009 1101 1069 ἲσχυρότερος
1134 1014 1464 1072 Καντακουζηνῷ
1489 1011 1713 1069 ἐπανήξειν.

105 1085 230 1126 P.434
340 1077 396 1135 β’.
433 1081 558 1124 Κατὰ
589 1081 633 1123 δὲ
663 1085 810 1124 τοῦτον
841 1081 913 1124 τὸν
940 1080 1092 1139 χρόνον
1117 1082 1289 1133 ἐξαίσιοί
1313 1100 1417 1133 τινες
1438 1081 1717 1141 ἀνερῤώγεσαν

241 1151 348 1194 κατὰ
368 1151 597 1203 Βυζαντίου
618 1151 685 1192 καὶ
704 1154 787 1193 τῶν
810 1150 937 1193 αὐτοῦ
971 1153 1226 1209 προαστείων
1256 1155 1414 1209 σεισμοὶ
1444 1154 1511 1195 καὶ
1533 1154 1717 1209 βρασμοὶ

241 1218 478 1273 θαλάττιοι,
503 1221 570 1262 καὶ
592 1217 646 1270 ὥς
665 1221 708 1262 ἐκ
725 1218 978 1278 πετροβόλου
999 1226 1141 1277 θυμοῦ
1163 1221 1347 1280 πλήρους
1365 1222 1594 1282 ἐρρίφησαν
1611 1221 1718 1265 κατὰ
1730 1235 1774 1271 15

241 1294 326 1333 τῶν
348 1294 423 1346 τῆς
442 1293 516 1346 γῆς
540 1294 708 1346 καρπῶν
723 1288 898 1346 χάλαζαι
912 1304 921 1314 ·
960 1289 1015 1342 ὥς
1040 1293 1169 1335 ἐκεῖνα
1191 1297 1265 1349 τῆς
1291 1297 1455 1351 γραφῆς
1472 1299 1692 1348 συμπεσεῖν
1706 1305 1715 1316 ·

242 1357 487 1415 ψεύσασθαι
507 1358 623 1416 ἔργον
644 1361 806 1414 ἐλαίας,
845 1362 913 1403 καὶ
941 1361 994 1404 τὰ
1013 1363 1133 1405 πεδία
1154 1362 1213 1418 μὴ
1235 1367 1403 1420 ποιῆσαι
1424 1367 1581 1420 βρῶσιν
1595 1376 1605 1385 ·
1643 1379 1719 1405 συ-

242 1433 319 1485 κῆν
346 1446 390 1472 τε
417 1428 476 1484 μὴ
510 1434 826 1487 καρποφορῆσαι
856 1432 922 1473 καὶ
957 1430 1191 1488 γεννήματα
1226 1433 1268 1475 ἐν
1308 1440 1399 1483 ταῖς
1423 1433 1618 1488 ἇμπέλοις
1644 1431 1720 1475 οὐκ

243 1496 369 1541 εἶναι·
407 1499 577 1541 ἐκλιπεῖν
604 1517 647 1542 τε
667 1499 747 1543 ἀπὸ
777 1498 972 1558 βρώσεως
1004 1500 1197 1559 πρόβατα
1218 1504 1286 1545 καὶ
1314 1503 1372 1559 μὴ
1402 1500 1583 1560 ὑπάρξαι
1614 1499 1721 1557 βόας

203 1569 306 1611 Βέπὶ
333 1565 504 1626 φάτνας.
542 1567 754 1626 ἄρξασθαι
790 1571 930 1625 μέντοι
959 1572 1111 1628 συνέβη
1143 1572 1241 1622 τοὺς
1274 1570 1488 1622 τοιούτους
1527 1571 1777 1626 σεισμοὺς20

239 1639 308 1681 καὶ
328 1635 498 1688 κλόνους
516 1642 590 1694 τῆς
608 1643 682 1696 γῆς
701 1641 743 1682 ἐν
759 1640 872 1699 μέσῳ
894 1658 973 1684 που
991 1646 1049 1700 τῷ
1072 1632 1353 1702 φθινοπώρῳ,
1394 1641 1487 1700 ἄρτι
1508 1646 1582 1685 τοῦ
1602 1639 1720 1697 ἡλίου

242 1707 297 1750 τὰ
319 1712 394 1750 τοῦ
418 1709 616 1766 σκορπίου
641 1711 838 1767 προοίμια
858 1709 1234 1768 παραλλάττοντος.
1272 1715 1341 1756 καὶ
1360 1712 1435 1768 τὴν
1452 1712 1528 1766 μὲν
1552 1710 1720 1768 πρώτην

243 1774 401 1834 ἡμέραν
429 1779 491 1827 δὶς
517 1778 669 1831 ἐτίναξε
693 1779 767 1835 τὴν
789 1784 865 1837 γῆν
889 1778 910 1823 ὁ
932 1779 1055 1831 θεός·
1093 1780 1202 1826 οὕτω
1227 1800 1270 1839 γε
1293 1782 1376 1838 μὴν
1399 1783 1626 1839 ἐμβριθῶς,
1666 1778 1722 1830 ὥς

246 1846 479 1903 ἀπογνῶναι
510 1848 607 1899 τοὺς
639 1851 852 1901 πλείστους
874 1850 921 1893 τό
946 1852 1016 1909 ζῇν
1036 1849 1117 1894 ὑπὸ
1143 1852 1282 1903 δέους’
1321 1853 1452 1902 οῗκίας
1474 1868 1517 1895 τε
1538 1867 1721 1894 καταπε-

245 1955 330 2002 (V.)
355 1957 453 1998 Quas
471 1957 529 1993 ille
544 1958 808 2004 pollicitationes
827 1974 928 2008 quum
949 1962 1191 1998 Cantacuzeno
1209 1963 1417 2006 indicasset,
1443 1961 1575 2010 placuit
1594 1961 1724 1997 machi-

243 2003 416 2038 nationem
434 2004 525 2039 illam
543 2007 719 2041 occultiori
734 2010 982 2045 machinatione
1001 2010 1150 2045 eludere.
1198 2010 1399 2054 ‚‚Etenim‚''
1424 2010 1551 2055 inquit,
1574 2035 1597 2051 „
1609 2009 1638 2043 si
1652 2010 1726 2054 By-

244 2049 353 2083 zantii
373 2062 476 2096 supra
495 2052 610 2086 decem
631 2053 767 2089 millium
787 2068 945 2091 summam
967 2057 1239 2100 numeraverint,
1265 2059 1421 2092 damnum
1446 2057 1515 2091 erit
1534 2056 1618 2091 illud
1640 2055 1726 2101 ipsis

244 2096 435 2139 maximum,
460 2101 495 2132 et
509 2099 616 2133 minus
635 2101 740 2136 multo
759 2102 882 2137 virium
902 2104 947 2138 ad
965 2104 1088 2138 bellum
1107 2105 1291 2149 gerendum
1313 2103 1496 2150 supererit.
1533 2102 1646 2138 Nobis
1663 2114 1727 2137 au-

244 2147 312 2177 tem
324 2167 334 2184 ‚
360 2143 390 2177 si
409 2145 650 2189 acceperimus,
673 2147 767 2183 vires
784 2149 884 2195 longe
900 2151 1065 2185 maximae
1084 2152 1250 2186 accedent
1267 2151 1311 2186 ad
1328 2150 1560 2185 sustinendum
1578 2161 1728 2184 commu-

244 2189 299 2223 nis
314 2189 416 2224 huius
434 2190 515 2225 belli
534 2193 697 2227 aestum.’'
744 2195 785 2229 In
802 2197 891 2231 hanc
908 2197 960 2231 illi
981 2198 1222 2242 cogitationem
1240 2210 1316 2232 cum
1332 2198 1518 2239 venissent,
1543 2208 1583 2231 ac
1597 2196 1728 2230 maiora

247 2235 390 2281 insuper
416 2236 486 2271 alia
516 2244 754 2283 reputassent,
789 2244 1029 2278 accedentibus
1054 2245 1152 2279 simul
1177 2245 1311 2279 Persici
1341 2245 1514 2279 exercitus
1543 2243 1727 2283 aerumnis,

248 2283 368 2328 quales
393 2287 429 2317 et
448 2290 592 2329 quanta·
615 2286 642 2319 ii
661 2288 849 2332 patiuntur,
874 2290 933 2335 qui
958 2296 1100 2326 externo
1120 2292 1156 2325 in
1174 2291 1246 2325 solo
1266 2292 1419 2337 degunt3
1446 2291 1649 2336 praesertim
1667 2290 1728 2323 ubi

247 2328 332 2363 nihil
350 2329 455 2372 inest,
475 2343 542 2376 quo
562 2332 609 2365 ali
629 2333 738 2377 possit
752 2339 850 2370 tanta
865 2336 1063 2371 multitudo:
1082 2338 1168 2372 abiit
1185 2342 1327 2384 satrapa
1338 2338 1496 2373 Amurius
1516 2341 1551 2371 et
1563 2337 1600 2370 in
1613 2336 1729 2371 Asiam

248 2387 324 2410 cum
348 2375 466 2456 ⁰⁰pi=ifl
482 2377 623 2413 traiecit
634 2403 644 2421 ‚
668 2380 842 2425 pollicitus
861 2383 1101 2419 Cantacuzeno
1120 2385 1309 2420 rediturum
1327 2397 1366 2420 se
1385 2385 1484 2419 brevi
1501 2383 1730 2419 validioribus

247 2433 324 2456 cum
350 2434 428 2456 auxi
444 2435 497 2458 ns.

339 2470 373 2504 2.
398 2469 468 2504 Per
487 2470 575 2504 illud
597 2473 732 2517 tempus
762 2473 893 2510 sinistri
918 2477 1054 2522 quidam
1079 2480 1310 2524 proruperunt
1336 2477 1374 2511 in
1392 2476 1600 2522 Byzantium
1629 2479 1665 2511 et
1692 2476 1730 2510 in

248 2514 412 2560 Byzantii
442 2517 607 2552 suburbia
633 2523 749 2554 terrae
774 2526 882 2556 motus
914 2535 953 2557 ac
984 2524 1088 2558 maris
1120 2524 1381 2560 effervescentis
1409 2530 1544 2566 aestus,
1576 2523 1728 2568 ruitque,

244 2563 406 2607 tanquam
427 2575 470 2598 ex
491 2564 618 2598 balista
635 2565 898 2611 violentissima,
922 2571 1098 2614 grandinis
1118 2572 1226 2606 imber
1250 2572 1286 2605 in
1308 2571 1440 2605 fructus
1458 2575 1595 2612 terrae3
1620 2571 1670 2604 ita
1690 2575 1730 2604 ut

245 2608 331 2643 illud
353 2608 558 2655 scripturae
586 2616 669 2657 apte
694 2612 853 2648 caderet:
890 2617 1067 2652 mentitum
1093 2631 1170 2653 esse
1199 2629 1285 2664 opus
1319 2617 1454 2659 olivae,
1491 2622 1528 2651 et.
1550 2629 1635 2651 arva
1662 2628 1730 2650 non

244 2655 373 2690 fecisse
389 2668 513 2699 escam,
539 2657 642 2692 ficum
662 2669 729 2692 non
744 2660 902 2695 attulisse
922 2663 1082 2706 fructum,
1107 2670 1144 2699 et
1164 2676 1231 2700 non
1249 2664 1358 2698 fuisse
1372 2663 1527 2708 germina
1544 2663 1579 2697 in
1597 2663 1730 2698 vineis=

244 2701 419 2737 defecisse
437 2704 479 2738 ab
501 2716 579 2739 esca
596 2716 694 2747 oveS,
718 2710 754 2740 et
773 2717 839 2740 non
857 2707 967 2743 fuisse
988 2711 1094 2745 boves
1120 2712 1155 2746 in
1187 2711 1427 2757 praesepibus.
1477 2710 1645 2745 Accidere
1668 2721 1733 2744 au-

242 2752 313 2783 tem
336 2748 477 2794 primum
497 2750 548 2784 illi
571 2754 687 2788 terrae
710 2757 823 2787 motus
845 2759 880 2787 et
898 2754 978 2789 illae
996 2757 1204 2801 agitationes
1225 2762 1385 2792 autumno
1405 2758 1480 2791 fere
1501 2757 1631 2798 medio,
1656 2767 1733 2792 cum

243 2795 294 2829 sol
313 2794 415 2831 initia
427 2796 567 2843 Scorpii
586 2799 942 2844 praetergrederetur.
989 2805 1039 2837 Ac
1057 2805 1165 2848 primo
1186 2805 1324 2851 quidem
1347 2803 1404 2838 (lie
1422 2804 1476 2838 bis
1494 2804 1588 2838 Deus
1607 2809 1733 2838 terram

242 2840 413 2888 agitavit3
435 2843 543 2891 idque
558 2848 658 2880 tanta
675 2845 861 2891 violentia,
884 2851 923 2883 ut
947 2848 1102 2897 plerique
1119 2862 1204 2898 prae
1223 2857 1316 2887 metu
1335 2850 1478 2886 salutem
1493 2850 1733 2898 desperarent.
