<?xml version="1.0" encoding="UTF-8"?>
<!DOCTYPE html PUBLIC "-//W3C//DTD XHTML 1.0 Transitional//EN"
    "http://www.w3.org/TR/xhtml1/DTD/xhtml1-transitional.dtd">
<html xmlns="http://www.w3.org/1999/xhtml" xml:lang="en" lang="en">
 <head>
  <title>
</title>
<meta http-equiv="Content-Type" content="text/html;charset=utf-8" />
  <meta name='ocr-system' content='tesseract 3.04.00' />
  <meta name='ocr-capabilities' content='ocr_page ocr_carea ocr_par ocr_line ocrx_word'/>
</head>
<body>
  <div class='ocr_page' id='page_1' title='image "./corpusscriptorum39niebuoft_0794.png"; bbox 0 0 1754 3164; ppageno 0'>
   <div class='ocr_carea' id='block_1_1' title="bbox 185 132 317 185">
    <p class='ocr_par' dir='ltr' id='par_1_1' title="bbox 185 132 317 185">
     <span class='ocr_line' id='line_1_1' title="bbox 185 132 317 185; baseline 0.015 -3"><span class='ocrx_word' id='word_1_1' title='bbox 185 132 317 185; x_wconf 74' lang='lat'><strong>1352</strong></span> 
     </span>
    </p>
   </div>
   <div class='ocr_carea' id='block_1_2' title="bbox 226 249 938 382">
    <p class='ocr_par' dir='ltr' id='par_1_2' title="bbox 226 249 938 382">
     <span class='ocr_line' id='line_1_2' title="bbox 226 249 935 297; baseline 0.003 -13"><span class='ocrx_word' id='word_1_2' title='bbox 226 249 362 297; x_wconf 80' lang='lat' dir='ltr'><strong>fligitur</strong></span> <span class='ocrx_word' id='word_1_3' title='bbox 383 250 477 292; x_wconf 86' lang='lat'><strong>955,</strong></span> <span class='ocrx_word' id='word_1_4' title='bbox 511 250 545 285; x_wconf 89' lang='lat'><strong>2.</strong></span> <span class='ocrx_word' id='word_1_5' title='bbox 580 260 688 296; x_wconf 85' lang='lat' dir='ltr'><strong>aeger</strong></span> <span class='ocrx_word' id='word_1_6' title='bbox 721 253 758 285; x_wconf 90' lang='lat' dir='ltr'><strong>et</strong></span> <span class='ocrx_word' id='word_1_7' title='bbox 787 250 935 294; x_wconf 81' lang='lat' dir='ltr'><strong>ieiunus,</strong></span> 
     </span>
     <span class='ocr_line' id='line_1_3' title="bbox 227 297 936 343; baseline 0.004 -11"><span class='ocrx_word' id='word_1_8' title='bbox 227 297 427 343; x_wconf 85' lang='lat' dir='ltr'><strong>disputandi</strong></span> <span class='ocrx_word' id='word_1_9' title='bbox 451 308 572 331; x_wconf 85' lang='lat' dir='ltr'><strong>munus</strong></span> <span class='ocrx_word' id='word_1_10' title='bbox 595 297 699 332; x_wconf 87' lang='lat' dir='ltr'><strong>sociis</strong></span> <span class='ocrx_word' id='word_1_11' title='bbox 725 298 832 332; x_wconf 86' lang='lat' dir='ltr'><strong>tradit</strong></span> <span class='ocrx_word' id='word_1_12' title='bbox 854 301 936 342; x_wconf 88' lang='lat'><strong>975,</strong></span> 
     </span>
     <span class='ocr_line' id='line_1_4' title="bbox 227 343 938 382; baseline 0.001 -3"><span class='ocrx_word' id='word_1_13' title='bbox 227 348 261 382; x_wconf 85' lang='lat'><strong>6.</strong></span> <span class='ocrx_word' id='word_1_14' title='bbox 287 356 366 378; x_wconf 90' lang='lat' dir='ltr'><strong>sese</strong></span> <span class='ocrx_word' id='word_1_15' title='bbox 396 344 431 378; x_wconf 88' lang='lat' dir='ltr'><strong>in</strong></span> <span class='ocrx_word' id='word_1_16' title='bbox 462 343 620 379; x_wconf 85' lang='lat' dir='ltr'><strong>Concilio</strong></span> <span class='ocrx_word' id='word_1_17' title='bbox 652 345 779 379; x_wconf 88' lang='lat' dir='ltr'><strong>iterum</strong></span> <span class='ocrx_word' id='word_1_18' title='bbox 813 345 938 380; x_wconf 82' lang='lat' dir='ltr'><strong>sistere</strong></span> 
     </span>
    </p>
   </div>
   <div class='ocr_carea' id='block_1_3' title="bbox 226 389 986 433">
    <p class='ocr_par' dir='ltr' id='par_1_3' title="bbox 226 389 986 433">
     <span class='ocr_line' id='line_1_5' title="bbox 226 389 986 433; baseline 0 -6"><span class='ocrx_word' id='word_1_19' title='bbox 226 395 366 427; x_wconf 85' lang='lat' dir='ltr'>recusat</span> <span class='ocrx_word' id='word_1_20' title='bbox 389 391 470 433; x_wconf 88' lang='lat'><strong>985,</strong></span> <span class='ocrx_word' id='word_1_21' title='bbox 497 394 553 428; x_wconf 91' lang='lat'><strong>10.</strong></span> <span class='ocrx_word' id='word_1_22' title='bbox 578 391 692 426; x_wconf 81' lang='lat' dir='ltr'><strong>socios</strong></span> <span class='ocrx_word' id='word_1_23' title='bbox 715 391 877 427; x_wconf 82' lang='lat' dir='ltr'><strong>hortatur</strong></span> <span class='ocrx_word' id='word_1_24' title='bbox 893 392 937 427; x_wconf 92' lang='lat' dir='ltr'><strong>ad</strong></span> <span class='ocrx_word' id='word_1_25' title='bbox 981 389 986 394; x_wconf 82' lang='grc'><strong>’</strong></span> 
     </span>
    </p>
   </div>
   <div class='ocr_carea' id='block_1_4' title="bbox 223 437 939 2880">
    <p class='ocr_par' dir='ltr' id='par_1_4' title="bbox 223 437 939 2880">
     <span class='ocr_line' id='line_1_6' title="bbox 226 437 937 482; baseline 0.003 -9"><span class='ocrx_word' id='word_1_26' title='bbox 226 438 409 473; x_wconf 81' lang='lat' dir='ltr'><strong>veritatem</strong></span> <span class='ocrx_word' id='word_1_27' title='bbox 432 437 573 473; x_wconf 86' lang='lat' dir='ltr'><strong>fortiter</strong></span> <span class='ocrx_word' id='word_1_28' title='bbox 593 438 839 473; x_wconf 82' lang='lat' dir='ltr'><strong>defendendam</strong></span> <span class='ocrx_word' id='word_1_29' title='bbox 855 440 937 482; x_wconf 87' lang='lat'><strong>985,</strong></span> 
     </span>
     <span class='ocr_line' id='line_1_7' title="bbox 227 484 938 532; baseline 0.003 -14"><span class='ocrx_word' id='word_1_30' title='bbox 227 486 285 522; x_wconf 84' lang='lat'><strong>16.</strong></span> <span class='ocrx_word' id='word_1_31' title='bbox 309 484 384 527; x_wconf 86' lang='lat' dir='ltr'><strong>illi,</strong></span> <span class='ocrx_word' id='word_1_32' title='bbox 426 488 466 519; x_wconf 89' lang='lat' dir='ltr'><strong>ut</strong></span> <span class='ocrx_word' id='word_1_33' title='bbox 500 497 614 519; x_wconf 89' lang='lat' dir='ltr'><strong>secum</strong></span> <span class='ocrx_word' id='word_1_34' title='bbox 647 485 787 528; x_wconf 77' lang='lat' dir='ltr'><strong>veniat,</strong></span> <span class='ocrx_word' id='word_1_35' title='bbox 831 498 938 532; x_wconf 84' lang='lat' dir='ltr'><strong>aegre</strong></span> 
     </span>
     <span class='ocr_line' id='line_1_8' title="bbox 226 532 938 578; baseline 0.001 -12"><span class='ocrx_word' id='word_1_36' title='bbox 226 533 366 567; x_wconf 86' lang='lat' dir='ltr'><strong>tandem</strong></span> <span class='ocrx_word' id='word_1_37' title='bbox 389 532 601 578; x_wconf 84' lang='lat' dir='ltr'><strong>persuadent</strong></span> <span class='ocrx_word' id='word_1_38' title='bbox 625 534 713 576; x_wconf 78' lang='lat'><strong>986,</strong></span> <span class='ocrx_word' id='word_1_39' title='bbox 739 535 773 570; x_wconf 90' lang='lat'><strong>9.</strong></span> <span class='ocrx_word' id='word_1_40' title='bbox 805 534 848 568; x_wconf 85' lang='lat' dir='ltr'><strong>ab</strong></span> <span class='ocrx_word' id='word_1_41' title='bbox 872 535 938 568; x_wconf 85' lang='lat' dir='ltr'><strong>im-</strong></span> 
     </span>
     <span class='ocr_line' id='line_1_9' title="bbox 226 580 939 627; baseline 0.003 -14"><span class='ocrx_word' id='word_1_42' title='bbox 226 583 390 627; x_wconf 75' lang='lat' dir='ltr'><strong>peratore</strong></span> <span class='ocrx_word' id='word_1_43' title='bbox 411 590 565 614; x_wconf 82' lang='lat' dir='ltr'><strong>seorsum</strong></span> <span class='ocrx_word' id='word_1_44' title='bbox 583 580 763 622; x_wconf 88' lang='lat' dir='ltr'><strong>seductus,</strong></span> <span class='ocrx_word' id='word_1_45' title='bbox 790 580 939 625; x_wconf 86' lang='lat' dir='ltr'><strong>promis-</strong></span> 
     </span>
     <span class='ocr_line' id='line_1_10' title="bbox 225 625 937 670; baseline 0.006 -10"><span class='ocrx_word' id='word_1_46' title='bbox 225 626 275 660; x_wconf 85' lang='lat' dir='ltr'><strong>sis</strong></span> <span class='ocrx_word' id='word_1_47' title='bbox 309 632 347 661; x_wconf 90' lang='lat' dir='ltr'><strong>et</strong></span> <span class='ocrx_word' id='word_1_48' title='bbox 384 625 462 660; x_wconf 85' lang='lat' dir='ltr'><strong>aliis</strong></span> <span class='ocrx_word' id='word_1_49' title='bbox 494 627 628 660; x_wconf 85' lang='lat' dir='ltr'><strong>artibus</strong></span> <span class='ocrx_word' id='word_1_50' title='bbox 662 631 820 661; x_wconf 87' lang='lat' dir='ltr'><strong>tentatur</strong></span> <span class='ocrx_word' id='word_1_51' title='bbox 854 630 937 670; x_wconf 87' lang='grc'>986,</span> 
     </span>
     <span class='ocr_line' id='line_1_11' title="bbox 226 672 937 718; baseline -0.001 -8"><span class='ocrx_word' id='word_1_52' title='bbox 226 675 284 710; x_wconf 90' lang='grc'><strong>16.</strong></span> <span class='ocrx_word' id='word_1_53' title='bbox 309 672 352 708; x_wconf 91' lang='lat' dir='ltr'><strong>ad</strong></span> <span class='ocrx_word' id='word_1_54' title='bbox 377 672 622 708; x_wconf 79' lang='lat' dir='ltr'><strong>Palamitarum</strong></span> <span class='ocrx_word' id='word_1_55' title='bbox 647 678 850 718; x_wconf 84' lang='lat' dir='ltr'><strong>argumenta</strong></span> <span class='ocrx_word' id='word_1_56' title='bbox 878 687 937 709; x_wconf 88' lang='lat' dir='ltr'><strong>re·-</strong></span> 
     </span>
     <span class='ocr_line' id='line_1_12' title="bbox 225 719 938 766; baseline 0.004 -12"><span class='ocrx_word' id='word_1_57' title='bbox 225 719 373 766; x_wconf 87' lang='lat' dir='ltr'><strong>spondet</strong></span> <span class='ocrx_word' id='word_1_58' title='bbox 396 721 490 762; x_wconf 89' lang='grc'><em>987,</em></span> <span class='ocrx_word' id='word_1_59' title='bbox 515 721 572 757; x_wconf 86' lang='grc'><strong>21.</strong></span> <span class='ocrx_word' id='word_1_60' title='bbox 599 732 673 755; x_wconf 91' lang='lat' dir='ltr'><strong>cum</strong></span> <span class='ocrx_word' id='word_1_61' title='bbox 699 721 803 756; x_wconf 82' lang='lat' dir='ltr'><strong>sociis</strong></span> <span class='ocrx_word' id='word_1_62' title='bbox 826 721 938 757; x_wconf 87' lang='lat' dir='ltr'><strong>intro-</strong></span> 
     </span>
     <span class='ocr_line' id='line_1_13' title="bbox 225 767 937 813; baseline 0.001 -11"><span class='ocrx_word' id='word_1_63' title='bbox 225 772 374 802; x_wconf 82' lang='lat' dir='ltr'><strong>vocatur</strong></span> <span class='ocrx_word' id='word_1_64' title='bbox 398 768 478 808; x_wconf 90' lang='lat'><strong>992,</strong></span> <span class='ocrx_word' id='word_1_65' title='bbox 504 769 537 803; x_wconf 89' lang='lat'><strong>8.</strong></span> <span class='ocrx_word' id='word_1_66' title='bbox 559 767 721 813; x_wconf 85' lang='lat' dir='ltr'><strong>discipuli</strong></span> <span class='ocrx_word' id='word_1_67' title='bbox 744 767 937 803; x_wconf 87' lang='lat' dir='ltr'><strong>timidiores</strong></span> 
     </span>
     <span class='ocr_line' id='line_1_14' title="bbox 226 813 936 858; baseline 0.003 -10"><span class='ocrx_word' id='word_1_68' title='bbox 226 826 303 849; x_wconf 90' lang='lat' dir='ltr'><strong>eum</strong></span> <span class='ocrx_word' id='word_1_69' title='bbox 327 813 513 856; x_wconf 82' lang='lat' dir='ltr'><strong>deserunt3</strong></span> <span class='ocrx_word' id='word_1_70' title='bbox 548 814 607 848; x_wconf 85' lang='lat' dir='ltr'><strong>alii</strong></span> <span class='ocrx_word' id='word_1_71' title='bbox 641 815 743 849; x_wconf 87' lang='lat' dir='ltr'><strong>silent</strong></span> <span class='ocrx_word' id='word_1_72' title='bbox 764 814 846 858; x_wconf 88' lang='grc'>994,</span> <span class='ocrx_word' id='word_1_73' title='bbox 880 817 936 851; x_wconf 88' lang='lat'><strong>16.</strong></span> 
     </span>
     <span class='ocr_line' id='line_1_15' title="bbox 226 861 938 908; baseline 0.003 -13"><span class='ocrx_word' id='word_1_74' title='bbox 226 861 445 896; x_wconf 80' lang='lat' dir='ltr'><strong>secedentem</strong></span> <span class='ocrx_word' id='word_1_75' title='bbox 482 861 668 896; x_wconf 83' lang='lat' dir='ltr'><strong>orthodoxi</strong></span> <span class='ocrx_word' id='word_1_76' title='bbox 697 862 853 908; x_wconf 83' lang='lat' dir='ltr'><strong>episcopi</strong></span> <span class='ocrx_word' id='word_1_77' title='bbox 879 875 938 897; x_wconf 89' lang='lat' dir='ltr'><strong>se-</strong></span> 
     </span>
     <span class='ocr_line' id='line_1_16' title="bbox 225 908 937 955; baseline 0.003 -13"><span class='ocrx_word' id='word_1_78' title='bbox 225 914 401 954; x_wconf 89' lang='lat' dir='ltr'><strong>quuntur;</strong></span> <span class='ocrx_word' id='word_1_79' title='bbox 444 920 531 954; x_wconf 91' lang='lat' dir='ltr'><strong>quos</strong></span> <span class='ocrx_word' id='word_1_80' title='bbox 563 908 752 955; x_wconf 89' lang='lat' dir='ltr'><strong>imperator</strong></span> <span class='ocrx_word' id='word_1_81' title='bbox 792 910 937 955; x_wconf 87' lang='lat' dir='ltr'><strong>primum</strong></span> 
     </span>
     <span class='ocr_line' id='line_1_17' title="bbox 225 955 937 998; baseline 0.003 -9"><span class='ocrx_word' id='word_1_82' title='bbox 225 955 323 989; x_wconf 81' lang='lat' dir='ltr'><strong>exire</strong></span> <span class='ocrx_word' id='word_1_83' title='bbox 346 958 467 998; x_wconf 79' lang='lat' dir='ltr'><strong>vetat3</strong></span> <span class='ocrx_word' id='word_1_84' title='bbox 498 955 642 998; x_wconf 87' lang='lat' dir='ltr'><strong>deinde,</strong></span> <span class='ocrx_word' id='word_1_85' title='bbox 675 956 840 991; x_wconf 82' lang='lat' dir='ltr'><strong>suadente</strong></span> <span class='ocrx_word' id='word_1_86' title='bbox 864 956 937 991; x_wconf 91' lang='lat' dir='ltr'><strong>Pa-</strong></span> 
     </span>
     <span class='ocr_line' id='line_1_18' title="bbox 225 1002 936 1048; baseline 0 -11"><span class='ocrx_word' id='word_1_87' title='bbox 225 1003 337 1044; x_wconf 83' lang='lat' dir='ltr'><strong>lama,</strong></span> <span class='ocrx_word' id='word_1_88' title='bbox 374 1002 471 1037; x_wconf 89' lang='lat' dir='ltr'><strong>abire</strong></span> <span class='ocrx_word' id='word_1_89' title='bbox 499 1002 634 1048; x_wconf 87' lang='lat' dir='ltr'><strong>patitur</strong></span> <span class='ocrx_word' id='word_1_90' title='bbox 657 1004 747 1046; x_wconf 89' lang='lat'><strong>995,</strong></span> <span class='ocrx_word' id='word_1_91' title='bbox 773 1005 805 1039; x_wconf 87' lang='lat'><strong>7.</strong></span> <span class='ocrx_word' id='word_1_92' title='bbox 832 1015 936 1038; x_wconf 88' lang='lat' dir='ltr'><strong>unum</strong></span> 
     </span>
     <span class='ocr_line' id='line_1_19' title="bbox 225 1048 937 1097; baseline 0 -13"><span class='ocrx_word' id='word_1_93' title='bbox 225 1061 270 1084; x_wconf 85' lang='lat' dir='ltr'><strong>ex</strong></span> <span class='ocrx_word' id='word_1_94' title='bbox 293 1048 474 1094; x_wconf 81' lang='lat' dir='ltr'><strong>discipulis</strong></span> <span class='ocrx_word' id='word_1_95' title='bbox 499 1049 684 1097; x_wconf 85' lang='lat' dir='ltr'><strong>producit,</strong></span> <span class='ocrx_word' id='word_1_96' title='bbox 715 1050 779 1095; x_wconf 88' lang='lat' dir='ltr'><strong>-qui</strong></span> <span class='ocrx_word' id='word_1_97' title='bbox 817 1051 937 1096; x_wconf 91' lang='lat' dir='ltr'><strong>dispu-</strong></span> 
     </span>
     <span class='ocr_line' id='line_1_20' title="bbox 225 1096 936 1142; baseline 0.003 -12"><span class='ocrx_word' id='word_1_98' title='bbox 225 1096 326 1131; x_wconf 80' lang='lat' dir='ltr'><strong>tandi</strong></span> <span class='ocrx_word' id='word_1_99' title='bbox 368 1108 487 1131; x_wconf 89' lang='lat' dir='ltr'><strong>munus</strong></span> <span class='ocrx_word' id='word_1_100' title='bbox 530 1097 683 1142; x_wconf 85' lang='lat' dir='ltr'><strong>excipiat</strong></span> <span class='ocrx_word' id='word_1_101' title='bbox 726 1098 834 1140; x_wconf 87' lang='lat'><strong>1001,</strong></span> <span class='ocrx_word' id='word_1_102' title='bbox 879 1096 936 1134; x_wconf 82' lang='lat'><strong>14.</strong></span> 
     </span>
     <span class='ocr_line' id='line_1_21' title="bbox 225 1143 937 1189; baseline 0.003 -12"><span class='ocrx_word' id='word_1_103' title='bbox 225 1149 327 1178; x_wconf 87' lang='lat' dir='ltr'><strong>caute</strong></span> <span class='ocrx_word' id='word_1_104' title='bbox 359 1143 512 1178; x_wconf 90' lang='lat' dir='ltr'><strong>occurrit</strong></span> <span class='ocrx_word' id='word_1_105' title='bbox 543 1144 764 1189; x_wconf 85' lang='lat' dir='ltr'><strong>imperatoris</strong></span> <span class='ocrx_word' id='word_1_106' title='bbox 794 1145 937 1179; x_wconf 88' lang='lat' dir='ltr'><strong>iracun-</strong></span> 
     </span>
     <span class='ocr_line' id='line_1_22' title="bbox 225 1189 937 1232; baseline 0.003 -8"><span class='ocrx_word' id='word_1_107' title='bbox 225 1190 307 1225; x_wconf 85' lang='lat' dir='ltr'><strong>diae</strong></span> <span class='ocrx_word' id='word_1_108' title='bbox 332 1191 444 1232; x_wconf 88' lang='lat'><strong>1003,</strong></span> <span class='ocrx_word' id='word_1_109' title='bbox 469 1192 526 1226; x_wconf 91' lang='lat'><strong>23.</strong></span> <span class='ocrx_word' id='word_1_110' title='bbox 565 1189 731 1225; x_wconf 84' lang='lat' dir='ltr'><strong>fusiorem</strong></span> <span class='ocrx_word' id='word_1_111' title='bbox 762 1192 937 1226; x_wconf 87' lang='lat' dir='ltr'><strong>narratio-</strong></span> 
     </span>
     <span class='ocr_line' id='line_1_23' title="bbox 225 1238 936 1284; baseline 0.001 -13"><span class='ocrx_word' id='word_1_112' title='bbox 225 1249 301 1271; x_wconf 90' lang='lat' dir='ltr'><strong>nem</strong></span> <span class='ocrx_word' id='word_1_113' title='bbox 331 1242 367 1271; x_wconf 84' lang='lat' dir='ltr'><strong>et</strong></span> <span class='ocrx_word' id='word_1_114' title='bbox 391 1241 575 1272; x_wconf 86' lang='lat' dir='ltr'><strong>accuratas</strong></span> <span class='ocrx_word' id='word_1_115' title='bbox 599 1238 826 1272; x_wconf 83' lang='lat' dir='ltr'><strong>refutationes</strong></span> <span class='ocrx_word' id='word_1_116' title='bbox 852 1250 936 1284; x_wconf 92' lang='lat' dir='ltr'><strong>pro-</strong></span> 
     </span>
     <span class='ocr_line' id='line_1_24' title="bbox 227 1283 937 1331; baseline -0.001 -12"><span class='ocrx_word' id='word_1_117' title='bbox 227 1283 335 1319; x_wconf 87' lang='lat' dir='ltr'><strong>mittit</strong></span> <span class='ocrx_word' id='word_1_118' title='bbox 360 1286 462 1325; x_wconf 88' lang='grc'>1007,</span> <span class='ocrx_word' id='word_1_119' title='bbox 487 1283 521 1319; x_wconf 97' lang='grc'><strong>4.</strong></span> <span class='ocrx_word' id='word_1_120' title='bbox 547 1284 619 1319; x_wconf 88' lang='lat' dir='ltr'><strong>eius</strong></span> <span class='ocrx_word' id='word_1_121' title='bbox 644 1284 826 1331; x_wconf 86' lang='lat' dir='ltr'><strong>discipulis</strong></span> <span class='ocrx_word' id='word_1_122' title='bbox 851 1284 937 1330; x_wconf 89' lang='lat' dir='ltr'><strong>quid</strong></span> 
     </span>
     <span class='ocr_line' id='line_1_25' title="bbox 226 1330 936 1373; baseline -0.001 -7"><span class='ocrx_word' id='word_1_123' title='bbox 226 1330 396 1366; x_wconf 81' lang='lat' dir='ltr'><strong>acciderit</strong></span> <span class='ocrx_word' id='word_1_124' title='bbox 428 1333 540 1373; x_wconf 88' lang='lat'><strong>1012,</strong></span> <span class='ocrx_word' id='word_1_125' title='bbox 584 1333 615 1367; x_wconf 94' lang='grc'><strong>6.</strong></span> <span class='ocrx_word' id='word_1_126' title='bbox 651 1335 691 1365; x_wconf 90' lang='lat' dir='ltr'><strong>ut</strong></span> <span class='ocrx_word' id='word_1_127' title='bbox 723 1344 743 1366; x_wconf 84' lang='lat' dir='ltr'><strong>e</strong></span> <span class='ocrx_word' id='word_1_128' title='bbox 778 1331 936 1367; x_wconf 84' lang='lat' dir='ltr'><strong>Concilio</strong></span> 
     </span>
     <span class='ocr_line' id='line_1_26' title="bbox 223 1378 936 1424; baseline 0.004 -13"><span class='ocrx_word' id='word_1_129' title='bbox 223 1378 304 1424; x_wconf 87' lang='lat' dir='ltr'><strong>ipse</strong></span> <span class='ocrx_word' id='word_1_130' title='bbox 329 1378 485 1412; x_wconf 86' lang='lat' dir='ltr'><strong>dimissus</strong></span> <span class='ocrx_word' id='word_1_131' title='bbox 518 1378 564 1412; x_wconf 91' lang='lat' dir='ltr'><strong>sit</strong></span> <span class='ocrx_word' id='word_1_132' title='bbox 588 1379 699 1420; x_wconf 87' lang='lat'><strong>1012,</strong></span> <span class='ocrx_word' id='word_1_133' title='bbox 734 1380 793 1415; x_wconf 85' lang='lat'><strong>23.</strong></span> <span class='ocrx_word' id='word_1_134' title='bbox 835 1379 936 1414; x_wconf 90' lang='lat' dir='ltr'><strong>domo</strong></span> 
     </span>
     <span class='ocr_line' id='line_1_27' title="bbox 224 1424 937 1471; baseline 0 -12"><span class='ocrx_word' id='word_1_135' title='bbox 224 1424 435 1459; x_wconf 79' lang='lat' dir='ltr'><strong>includitur:</strong></span> <span class='ocrx_word' id='word_1_136' title='bbox 470 1424 640 1459; x_wconf 81' lang='lat' dir='ltr'><strong>silentium</strong></span> <span class='ocrx_word' id='word_1_137' title='bbox 674 1425 707 1459; x_wconf 88' lang='lat' dir='ltr'><strong>ei</strong></span> <span class='ocrx_word' id='word_1_138' title='bbox 732 1431 937 1471; x_wconf 85' lang='lat' dir='ltr'><strong>perpetuum</strong></span> 
     </span>
     <span class='ocr_line' id='line_1_28' title="bbox 223 1470 938 1513; baseline 0.001 -7"><span class='ocrx_word' id='word_1_139' title='bbox 223 1471 390 1506; x_wconf 86' lang='lat' dir='ltr'><strong>indicitur</strong></span> <span class='ocrx_word' id='word_1_140' title='bbox 415 1473 517 1513; x_wconf 87' lang='lat'><strong>1013,</strong></span> <span class='ocrx_word' id='word_1_141' title='bbox 530 1470 563 1507; x_wconf 85' lang='lat'><strong>4.</strong></span> <span class='ocrx_word' id='word_1_142' title='bbox 588 1471 786 1507; x_wconf 88' lang='lat' dir='ltr'><strong>consolatur</strong></span> <span class='ocrx_word' id='word_1_143' title='bbox 807 1484 845 1507; x_wconf 89' lang='lat' dir='ltr'><strong>se</strong></span> <span class='ocrx_word' id='word_1_144' title='bbox 866 1484 938 1507; x_wconf 87' lang='lat' dir='ltr'><strong>me-</strong></span> 
     </span>
     <span class='ocr_line' id='line_1_29' title="bbox 224 1517 936 1565; baseline 0 -12"><span class='ocrx_word' id='word_1_145' title='bbox 224 1517 321 1553; x_wconf 88' lang='lat' dir='ltr'><strong>lioris</strong></span> <span class='ocrx_word' id='word_1_146' title='bbox 332 1518 492 1553; x_wconf 84' lang='lat' dir='ltr'><strong>fortunae</strong></span> <span class='ocrx_word' id='word_1_147' title='bbox 511 1530 574 1565; x_wconf 89' lang='lat' dir='ltr'><strong>spe</strong></span> <span class='ocrx_word' id='word_1_148' title='bbox 584 1520 686 1562; x_wconf 88' lang='lat'><strong>1013,</strong></span> <span class='ocrx_word' id='word_1_149' title='bbox 699 1521 755 1554; x_wconf 93' lang='lat'><strong>20.</strong></span> <span class='ocrx_word' id='word_1_150' title='bbox 770 1530 844 1553; x_wconf 90' lang='lat' dir='ltr'><strong>cum</strong></span> <span class='ocrx_word' id='word_1_151' title='bbox 857 1519 936 1554; x_wconf 91' lang='lat' dir='ltr'><strong>illu-</strong></span> 
     </span>
     <span class='ocr_line' id='line_1_30' title="bbox 223 1565 936 1601; baseline -0.001 0"><span class='ocrx_word' id='word_1_152' title='bbox 223 1565 347 1601; x_wconf 84' lang='lat' dir='ltr'><strong>strium</strong></span> <span class='ocrx_word' id='word_1_153' title='bbox 357 1565 563 1601; x_wconf 90' lang='lat' dir='ltr'><strong>Sanctorum</strong></span> <span class='ocrx_word' id='word_1_154' title='bbox 575 1565 712 1601; x_wconf 79' lang='lat' dir='ltr'><strong>casibus</strong></span> <span class='ocrx_word' id='word_1_155' title='bbox 729 1577 822 1600; x_wconf 89' lang='lat' dir='ltr'><strong>suam</strong></span> <span class='ocrx_word' id='word_1_156' title='bbox 842 1566 936 1600; x_wconf 83' lang='lat' dir='ltr'><strong>cala-</strong></span> 
     </span>
     <span class='ocr_line' id='line_1_31' title="bbox 224 1612 936 1658; baseline 0 -11"><span class='ocrx_word' id='word_1_157' title='bbox 224 1613 379 1647; x_wconf 85' lang='lat' dir='ltr'><strong>mitatem</strong></span> <span class='ocrx_word' id='word_1_158' title='bbox 401 1617 578 1658; x_wconf 82' lang='lat' dir='ltr'><strong>comparat</strong></span> <span class='ocrx_word' id='word_1_159' title='bbox 591 1614 692 1655; x_wconf 87' lang='lat'><strong>1015,</strong></span> <span class='ocrx_word' id='word_1_160' title='bbox 708 1615 742 1650; x_wconf 88' lang='grc'><strong>3.</strong></span> <span class='ocrx_word' id='word_1_161' title='bbox 766 1613 802 1647; x_wconf 90' lang='lat' dir='ltr'><strong>S.</strong></span> <span class='ocrx_word' id='word_1_162' title='bbox 814 1612 936 1648; x_wconf 89' lang='lat' dir='ltr'><strong>Basilii</strong></span> 
     </span>
     <span class='ocr_line' id='line_1_32' title="bbox 224 1659 936 1706; baseline 0.001 -12"><span class='ocrx_word' id='word_1_163' title='bbox 224 1661 333 1695; x_wconf 87' lang='lat' dir='ltr'><strong>verba</strong></span> <span class='ocrx_word' id='word_1_164' title='bbox 346 1659 391 1693; x_wconf 88' lang='lat' dir='ltr'><strong>ad</strong></span> <span class='ocrx_word' id='word_1_165' title='bbox 411 1671 575 1706; x_wconf 86' lang='lat' dir='ltr'><strong>praesens</strong></span> <span class='ocrx_word' id='word_1_166' title='bbox 594 1664 728 1706; x_wconf 88' lang='lat' dir='ltr'><strong>tempus</strong></span> <span class='ocrx_word' id='word_1_167' title='bbox 747 1672 936 1695; x_wconf 84' lang='lat' dir='ltr'><strong>accommo-</strong></span> 
     </span>
     <span class='ocr_line' id='line_1_33' title="bbox 225 1705 936 1749; baseline 0.003 -9"><span class='ocrx_word' id='word_1_168' title='bbox 225 1707 288 1741; x_wconf 88' lang='lat' dir='ltr'><strong>dat</strong></span> <span class='ocrx_word' id='word_1_169' title='bbox 314 1708 416 1749; x_wconf 88' lang='lat'><strong>1015,</strong></span> <span class='ocrx_word' id='word_1_170' title='bbox 444 1705 498 1742; x_wconf 89' lang='grc'><strong>14.</strong></span> <span class='ocrx_word' id='word_1_171' title='bbox 529 1706 597 1741; x_wconf 87' lang='lat' dir='ltr'><strong>alia</strong></span> <span class='ocrx_word' id='word_1_172' title='bbox 620 1707 687 1742; x_wconf 88' lang='lat' dir='ltr'><strong>SS.</strong></span> <span class='ocrx_word' id='word_1_173' title='bbox 712 1707 855 1742; x_wconf 87' lang='lat' dir='ltr'><strong>Patrum</strong></span> <span class='ocrx_word' id='word_1_174' title='bbox 881 1707 936 1742; x_wconf 87' lang='lat' dir='ltr'><strong>di-</strong></span> 
     </span>
     <span class='ocr_line' id='line_1_34' title="bbox 225 1754 937 1801; baseline 0.001 -13"><span class='ocrx_word' id='word_1_175' title='bbox 225 1759 284 1788; x_wconf 88' lang='lat' dir='ltr'><strong>cta</strong></span> <span class='ocrx_word' id='word_1_176' title='bbox 301 1754 557 1788; x_wconf 89' lang='lat' dir='ltr'><strong>subiuncturum</strong></span> <span class='ocrx_word' id='word_1_177' title='bbox 572 1766 611 1788; x_wconf 91' lang='lat' dir='ltr'><strong>se</strong></span> <span class='ocrx_word' id='word_1_178' title='bbox 627 1754 823 1801; x_wconf 84' lang='lat' dir='ltr'><strong>promittit3</strong></span> <span class='ocrx_word' id='word_1_179' title='bbox 847 1766 937 1800; x_wconf 85' lang='lat' dir='ltr'><strong>quae</strong></span> 
     </span>
     <span class='ocr_line' id='line_1_35' title="bbox 224 1801 939 1846; baseline -0.001 -10"><span class='ocrx_word' id='word_1_180' title='bbox 224 1804 340 1836; x_wconf 85' lang='lat' dir='ltr'><strong>tamen</strong></span> <span class='ocrx_word' id='word_1_181' title='bbox 363 1801 456 1835; x_wconf 88' lang='lat' dir='ltr'><strong>haud</strong></span> <span class='ocrx_word' id='word_1_182' title='bbox 479 1801 614 1846; x_wconf 83' lang='lat' dir='ltr'><strong>profert</strong></span> <span class='ocrx_word' id='word_1_183' title='bbox 638 1803 740 1844; x_wconf 89' lang='lat'><strong>1020,</strong></span> <span class='ocrx_word' id='word_1_184' title='bbox 759 1803 814 1837; x_wconf 75' lang='lat'><strong>12.</strong></span> <span class='ocrx_word' id='word_1_185' title='bbox 837 1801 939 1836; x_wconf 86' lang='lat' dir='ltr'><strong>multi</strong></span> 
     </span>
     <span class='ocr_line' id='line_1_36' title="bbox 224 1847 936 1891; baseline 0.006 -10"><span class='ocrx_word' id='word_1_186' title='bbox 224 1859 269 1882; x_wconf 86' lang='lat' dir='ltr'><strong>ex</strong></span> <span class='ocrx_word' id='word_1_187' title='bbox 301 1847 419 1882; x_wconf 86' lang='lat' dir='ltr'><strong>amicis</strong></span> <span class='ocrx_word' id='word_1_188' title='bbox 451 1847 543 1882; x_wconf 90' lang='lat' dir='ltr'><strong>illum</strong></span> <span class='ocrx_word' id='word_1_189' title='bbox 575 1847 742 1883; x_wconf 87' lang='lat' dir='ltr'><strong>deserunt</strong></span> <span class='ocrx_word' id='word_1_190' title='bbox 774 1849 875 1891; x_wconf 87' lang='lat'><strong>1025,</strong></span> <span class='ocrx_word' id='word_1_191' title='bbox 903 1851 936 1885; x_wconf 88' lang='lat'><strong>1.</strong></span> 
     </span>
     <span class='ocr_line' id='line_1_37' title="bbox 225 1894 937 1940; baseline 0.001 -11"><span class='ocrx_word' id='word_1_192' title='bbox 225 1899 332 1940; x_wconf 84' lang='lat' dir='ltr'><strong>atque</strong></span> <span class='ocrx_word' id='word_1_193' title='bbox 366 1894 469 1929; x_wconf 87' lang='lat' dir='ltr'><strong>etiam</strong></span> <span class='ocrx_word' id='word_1_194' title='bbox 512 1894 711 1930; x_wconf 82' lang='lat' dir='ltr'><strong>Cabasilas=</strong></span> <span class='ocrx_word' id='word_1_195' title='bbox 753 1895 937 1940; x_wconf 86' lang='lat' dir='ltr'><strong>Gregoras</strong></span> 
     </span>
     <span class='ocr_line' id='line_1_38' title="bbox 226 1941 936 1988; baseline 0.003 -13"><span class='ocrx_word' id='word_1_196' title='bbox 226 1948 353 1976; x_wconf 85' lang='lat' dir='ltr'><strong>sortem</strong></span> <span class='ocrx_word' id='word_1_197' title='bbox 377 1953 475 1976; x_wconf 87' lang='lat' dir='ltr'><strong>suam</strong></span> <span class='ocrx_word' id='word_1_198' title='bbox 498 1941 658 1988; x_wconf 85' lang='lat' dir='ltr'><strong>deplorat</strong></span> <span class='ocrx_word' id='word_1_199' title='bbox 684 1943 788 1985; x_wconf 87' lang='lat'><strong>1025,</strong></span> <span class='ocrx_word' id='word_1_200' title='bbox 815 1946 869 1978; x_wconf 85' lang='lat'><strong>14.</strong></span> <span class='ocrx_word' id='word_1_201' title='bbox 891 1943 936 1977; x_wconf 87' lang='lat' dir='ltr'><strong>ab</strong></span> 
     </span>
     <span class='ocr_line' id='line_1_39' title="bbox 224 1988 936 2024; baseline 0.003 -2"><span class='ocrx_word' id='word_1_202' title='bbox 224 1988 444 2023; x_wconf 80' lang='lat' dir='ltr'><strong>internuntiis</strong></span> <span class='ocrx_word' id='word_1_203' title='bbox 477 1989 523 2023; x_wconf 85' lang='lat' dir='ltr'><strong>ad</strong></span> <span class='ocrx_word' id='word_1_204' title='bbox 554 2000 591 2023; x_wconf 88' lang='lat' dir='ltr'><strong>se</strong></span> <span class='ocrx_word' id='word_1_205' title='bbox 620 1988 733 2024; x_wconf 82' lang='lat' dir='ltr'><strong>missis</strong></span> <span class='ocrx_word' id='word_1_206' title='bbox 757 2001 848 2024; x_wconf 83' lang='lat' dir='ltr'><strong>nova</strong></span> <span class='ocrx_word' id='word_1_207' title='bbox 873 1988 936 2024; x_wconf 91' lang='lat' dir='ltr'><strong>de-</strong></span> 
     </span>
     <span class='ocr_line' id='line_1_40' title="bbox 225 2035 936 2081; baseline -0.001 -11"><span class='ocrx_word' id='word_1_208' title='bbox 225 2040 324 2070; x_wconf 86' lang='lat' dir='ltr'><strong>creta</strong></span> <span class='ocrx_word' id='word_1_209' title='bbox 363 2041 399 2070; x_wconf 87' lang='lat' dir='ltr'><strong>et</strong></span> <span class='ocrx_word' id='word_1_210' title='bbox 431 2036 593 2070; x_wconf 88' lang='lat' dir='ltr'><strong>Palamae</strong></span> <span class='ocrx_word' id='word_1_211' title='bbox 632 2036 783 2071; x_wconf 89' lang='lat' dir='ltr'><strong>libellum</strong></span> <span class='ocrx_word' id='word_1_212' title='bbox 825 2035 936 2081; x_wconf 81' lang='lat' dir='ltr'><strong>exigit</strong></span> 
     </span>
     <span class='ocr_line' id='line_1_41' title="bbox 228 2082 935 2125; baseline 0.001 -8"><span class='ocrx_word' id='word_1_213' title='bbox 228 2083 341 2122; x_wconf 86' lang='grc'>1038,</span> <span class='ocrx_word' id='word_1_214' title='bbox 376 2082 432 2119; x_wconf 90' lang='grc'><strong>14.</strong></span> <span class='ocrx_word' id='word_1_215' title='bbox 458 2084 568 2125; x_wconf 88' lang='lat'><strong>1039,</strong></span> <span class='ocrx_word' id='word_1_216' title='bbox 593 2084 652 2118; x_wconf 92' lang='grc'><strong>20.</strong></span> <span class='ocrx_word' id='word_1_217' title='bbox 688 2083 732 2118; x_wconf 89' lang='lat' dir='ltr'><strong>de</strong></span> <span class='ocrx_word' id='word_1_218' title='bbox 756 2082 935 2118; x_wconf 79' lang='lat' dir='ltr'><strong>custodum</strong></span> 
     </span>
     <span class='ocr_line' id='line_1_42' title="bbox 225 2129 936 2175; baseline 0.003 -12"><span class='ocrx_word' id='word_1_219' title='bbox 225 2129 466 2164; x_wconf 85' lang='lat' dir='ltr'><strong>monachorum</strong></span> <span class='ocrx_word' id='word_1_220' title='bbox 490 2129 637 2164; x_wconf 89' lang='lat' dir='ltr'><strong>saevitia</strong></span> <span class='ocrx_word' id='word_1_221' title='bbox 661 2130 834 2175; x_wconf 79' lang='lat' dir='ltr'><strong>queritur:</strong></span> <span class='ocrx_word' id='word_1_222' title='bbox 871 2142 936 2165; x_wconf 84' lang='lat' dir='ltr'><strong>sua</strong></span> 
     </span>
     <span class='ocr_line' id='line_1_43' title="bbox 224 2175 937 2212; baseline 0.004 -3"><span class='ocrx_word' id='word_1_223' title='bbox 224 2175 261 2209; x_wconf 84' lang='lat' dir='ltr'><strong>in</strong></span> <span class='ocrx_word' id='word_1_224' title='bbox 285 2187 346 2210; x_wconf 91' lang='lat' dir='ltr'><strong>eos</strong></span> <span class='ocrx_word' id='word_1_225' title='bbox 369 2180 405 2210; x_wconf 88' lang='lat' dir='ltr'><strong>et</strong></span> <span class='ocrx_word' id='word_1_226' title='bbox 428 2177 568 2211; x_wconf 90' lang='lat' dir='ltr'><strong>Chorae</strong></span> <span class='ocrx_word' id='word_1_227' title='bbox 594 2177 835 2212; x_wconf 83' lang='lat' dir='ltr'><strong>monasterium</strong></span> <span class='ocrx_word' id='word_1_228' title='bbox 867 2189 937 2212; x_wconf 91' lang='lat' dir='ltr'><strong>me-</strong></span> 
     </span>
     <span class='ocr_line' id='line_1_44' title="bbox 229 2221 934 2266; baseline 0.004 -10"><span class='ocrx_word' id='word_1_229' title='bbox 229 2221 301 2257; x_wconf 85' lang='lat' dir='ltr'><strong>rita</strong></span> <span class='ocrx_word' id='word_1_230' title='bbox 323 2228 566 2258; x_wconf 83' lang='lat' dir='ltr'><strong>commemorat</strong></span> <span class='ocrx_word' id='word_1_231' title='bbox 589 2222 700 2266; x_wconf 84' lang='lat'><strong>1044,</strong></span> <span class='ocrx_word' id='word_1_232' title='bbox 727 2226 782 2260; x_wconf 91' lang='lat'><strong>19.</strong></span> <span class='ocrx_word' id='word_1_233' title='bbox 804 2236 825 2259; x_wconf 90' lang='lat' dir='ltr'><strong>a</strong></span> <span class='ocrx_word' id='word_1_234' title='bbox 849 2224 934 2259; x_wconf 85' lang='lat' dir='ltr'><strong>Cal-</strong></span> 
     </span>
     <span class='ocr_line' id='line_1_45' title="bbox 225 2268 936 2317; baseline 0.004 -14"><span class='ocrx_word' id='word_1_235' title='bbox 225 2268 307 2304; x_wconf 80' lang='lat' dir='ltr'><strong>listo</strong></span> <span class='ocrx_word' id='word_1_236' title='bbox 317 2269 515 2315; x_wconf 87' lang='lat' dir='ltr'><strong>patriarcha</strong></span> <span class='ocrx_word' id='word_1_237' title='bbox 527 2270 827 2314; x_wconf 86' lang='lat' dir='ltr'><strong>commonefactus,</strong></span> <span class='ocrx_word' id='word_1_238' title='bbox 852 2282 936 2317; x_wconf 88' lang='lat' dir='ltr'><strong>per-</strong></span> 
     </span>
     <span class='ocr_line' id='line_1_46' title="bbox 225 2316 935 2363; baseline 0.004 -12"><span class='ocrx_word' id='word_1_239' title='bbox 225 2319 298 2352; x_wconf 82' lang='lat' dir='ltr'><strong>stat</strong></span> <span class='ocrx_word' id='word_1_240' title='bbox 321 2316 358 2351; x_wconf 89' lang='lat' dir='ltr'><strong>in</strong></span> <span class='ocrx_word' id='word_1_241' title='bbox 381 2316 582 2363; x_wconf 85' lang='lat' dir='ltr'><strong>proposito:</strong></span> <span class='ocrx_word' id='word_1_242' title='bbox 606 2317 650 2351; x_wconf 93' lang='lat' dir='ltr'><strong>D.</strong></span> <span class='ocrx_word' id='word_1_243' title='bbox 679 2317 801 2353; x_wconf 85' lang='lat' dir='ltr'><strong>Basilii</strong></span> <span class='ocrx_word' id='word_1_244' title='bbox 824 2319 935 2354; x_wconf 81' lang='lat' dir='ltr'><strong>verba</strong></span> 
     </span>
     <span class='ocr_line' id='line_1_47' title="bbox 226 2362 932 2408; baseline 0.007 -11"><span class='ocrx_word' id='word_1_245' title='bbox 226 2363 353 2398; x_wconf 89' lang='lat' dir='ltr'><strong>iterum</strong></span> <span class='ocrx_word' id='word_1_246' title='bbox 377 2362 444 2398; x_wconf 84' lang='lat' dir='ltr'><strong>sibi</strong></span> <span class='ocrx_word' id='word_1_247' title='bbox 474 2363 708 2398; x_wconf 86' lang='lat' dir='ltr'><strong>accommodat</strong></span> <span class='ocrx_word' id='word_1_248' title='bbox 733 2363 838 2408; x_wconf 87' lang='grc'>1048,</span> <span class='ocrx_word' id='word_1_249' title='bbox 874 2367 932 2402; x_wconf 89' lang='grc'>15.</span> 
     </span>
     <span class='ocr_line' id='line_1_48' title="bbox 226 2409 933 2456; baseline 0.001 -11"><span class='ocrx_word' id='word_1_250' title='bbox 226 2412 381 2445; x_wconf 87' lang='lat' dir='ltr'><strong>tentatur</strong></span> <span class='ocrx_word' id='word_1_251' title='bbox 412 2422 434 2445; x_wconf 87' lang='lat' dir='ltr'><strong>a</strong></span> <span class='ocrx_word' id='word_1_252' title='bbox 467 2409 635 2456; x_wconf 90' lang='lat' dir='ltr'><strong>discipulo</strong></span> <span class='ocrx_word' id='word_1_253' title='bbox 672 2415 708 2445; x_wconf 91' lang='lat' dir='ltr'><strong>et</strong></span> <span class='ocrx_word' id='word_1_254' title='bbox 751 2412 795 2446; x_wconf 84' lang='lat' dir='ltr'><strong>ab</strong></span> <span class='ocrx_word' id='word_1_255' title='bbox 837 2411 933 2455; x_wconf 80' lang='lat' dir='ltr'><strong>aliis3</strong></span> 
     </span>
     <span class='ocr_line' id='line_1_49' title="bbox 224 2457 934 2499; baseline 0.003 -8"><span class='ocrx_word' id='word_1_256' title='bbox 224 2458 290 2492; x_wconf 80' lang='lat' dir='ltr'><strong>sed</strong></span> <span class='ocrx_word' id='word_1_257' title='bbox 313 2458 448 2492; x_wconf 84' lang='lat' dir='ltr'><strong>frustra</strong></span> <span class='ocrx_word' id='word_1_258' title='bbox 473 2457 575 2499; x_wconf 88' lang='grc'>1049,</span> <span class='ocrx_word' id='word_1_259' title='bbox 599 2459 633 2493; x_wconf 88' lang='grc'><strong>7.</strong></span> <span class='ocrx_word' id='word_1_260' title='bbox 658 2457 789 2493; x_wconf 84' lang='lat' dir='ltr'><strong>duriori</strong></span> <span class='ocrx_word' id='word_1_261' title='bbox 813 2463 934 2493; x_wconf 90' lang='lat' dir='ltr'><strong>custo-</strong></span> 
     </span>
     <span class='ocr_line' id='line_1_50' title="bbox 226 2503 934 2549; baseline 0.004 -11"><span class='ocrx_word' id='word_1_262' title='bbox 226 2503 286 2538; x_wconf 88' lang='lat' dir='ltr'><strong>dia</strong></span> <span class='ocrx_word' id='word_1_263' title='bbox 310 2504 476 2549; x_wconf 86' lang='lat' dir='ltr'><strong>premitur</strong></span> <span class='ocrx_word' id='word_1_264' title='bbox 501 2504 611 2547; x_wconf 85' lang='lat'><strong>1049,</strong></span> <span class='ocrx_word' id='word_1_265' title='bbox 634 2506 692 2539; x_wconf 87' lang='lat'><strong>21.</strong></span> <span class='ocrx_word' id='word_1_266' title='bbox 724 2516 745 2539; x_wconf 87' lang='lat' dir='ltr'><strong>a</strong></span> <span class='ocrx_word' id='word_1_267' title='bbox 769 2505 934 2541; x_wconf 88' lang='lat' dir='ltr'><strong>Cabasila</strong></span> 
     </span>
     <span class='ocr_line' id='line_1_51' title="bbox 228 2551 934 2594; baseline 0.006 -9"><span class='ocrx_word' id='word_1_268' title='bbox 228 2551 433 2586; x_wconf 85' lang='lat' dir='ltr'><strong>convenitur</strong></span> <span class='ocrx_word' id='word_1_269' title='bbox 457 2554 570 2594; x_wconf 88' lang='lat'><strong>1050,</strong></span> <span class='ocrx_word' id='word_1_270' title='bbox 605 2553 661 2588; x_wconf 77' lang='lat'><strong>13.</strong></span> <span class='ocrx_word' id='word_1_271' title='bbox 694 2562 780 2586; x_wconf 83' lang='lat' dir='ltr'><strong>unus</strong></span> <span class='ocrx_word' id='word_1_272' title='bbox 812 2558 934 2587; x_wconf 84' lang='lat' dir='ltr'><strong>contra</strong></span> 
     </span>
     <span class='ocr_line' id='line_1_52' title="bbox 227 2597 935 2646; baseline 0.004 -15"><span class='ocrx_word' id='word_1_273' title='bbox 227 2597 315 2633; x_wconf 90' lang='lat' dir='ltr'><strong>duos</strong></span> <span class='ocrx_word' id='word_1_274' title='bbox 341 2599 443 2641; x_wconf 90' lang='lat'><strong>1058,</strong></span> <span class='ocrx_word' id='word_1_275' title='bbox 469 2600 524 2634; x_wconf 92' lang='lat'><strong>11.</strong></span> <span class='ocrx_word' id='word_1_276' title='bbox 550 2597 595 2632; x_wconf 87' lang='lat' dir='ltr'><strong>ad</strong></span> <span class='ocrx_word' id='word_1_277' title='bbox 621 2602 853 2642; x_wconf 85' lang='lat' dir='ltr'><strong>argumentum</strong></span> <span class='ocrx_word' id='word_1_278' title='bbox 872 2611 935 2646; x_wconf 85' lang='lat' dir='ltr'><strong>pe-</strong></span> 
     </span>
     <span class='ocr_line' id='line_1_53' title="bbox 227 2644 934 2681; baseline 0.003 -2"><span class='ocrx_word' id='word_1_279' title='bbox 227 2644 326 2679; x_wconf 85' lang='lat' dir='ltr'><strong>titum</strong></span> <span class='ocrx_word' id='word_1_280' title='bbox 351 2656 395 2679; x_wconf 89' lang='lat' dir='ltr'><strong>ex</strong></span> <span class='ocrx_word' id='word_1_281' title='bbox 426 2644 621 2680; x_wconf 82' lang='lat' dir='ltr'><strong>substantia</strong></span> <span class='ocrx_word' id='word_1_282' title='bbox 644 2649 680 2679; x_wconf 86' lang='lat' dir='ltr'><strong>et</strong></span> <span class='ocrx_word' id='word_1_283' title='bbox 712 2645 844 2680; x_wconf 86' lang='lat' dir='ltr'><strong>virtute</strong></span> <span class='ocrx_word' id='word_1_284' title='bbox 875 2659 934 2681; x_wconf 80' lang='lat' dir='ltr'><strong>so-</strong></span> 
     </span>
     <span class='ocr_line' id='line_1_54' title="bbox 228 2690 935 2737; baseline 0.003 -12"><span class='ocrx_word' id='word_1_285' title='bbox 228 2690 272 2725; x_wconf 84' lang='lat' dir='ltr'><strong>lis</strong></span> <span class='ocrx_word' id='word_1_286' title='bbox 294 2692 493 2737; x_wconf 75' lang='lat' dir='ltr'><strong>respondet</strong></span> <span class='ocrx_word' id='word_1_287' title='bbox 508 2694 610 2734; x_wconf 88' lang='lat'><strong>1060,</strong></span> <span class='ocrx_word' id='word_1_288' title='bbox 632 2692 666 2727; x_wconf 88' lang='lat'><strong>2.</strong></span> <span class='ocrx_word' id='word_1_289' title='bbox 690 2691 821 2737; x_wconf 83' lang='lat' dir='ltr'><strong>gaudet</strong></span> <span class='ocrx_word' id='word_1_290' title='bbox 838 2693 935 2728; x_wconf 88' lang='lat' dir='ltr'><strong>obla-</strong></span> 
     </span>
     <span class='ocr_line' id='line_1_55' title="bbox 227 2738 935 2775; baseline 0.004 -3"><span class='ocrx_word' id='word_1_291' title='bbox 227 2742 298 2772; x_wconf 90' lang='lat' dir='ltr'><strong>tam</strong></span> <span class='ocrx_word' id='word_1_292' title='bbox 321 2738 387 2773; x_wconf 83' lang='lat' dir='ltr'><strong>sibi</strong></span> <span class='ocrx_word' id='word_1_293' title='bbox 420 2750 442 2772; x_wconf 89' lang='lat' dir='ltr'><strong>a</strong></span> <span class='ocrx_word' id='word_1_294' title='bbox 465 2738 630 2774; x_wconf 77' lang='lat' dir='ltr'><strong>Cabasila</strong></span> <span class='ocrx_word' id='word_1_295' title='bbox 652 2739 851 2773; x_wconf 85' lang='lat' dir='ltr'><strong>facultatem</strong></span> <span class='ocrx_word' id='word_1_296' title='bbox 877 2751 935 2775; x_wconf 88' lang='lat' dir='ltr'><strong>ar—</strong></span> 
     </span>
     <span class='ocr_line' id='line_1_56' title="bbox 227 2784 934 2832; baseline 0.001 -13"><span class='ocrx_word' id='word_1_297' title='bbox 227 2784 450 2829; x_wconf 84' lang='lat' dir='ltr'><strong>gumentandi</strong></span> <span class='ocrx_word' id='word_1_298' title='bbox 470 2810 474 2815; x_wconf 88' lang='lat'>-</span> <span class='ocrx_word' id='word_1_299' title='bbox 491 2797 555 2820; x_wconf 87' lang='lat' dir='ltr'><strong>ex.</strong></span> <span class='ocrx_word' id='word_1_300' title='bbox 574 2785 752 2831; x_wconf 84' lang='lat' dir='ltr'><strong>gentilium</strong></span> <span class='ocrx_word' id='word_1_301' title='bbox 792 2786 934 2832; x_wconf 84' lang='lat' dir='ltr'><strong>scriptis</strong></span> 
     </span>
     <span class='ocr_line' id='line_1_57' title="bbox 228 2831 933 2880; baseline 0.003 -14"><span class='ocrx_word' id='word_1_302' title='bbox 228 2831 338 2878; x_wconf 88' lang='lat'><strong>1075,</strong></span> <span class='ocrx_word' id='word_1_303' title='bbox 362 2833 397 2870; x_wconf 88' lang='lat'><strong>7.</strong></span> <span class='ocrx_word' id='word_1_304' title='bbox 429 2832 465 2867; x_wconf 87' lang='lat' dir='ltr'><strong>in</strong></span> <span class='ocrx_word' id='word_1_305' title='bbox 488 2833 708 2880; x_wconf 80' lang='lat' dir='ltr'><strong>profanorum</strong></span> <span class='ocrx_word' id='word_1_306' title='bbox 731 2831 829 2868; x_wconf 80' lang='lat' dir='ltr'><strong>fibris</strong></span> <span class='ocrx_word' id='word_1_307' title='bbox 852 2844 933 2868; x_wconf 86' lang='lat' dir='ltr'><strong>ver·</strong></span> 
     </span>
    </p>
   </div>
   <div class='ocr_carea' id='block_1_5' title="bbox 749 146 1149 199">
    <p class='ocr_par' dir='ltr' id='par_1_5' title="bbox 749 146 1149 199">
     <span class='ocr_line' id='line_1_58' title="bbox 749 146 1149 199; baseline 0.008 -13"><span class='ocrx_word' id='word_1_308' title='bbox 749 146 914 188; x_wconf 73' lang='lat' dir='ltr'><strong>muax</strong></span> <span class='ocrx_word' id='word_1_309' title='bbox 944 149 1149 199; x_wconf 75' lang='lat' dir='ltr'><strong>RERUM,</strong></span> 
     </span>
    </p>
   </div>
   <div class='ocr_carea' id='block_1_6' title="bbox 1028 251 1747 1048">
    <p class='ocr_par' dir='ltr' id='par_1_6' title="bbox 1028 251 1747 1048">
     <span class='ocr_line' id='line_1_59' title="bbox 1032 251 1746 294; baseline 0.008 -9"><span class='ocrx_word' id='word_1_310' title='bbox 1032 255 1152 294; x_wconf 81' lang='lat' dir='ltr'><strong>satus3</strong></span> <span class='ocrx_word' id='word_1_311' title='bbox 1178 251 1326 287; x_wconf 83' lang='lat' dir='ltr'><strong>libenter</strong></span> <span class='ocrx_word' id='word_1_312' title='bbox 1348 251 1392 287; x_wconf 82' lang='lat' dir='ltr'><strong>iis</strong></span> <span class='ocrx_word' id='word_1_313' title='bbox 1417 252 1521 289; x_wconf 84' lang='lat' dir='ltr'><strong>armis</strong></span> <span class='ocrx_word' id='word_1_314' title='bbox 1544 255 1746 291; x_wconf 83' lang='lat' dir='ltr'><strong>contraPa-</strong></span> 
     </span>
     <span class='ocr_line' id='line_1_60' title="bbox 1031 298 1745 348; baseline 0.006 -16"><span class='ocrx_word' id='word_1_315' title='bbox 1031 298 1168 333; x_wconf 89' lang='lat' dir='ltr'><strong>lamitas</strong></span> <span class='ocrx_word' id='word_1_316' title='bbox 1200 299 1309 333; x_wconf 90' lang='lat' dir='ltr'><strong>utitur</strong></span> <span class='ocrx_word' id='word_1_317' title='bbox 1346 301 1458 344; x_wconf 84' lang='lat'><strong>1083,</strong></span> <span class='ocrx_word' id='word_1_318' title='bbox 1495 303 1529 339; x_wconf 86' lang='grc'><strong>1.</strong></span> <span class='ocrx_word' id='word_1_319' title='bbox 1567 307 1676 348; x_wconf 84' lang='lat' dir='ltr'><strong>atque</strong></span> <span class='ocrx_word' id='word_1_320' title='bbox 1708 301 1745 336; x_wconf 84' lang='lat' dir='ltr'><strong>id</strong></span> 
     </span>
     <span class='ocr_line' id='line_1_61' title="bbox 1030 344 1745 393; baseline 0.01 -15"><span class='ocrx_word' id='word_1_321' title='bbox 1030 344 1156 379; x_wconf 89' lang='lat' dir='ltr'><strong>Iustini</strong></span> <span class='ocrx_word' id='word_1_322' title='bbox 1180 345 1346 392; x_wconf 88' lang='lat' dir='ltr'><strong>martyris</strong></span> <span class='ocrx_word' id='word_1_323' title='bbox 1367 347 1523 393; x_wconf 88' lang='lat' dir='ltr'><strong>exemplo</strong></span> <span class='ocrx_word' id='word_1_324' title='bbox 1542 348 1628 383; x_wconf 85' lang='lat' dir='ltr'><strong>facit</strong></span> <span class='ocrx_word' id='word_1_325' title='bbox 1642 350 1745 391; x_wconf 87' lang='lat'><strong>1086,</strong></span> 
     </span>
     <span class='ocr_line' id='line_1_62' title="bbox 1031 393 1746 430; baseline 0.004 -3"><span class='ocrx_word' id='word_1_326' title='bbox 1031 393 1089 428; x_wconf 82' lang='lat'><strong>19.</strong></span> <span class='ocrx_word' id='word_1_327' title='bbox 1116 393 1324 428; x_wconf 86' lang='lat' dir='ltr'><strong>Sanctorum</strong></span> <span class='ocrx_word' id='word_1_328' title='bbox 1349 393 1446 428; x_wconf 87' lang='lat' dir='ltr'><strong>libris</strong></span> <span class='ocrx_word' id='word_1_329' title='bbox 1471 394 1673 430; x_wconf 85' lang='lat' dir='ltr'><strong>destitutum</strong></span> <span class='ocrx_word' id='word_1_330' title='bbox 1707 408 1746 430; x_wconf 88' lang='lat' dir='ltr'><strong>se</strong></span> 
     </span>
     <span class='ocr_line' id='line_1_63' title="bbox 1031 439 1746 488; baseline 0.006 -16"><span class='ocrx_word' id='word_1_331' title='bbox 1031 439 1145 473; x_wconf 87' lang='lat' dir='ltr'><strong>innuit</strong></span> <span class='ocrx_word' id='word_1_332' title='bbox 1171 442 1284 482; x_wconf 83' lang='grc'>1089,</span> <span class='ocrx_word' id='word_1_333' title='bbox 1322 443 1375 477; x_wconf 91' lang='grc'><strong>19.</strong></span> <span class='ocrx_word' id='word_1_334' title='bbox 1415 439 1553 476; x_wconf 87' lang='lat' dir='ltr'><strong>iubetur</strong></span> <span class='ocrx_word' id='word_1_335' title='bbox 1575 441 1652 488; x_wconf 86' lang='lat' dir='ltr'><strong>ipsa</strong></span> <span class='ocrx_word' id='word_1_336' title='bbox 1675 442 1746 476; x_wconf 86' lang='lat' dir='ltr'><strong>Pa-</strong></span> 
     </span>
     <span class='ocr_line' id='line_1_64' title="bbox 1033 486 1746 531; baseline 0.007 -12"><span class='ocrx_word' id='word_1_337' title='bbox 1033 490 1123 520; x_wconf 88' lang='lat' dir='ltr'><strong>trum</strong></span> <span class='ocrx_word' id='word_1_338' title='bbox 1147 486 1345 521; x_wconf 86' lang='lat' dir='ltr'><strong>testimonia</strong></span> <span class='ocrx_word' id='word_1_339' title='bbox 1369 487 1534 522; x_wconf 85' lang='lat' dir='ltr'><strong>exhibere</strong></span> <span class='ocrx_word' id='word_1_340' title='bbox 1563 491 1666 531; x_wconf 80' lang='lat'><strong>1094,</strong></span> <span class='ocrx_word' id='word_1_341' title='bbox 1690 490 1746 524; x_wconf 87' lang='lat'><strong>15.</strong></span> 
     </span>
     <span class='ocr_line' id='line_1_65' title="bbox 1032 532 1746 579; baseline 0.004 -13"><span class='ocrx_word' id='word_1_342' title='bbox 1032 532 1133 579; x_wconf 88' lang='lat' dir='ltr'><strong>plura</strong></span> <span class='ocrx_word' id='word_1_343' title='bbox 1165 544 1310 567; x_wconf 87' lang='lat' dir='ltr'><strong>narrare</strong></span> <span class='ocrx_word' id='word_1_344' title='bbox 1343 534 1468 579; x_wconf 88' lang='lat' dir='ltr'><strong>capitis</strong></span> <span class='ocrx_word' id='word_1_345' title='bbox 1501 534 1639 570; x_wconf 89' lang='lat' dir='ltr'><strong>dolores</strong></span> <span class='ocrx_word' id='word_1_346' title='bbox 1679 547 1746 569; x_wconf 91' lang='lat' dir='ltr'><strong>non</strong></span> 
     </span>
     <span class='ocr_line' id='line_1_66' title="bbox 1031 579 1747 628; baseline 0.004 -15"><span class='ocrx_word' id='word_1_347' title='bbox 1031 579 1170 614; x_wconf 80' lang='lat' dir='ltr'><strong>sinunt:</strong></span> <span class='ocrx_word' id='word_1_348' title='bbox 1213 580 1330 615; x_wconf 86' lang='lat' dir='ltr'><strong>amicis</strong></span> <span class='ocrx_word' id='word_1_349' title='bbox 1380 581 1585 626; x_wconf 77' lang='lat' dir='ltr'><strong>rogantibus</strong></span> <span class='ocrx_word' id='word_1_350' title='bbox 1628 582 1747 628; x_wconf 84' lang='lat' dir='ltr'><strong>pergit</strong></span> 
     </span>
     <span class='ocr_line' id='line_1_67' title="bbox 1033 627 1746 673; baseline 0.003 -12"><span class='ocrx_word' id='word_1_351' title='bbox 1033 629 1137 668; x_wconf 86' lang='lat'><strong>1112,</strong></span> <span class='ocrx_word' id='word_1_352' title='bbox 1166 629 1197 662; x_wconf 89' lang='lat'><strong>1.</strong></span> <span class='ocrx_word' id='word_1_353' title='bbox 1221 627 1354 662; x_wconf 79' lang='lat' dir='ltr'><strong>veteris</strong></span> <span class='ocrx_word' id='word_1_354' title='bbox 1379 639 1453 662; x_wconf 79' lang='lat' dir='ltr'><strong>cuin</strong></span> <span class='ocrx_word' id='word_1_355' title='bbox 1479 628 1641 673; x_wconf 83' lang='lat' dir='ltr'><strong>Cabasila</strong></span> <span class='ocrx_word' id='word_1_356' title='bbox 1660 629 1746 663; x_wconf 87' lang='lat' dir='ltr'><strong>ami-</strong></span> 
     </span>
     <span class='ocr_line' id='line_1_68' title="bbox 1032 672 1746 722; baseline 0.004 -15"><span class='ocrx_word' id='word_1_357' title='bbox 1032 672 1138 708; x_wconf 89' lang='lat' dir='ltr'><strong>citiae</strong></span> <span class='ocrx_word' id='word_1_358' title='bbox 1162 685 1313 719; x_wconf 87' lang='lat' dir='ltr'><strong>memor,</strong></span> <span class='ocrx_word' id='word_1_359' title='bbox 1355 674 1469 709; x_wconf 86' lang='lat' dir='ltr'><strong>famae</strong></span> <span class='ocrx_word' id='word_1_360' title='bbox 1502 675 1576 710; x_wconf 88' lang='lat' dir='ltr'><strong>eius</strong></span> <span class='ocrx_word' id='word_1_361' title='bbox 1600 687 1746 722; x_wconf 87' lang='lat' dir='ltr'><strong>parcere</strong></span> 
     </span>
     <span class='ocr_line' id='line_1_69' title="bbox 1032 720 1745 766; baseline 0.001 -12"><span class='ocrx_word' id='word_1_362' title='bbox 1032 720 1144 754; x_wconf 88' lang='lat' dir='ltr'><strong>voluit</strong></span> <span class='ocrx_word' id='word_1_363' title='bbox 1171 723 1280 763; x_wconf 88' lang='lat'><strong>1112,</strong></span> <span class='ocrx_word' id='word_1_364' title='bbox 1303 722 1338 757; x_wconf 84' lang='lat'><strong>3.</strong></span> <span class='ocrx_word' id='word_1_365' title='bbox 1374 721 1509 756; x_wconf 85' lang='lat' dir='ltr'><strong>laborat</strong></span> <span class='ocrx_word' id='word_1_366' title='bbox 1531 722 1568 756; x_wconf 90' lang='lat' dir='ltr'><strong>in</strong></span> <span class='ocrx_word' id='word_1_367' title='bbox 1592 722 1745 766; x_wconf 88' lang='lat' dir='ltr'><strong>seligen-</strong></span> 
     </span>
     <span class='ocr_line' id='line_1_70' title="bbox 1031 767 1746 812; baseline 0.001 -10"><span class='ocrx_word' id='word_1_368' title='bbox 1031 767 1087 802; x_wconf 86' lang='lat' dir='ltr'><strong>dis</strong></span> <span class='ocrx_word' id='word_1_369' title='bbox 1112 767 1254 802; x_wconf 90' lang='lat' dir='ltr'><strong>Patrum</strong></span> <span class='ocrx_word' id='word_1_370' title='bbox 1278 767 1485 802; x_wconf 80' lang='lat' dir='ltr'><strong>testimoniis</strong></span> <span class='ocrx_word' id='word_1_371' title='bbox 1516 771 1618 812; x_wconf 88' lang='lat'><strong>1117,</strong></span> <span class='ocrx_word' id='word_1_372' title='bbox 1645 771 1699 804; x_wconf 87' lang='grc'><strong>14.</strong></span> <span class='ocrx_word' id='word_1_373' title='bbox 1726 780 1746 803; x_wconf 91' lang='lat' dir='ltr'><strong>e</strong></span> 
     </span>
     <span class='ocr_line' id='line_1_71' title="bbox 1031 814 1746 860; baseline -0.001 -11"><span class='ocrx_word' id='word_1_374' title='bbox 1031 814 1145 849; x_wconf 89' lang='lat' dir='ltr'><strong>multis</strong></span> <span class='ocrx_word' id='word_1_375' title='bbox 1179 826 1290 860; x_wconf 89' lang='lat' dir='ltr'><strong>pauca</strong></span> <span class='ocrx_word' id='word_1_376' title='bbox 1323 814 1441 860; x_wconf 87' lang='lat' dir='ltr'><strong>seligit</strong></span> <span class='ocrx_word' id='word_1_377' title='bbox 1477 817 1585 858; x_wconf 89' lang='lat'><strong>1119,</strong></span> <span class='ocrx_word' id='word_1_378' title='bbox 1619 818 1652 851; x_wconf 88' lang='lat'><strong>1.</strong></span> <span class='ocrx_word' id='word_1_379' title='bbox 1683 815 1746 850; x_wconf 52' lang='lat' dir='ltr'><strong>ad*</strong></span> 
     </span>
     <span class='ocr_line' id='line_1_72' title="bbox 1030 861 1738 902; baseline 0 -6"><span class='ocrx_word' id='word_1_380' title='bbox 1030 861 1264 896; x_wconf 81' lang='lat' dir='ltr'><strong>versariorum</strong></span> <span class='ocrx_word' id='word_1_381' title='bbox 1289 861 1398 896; x_wconf 85' lang='lat' dir='ltr'><strong>minas</strong></span> <span class='ocrx_word' id='word_1_382' title='bbox 1422 862 1552 896; x_wconf 85' lang='lat' dir='ltr'><strong>refellit</strong></span> <span class='ocrx_word' id='word_1_383' title='bbox 1577 863 1678 902; x_wconf 87' lang='grc'>1145,</span> <span class='ocrx_word' id='word_1_384' title='bbox 1705 864 1738 898; x_wconf 82' lang='grc'><strong>2.</strong></span> 
     </span>
     <span class='ocr_line' id='line_1_73' title="bbox 1028 907 1744 954; baseline -0.001 -11"><span class='ocrx_word' id='word_1_385' title='bbox 1028 907 1115 943; x_wconf 88' lang='lat' dir='ltr'><strong>mori</strong></span> <span class='ocrx_word' id='word_1_386' title='bbox 1148 912 1290 954; x_wconf 85' lang='lat' dir='ltr'><strong>paratus</strong></span> <span class='ocrx_word' id='word_1_387' title='bbox 1326 920 1390 954; x_wconf 88' lang='lat' dir='ltr'><strong>pro</strong></span> <span class='ocrx_word' id='word_1_388' title='bbox 1422 908 1492 943; x_wconf 84' lang='lat' dir='ltr'><strong>fide</strong></span> <span class='ocrx_word' id='word_1_389' title='bbox 1515 908 1744 951; x_wconf 85' lang='lat' dir='ltr'><strong>defendenda,</strong></span> 
     </span>
     <span class='ocr_line' id='line_1_74' title="bbox 1031 955 1742 1001; baseline 0.001 -12"><span class='ocrx_word' id='word_1_390' title='bbox 1031 955 1244 1001; x_wconf 86' lang='lat' dir='ltr'><strong>sepulturam</strong></span> <span class='ocrx_word' id='word_1_391' title='bbox 1291 966 1358 989; x_wconf 89' lang='lat' dir='ltr'><strong>non</strong></span> <span class='ocrx_word' id='word_1_392' title='bbox 1394 960 1496 990; x_wconf 88' lang='lat' dir='ltr'><strong>curat</strong></span> <span class='ocrx_word' id='word_1_393' title='bbox 1529 956 1642 998; x_wconf 84' lang='lat'><strong>1145,</strong></span> <span class='ocrx_word' id='word_1_394' title='bbox 1687 957 1742 992; x_wconf 89' lang='lat'><strong>12.</strong></span> 
     </span>
     <span class='ocr_line' id='line_1_75' title="bbox 1031 1001 1743 1048; baseline 0.003 -12"><span class='ocrx_word' id='word_1_395' title='bbox 1031 1001 1173 1036; x_wconf 86' lang='lat' dir='ltr'><strong>arctiori</strong></span> <span class='ocrx_word' id='word_1_396' title='bbox 1198 1002 1362 1037; x_wconf 83' lang='lat' dir='ltr'><strong>custodia</strong></span> <span class='ocrx_word' id='word_1_397' title='bbox 1385 1002 1557 1048; x_wconf 89' lang='lat' dir='ltr'><strong>premitur</strong></span> <span class='ocrx_word' id='word_1_398' title='bbox 1571 1003 1674 1045; x_wconf 88' lang='grc'>1145,</span> <span class='ocrx_word' id='word_1_399' title='bbox 1689 1004 1743 1038; x_wconf 90' lang='grc'><strong>12.</strong></span> 
     </span>
    </p>
   </div>
   <div class='ocr_carea' id='block_1_7' title="bbox 984 1049 1744 1103">
    <p class='ocr_par' dir='ltr' id='par_1_7' title="bbox 984 1049 1744 1103">
     <span class='ocr_line' id='line_1_76' title="bbox 984 1049 1744 1103; baseline -0.001 -19"><span class='ocrx_word' id='word_1_400' title='bbox 984 1049 1167 1103; x_wconf 79' lang='lat' dir='ltr'><strong>Gregoras</strong></span> <span class='ocrx_word' id='word_1_401' title='bbox 1193 1049 1320 1094; x_wconf 90' lang='lat' dir='ltr'><strong>(idem)</strong></span> <span class='ocrx_word' id='word_1_402' title='bbox 1344 1049 1378 1083; x_wconf 88' lang='lat' dir='ltr'><strong>in</strong></span> <span class='ocrx_word' id='word_1_403' title='bbox 1403 1050 1543 1085; x_wconf 85' lang='lat' dir='ltr'><strong>Chorae</strong></span> <span class='ocrx_word' id='word_1_404' title='bbox 1572 1054 1744 1084; x_wconf 84' lang='lat' dir='ltr'><strong>monaste-</strong></span> 
     </span>
    </p>
   </div>
   <div class='ocr_carea' id='block_1_8' title="bbox 1029 1095 1744 1606">
    <p class='ocr_par' dir='ltr' id='par_1_8' title="bbox 1029 1095 1744 1606">
     <span class='ocr_line' id='line_1_77' title="bbox 1029 1095 1743 1138; baseline -0.001 -7"><span class='ocrx_word' id='word_1_405' title='bbox 1029 1107 1082 1131; x_wconf 84' lang='lat' dir='ltr'><strong>no</strong></span> <span class='ocrx_word' id='word_1_406' title='bbox 1116 1095 1307 1131; x_wconf 81' lang='lat' dir='ltr'><strong>collocatus</strong></span> <span class='ocrx_word' id='word_1_407' title='bbox 1353 1108 1373 1131; x_wconf 88' lang='lat' dir='ltr'><strong>a</strong></span> <span class='ocrx_word' id='word_1_408' title='bbox 1413 1096 1483 1131; x_wconf 88' lang='lat' dir='ltr'><strong>Th.</strong></span> <span class='ocrx_word' id='word_1_409' title='bbox 1525 1095 1743 1138; x_wconf 84' lang='lat' dir='ltr'><strong>Metochita3</strong></span> 
     </span>
     <span class='ocr_line' id='line_1_78' title="bbox 1030 1142 1744 1189; baseline 0 -13"><span class='ocrx_word' id='word_1_410' title='bbox 1030 1144 1296 1178; x_wconf 79' lang='lat' dir='ltr'><strong>astronomicam</strong></span> <span class='ocrx_word' id='word_1_411' title='bbox 1323 1142 1540 1189; x_wconf 86' lang='lat' dir='ltr'><strong>disciplinam</strong></span> <span class='ocrx_word' id='word_1_412' title='bbox 1563 1156 1606 1178; x_wconf 90' lang='lat' dir='ltr'><strong>ex</strong></span> <span class='ocrx_word' id='word_1_413' title='bbox 1628 1155 1669 1178; x_wconf 93' lang='lat' dir='ltr'><strong>eo</strong></span> <span class='ocrx_word' id='word_1_414' title='bbox 1689 1143 1744 1176; x_wconf 90' lang='lat' dir='ltr'><strong>‹li-</strong></span> 
     </span>
     <span class='ocr_line' id='line_1_79' title="bbox 1031 1189 1743 1232; baseline 0 -8"><span class='ocrx_word' id='word_1_415' title='bbox 1031 1189 1119 1224; x_wconf 85' lang='lat' dir='ltr'><strong>dicit</strong></span> <span class='ocrx_word' id='word_1_416' title='bbox 1141 1191 1232 1232; x_wconf 88' lang='lat'><strong>308,</strong></span> <span class='ocrx_word' id='word_1_417' title='bbox 1269 1189 1327 1226; x_wconf 88' lang='grc'><strong>24.</strong></span> <span class='ocrx_word' id='word_1_418' title='bbox 1362 1190 1463 1224; x_wconf 87' lang='lat' dir='ltr'><strong>heres</strong></span> <span class='ocrx_word' id='word_1_419' title='bbox 1495 1190 1674 1225; x_wconf 89' lang='lat' dir='ltr'><strong>doctrinae</strong></span> <span class='ocrx_word' id='word_1_420' title='bbox 1699 1190 1743 1224; x_wconf 90' lang='lat' dir='ltr'><strong>ab</strong></span> 
     </span>
     <span class='ocr_line' id='line_1_80' title="bbox 1030 1235 1744 1284; baseline 0 -14"><span class='ocrx_word' id='word_1_421' title='bbox 1030 1248 1072 1271; x_wconf 83' lang='lat' dir='ltr'><strong>eo</strong></span> <span class='ocrx_word' id='word_1_422' title='bbox 1107 1236 1287 1284; x_wconf 84' lang='lat' dir='ltr'><strong>institutus</strong></span> <span class='ocrx_word' id='word_1_423' title='bbox 1329 1238 1420 1279; x_wconf 89' lang='lat'><strong>309,</strong></span> <span class='ocrx_word' id='word_1_424' title='bbox 1454 1235 1487 1272; x_wconf 89' lang='lat'><strong>4.</strong></span> <span class='ocrx_word' id='word_1_425' title='bbox 1527 1237 1744 1272; x_wconf 82' lang='lat' dir='ltr'><strong>Metochitae</strong></span> 
     </span>
     <span class='ocr_line' id='line_1_81' title="bbox 1030 1282 1741 1325; baseline 0.001 -8"><span class='ocrx_word' id='word_1_426' title='bbox 1030 1282 1138 1317; x_wconf 87' lang='lat' dir='ltr'><strong>filium</strong></span> <span class='ocrx_word' id='word_1_427' title='bbox 1184 1288 1220 1318; x_wconf 92' lang='lat' dir='ltr'><strong>et</strong></span> <span class='ocrx_word' id='word_1_428' title='bbox 1255 1284 1358 1318; x_wconf 86' lang='lat' dir='ltr'><strong>filiam</strong></span> <span class='ocrx_word' id='word_1_429' title='bbox 1391 1284 1521 1318; x_wconf 88' lang='lat' dir='ltr'><strong>erudiit</strong></span> <span class='ocrx_word' id='word_1_430' title='bbox 1552 1286 1643 1325; x_wconf 87' lang='lat'><strong>309,</strong></span> <span class='ocrx_word' id='word_1_431' title='bbox 1685 1285 1741 1319; x_wconf 88' lang='lat'><strong>15.</strong></span> 
     </span>
     <span class='ocr_line' id='line_1_82' title="bbox 1029 1329 1744 1373; baseline 0.003 -10"><span class='ocrx_word' id='word_1_432' title='bbox 1029 1329 1162 1364; x_wconf 86' lang='lat' dir='ltr'><strong>alienus</strong></span> <span class='ocrx_word' id='word_1_433' title='bbox 1196 1331 1238 1365; x_wconf 87' lang='lat' dir='ltr'><strong>ab</strong></span> <span class='ocrx_word' id='word_1_434' title='bbox 1273 1330 1362 1365; x_wconf 90' lang='lat' dir='ltr'><strong>omui</strong></span> <span class='ocrx_word' id='word_1_435' title='bbox 1397 1330 1550 1373; x_wconf 86' lang='lat' dir='ltr'><strong>afl&#39;ectu,</strong></span> <span class='ocrx_word' id='word_1_436' title='bbox 1593 1330 1744 1365; x_wconf 79' lang='lat' dir='ltr'><strong>studium</strong></span> 
     </span>
     <span class='ocr_line' id='line_1_83' title="bbox 1030 1376 1744 1423; baseline 0.001 -12"><span class='ocrx_word' id='word_1_437' title='bbox 1030 1376 1190 1412; x_wconf 84' lang='lat' dir='ltr'><strong>veritatis</strong></span> <span class='ocrx_word' id='word_1_438' title='bbox 1215 1378 1402 1423; x_wconf 86' lang='lat' dir='ltr'><strong>profitetur</strong></span> <span class='ocrx_word' id='word_1_439' title='bbox 1436 1378 1524 1420; x_wconf 90' lang='grc'>645,</span> <span class='ocrx_word' id='word_1_440' title='bbox 1551 1379 1586 1414; x_wconf 89' lang='grc'><strong>2.</strong></span> <span class='ocrx_word' id='word_1_441' title='bbox 1625 1378 1744 1422; x_wconf 85' lang='lat' dir='ltr'><strong>qualia</strong></span> 
     </span>
     <span class='ocr_line' id='line_1_84' title="bbox 1030 1423 1744 1470; baseline 0 -12"><span class='ocrx_word' id='word_1_442' title='bbox 1030 1435 1090 1458; x_wconf 89' lang='lat' dir='ltr'><strong>seu</strong></span> <span class='ocrx_word' id='word_1_443' title='bbox 1114 1423 1258 1459; x_wconf 88' lang='lat' dir='ltr'><strong>laudare</strong></span> <span class='ocrx_word' id='word_1_444' title='bbox 1291 1436 1352 1458; x_wconf 87' lang='lat' dir='ltr'><strong>seu</strong></span> <span class='ocrx_word' id='word_1_445' title='bbox 1384 1423 1588 1470; x_wconf 84' lang='lat' dir='ltr'><strong>vituperare</strong></span> <span class='ocrx_word' id='word_1_446' title='bbox 1620 1424 1744 1458; x_wconf 85' lang='lat' dir='ltr'><strong>decre-</strong></span> 
     </span>
     <span class='ocr_line' id='line_1_85' title="bbox 1029 1470 1742 1516; baseline 0.001 -12"><span class='ocrx_word' id='word_1_447' title='bbox 1029 1470 1123 1505; x_wconf 84' lang='lat' dir='ltr'><strong>verit</strong></span> <span class='ocrx_word' id='word_1_448' title='bbox 1165 1471 1260 1514; x_wconf 89' lang='grc'>645,</span> <span class='ocrx_word' id='word_1_449' title='bbox 1306 1472 1362 1506; x_wconf 90' lang='grc'><strong>18.</strong></span> <span class='ocrx_word' id='word_1_450' title='bbox 1413 1471 1496 1516; x_wconf 87' lang='lat' dir='ltr'><strong>quid</strong></span> <span class='ocrx_word' id='word_1_451' title='bbox 1544 1471 1742 1513; x_wconf 76' lang='lat' dir='ltr'><strong>ostendere,</strong></span> 
     </span>
     <span class='ocr_line' id='line_1_86' title="bbox 1030 1517 1743 1599; baseline 0.001 -48"><span class='ocrx_word' id='word_1_452' title='bbox 1030 1517 1114 1599; x_wconf 49' lang='lat' dir='ltr'><strong>qzid</strong></span> <span class='ocrx_word' id='word_1_453' title='bbox 1147 1517 1357 1564; x_wconf 81' lang='lat' dir='ltr'><strong>persuadere</strong></span> <span class='ocrx_word' id='word_1_454' title='bbox 1399 1517 1591 1554; x_wconf 83' lang='lat' dir='ltr'><strong>lectoribus</strong></span> <span class='ocrx_word' id='word_1_455' title='bbox 1622 1518 1743 1564; x_wconf 87' lang='lat' dir='ltr'><strong>cupiat</strong></span> 
     </span>
     <span class='ocr_line' id='line_1_87' title="bbox 1031 1566 1171 1606; baseline -0.014 -5"><span class='ocrx_word' id='word_1_456' title='bbox 1031 1566 1053 1601; x_wconf 91' lang='lat'><strong>6</strong></span> <span class='ocrx_word' id='word_1_457' title='bbox 1078 1566 1111 1606; x_wconf 93' lang='lat'><strong>6,</strong></span> <span class='ocrx_word' id='word_1_458' title='bbox 1136 1567 1171 1601; x_wconf 88' lang='lat'><strong>9.</strong></span> 
     </span>
    </p>
   </div>
   <div class='ocr_carea' id='block_1_9' title="bbox 983 1611 1194 1657">
    <p class='ocr_par' dir='ltr' id='par_1_9' title="bbox 983 1611 1194 1657">
     <span class='ocr_line' id='line_1_88' title="bbox 983 1611 1194 1657; baseline 0 -11"><span class='ocrx_word' id='word_1_459' title='bbox 983 1611 1168 1657; x_wconf 84' lang='lat' dir='ltr'><strong>Gregorae</strong></span> <span class='ocrx_word' id='word_1_460' title='bbox 1182 1637 1194 1655; x_wconf 90' lang='lat'>‚</span> 
     </span>
    </p>
   </div>
   <div class='ocr_carea' id='block_1_10' title="bbox 1019 1656 1741 2263">
    <p class='ocr_par' dir='ltr' id='par_1_10' title="bbox 1030 1656 1741 1747">
     <span class='ocr_line' id='line_1_89' title="bbox 1075 1656 1741 1695; baseline -0.003 -2"><span class='ocrx_word' id='word_1_461' title='bbox 1075 1670 1153 1695; x_wconf 87' lang='lat' dir='ltr'><strong>cum</strong></span> <span class='ocrx_word' id='word_1_462' title='bbox 1208 1658 1454 1693; x_wconf 87' lang='lat' dir='ltr'><strong>Cantacuzeno</strong></span> <span class='ocrx_word' id='word_1_463' title='bbox 1522 1656 1741 1692; x_wconf 84' lang='lat' dir='ltr'><strong>familiaritas</strong></span> 
     </span>
     <span class='ocr_line' id='line_1_90' title="bbox 1030 1705 1739 1747; baseline -0.003 -6"><span class='ocrx_word' id='word_1_464' title='bbox 1030 1705 1112 1747; x_wconf 87' lang='lat'><strong>611,</strong></span> <span class='ocrx_word' id='word_1_465' title='bbox 1135 1707 1192 1741; x_wconf 87' lang='grc'><strong>22.</strong></span> <span class='ocrx_word' id='word_1_466' title='bbox 1218 1705 1371 1740; x_wconf 86' lang='lat' dir='ltr'><strong>amicitia</strong></span> <span class='ocrx_word' id='word_1_467' title='bbox 1396 1707 1476 1746; x_wconf 89' lang='lat'><strong>820,</strong></span> <span class='ocrx_word' id='word_1_468' title='bbox 1499 1707 1558 1742; x_wconf 88' lang='grc'><strong>22.</strong></span> <span class='ocrx_word' id='word_1_469' title='bbox 1599 1705 1679 1746; x_wconf 87' lang='grc'>823,</span> <span class='ocrx_word' id='word_1_470' title='bbox 1707 1707 1739 1740; x_wconf 89' lang='grc'><strong>1.</strong></span> 
     </span>
    </p>

    <p class='ocr_par' dir='ltr' id='par_1_11' title="bbox 1078 1752 1739 1799">
     <span class='ocr_line' id='line_1_91' title="bbox 1078 1752 1739 1799; baseline 0 -13"><span class='ocrx_word' id='word_1_471' title='bbox 1078 1752 1217 1799; x_wconf 86' lang='lat' dir='ltr'><strong>Capitis</strong></span> <span class='ocrx_word' id='word_1_472' title='bbox 1242 1752 1379 1786; x_wconf 87' lang='lat' dir='ltr'><strong>dolores</strong></span> <span class='ocrx_word' id='word_1_473' title='bbox 1401 1752 1483 1794; x_wconf 85' lang='lat'><strong>975,</strong></span> <span class='ocrx_word' id='word_1_474' title='bbox 1509 1754 1542 1789; x_wconf 89' lang='lat'><strong>6.</strong></span> <span class='ocrx_word' id='word_1_475' title='bbox 1578 1753 1680 1793; x_wconf 82' lang='grc'>1112,</span> <span class='ocrx_word' id='word_1_476' title='bbox 1707 1753 1739 1787; x_wconf 94' lang='grc'><strong>1.</strong></span> 
     </span>
    </p>

    <p class='ocr_par' dir='ltr' id='par_1_12' title="bbox 1030 1798 1740 1887">
     <span class='ocr_line' id='line_1_92' title="bbox 1078 1798 1739 1841; baseline -0.003 -7"><span class='ocrx_word' id='word_1_477' title='bbox 1078 1798 1207 1834; x_wconf 86' lang='lat' dir='ltr'><strong>Domus</strong></span> <span class='ocrx_word' id='word_1_478' title='bbox 1232 1799 1417 1834; x_wconf 84' lang='lat' dir='ltr'><strong>celebritas</strong></span> <span class='ocrx_word' id='word_1_479' title='bbox 1443 1798 1478 1832; x_wconf 88' lang='lat' dir='ltr'><strong>in</strong></span> <span class='ocrx_word' id='word_1_480' title='bbox 1512 1798 1739 1841; x_wconf 89' lang='lat' dir='ltr'><strong>solitudinem,</strong></span> 
     </span>
     <span class='ocr_line' id='line_1_93' title="bbox 1030 1846 1740 1887; baseline -0.001 -6"><span class='ocrx_word' id='word_1_481' title='bbox 1030 1846 1172 1881; x_wconf 82' lang='lat' dir='ltr'><strong>fortuna</strong></span> <span class='ocrx_word' id='word_1_482' title='bbox 1184 1847 1219 1880; x_wconf 87' lang='lat' dir='ltr'><strong>in</strong></span> <span class='ocrx_word' id='word_1_483' title='bbox 1231 1846 1460 1880; x_wconf 81' lang='lat' dir='ltr'><strong>calamitatem</strong></span> <span class='ocrx_word' id='word_1_484' title='bbox 1469 1857 1570 1880; x_wconf 83' lang='lat' dir='ltr'><strong>versa</strong></span> <span class='ocrx_word' id='word_1_485' title='bbox 1584 1847 1687 1887; x_wconf 88' lang='lat'><strong>1050,</strong></span> <span class='ocrx_word' id='word_1_486' title='bbox 1707 1847 1740 1881; x_wconf 93' lang='lat'><strong>6.</strong></span> 
     </span>
    </p>

    <p class='ocr_par' dir='ltr' id='par_1_13' title="bbox 1028 1892 1740 1982">
     <span class='ocr_line' id='line_1_94' title="bbox 1076 1892 1740 1928; baseline -0.002 -1"><span class='ocrx_word' id='word_1_487' title='bbox 1076 1893 1176 1928; x_wconf 81' lang='lat' dir='ltr'><strong>Libri</strong></span> <span class='ocrx_word' id='word_1_488' title='bbox 1199 1892 1428 1928; x_wconf 87' lang='lat' dir='ltr'><strong>Antirrhetici</strong></span> <span class='ocrx_word' id='word_1_489' title='bbox 1458 1896 1495 1928; x_wconf 90' lang='lat' dir='ltr'><strong>et</strong></span> <span class='ocrx_word' id='word_1_490' title='bbox 1527 1892 1740 1928; x_wconf 88' lang='lat' dir='ltr'><strong>Steliteutici</strong></span> 
     </span>
     <span class='ocr_line' id='line_1_95' title="bbox 1028 1939 1379 1982; baseline -0.011 -4"><span class='ocrx_word' id='word_1_491' title='bbox 1028 1943 1111 1982; x_wconf 90' lang='lat'><strong>901,</strong></span> <span class='ocrx_word' id='word_1_492' title='bbox 1137 1941 1192 1976; x_wconf 88' lang='grc'><strong>13.</strong></span> <span class='ocrx_word' id='word_1_493' title='bbox 1217 1939 1298 1982; x_wconf 87' lang='grc'>944,</span> <span class='ocrx_word' id='word_1_494' title='bbox 1325 1941 1379 1975; x_wconf 88' lang='grc'><strong>16.</strong></span> 
     </span>
    </p>

    <p class='ocr_par' dir='ltr' id='par_1_14' title="bbox 1027 1985 1740 2124">
     <span class='ocr_line' id='line_1_96' title="bbox 1075 1985 1734 2032; baseline -0.003 -10"><span class='ocrx_word' id='word_1_495' title='bbox 1075 1987 1270 2028; x_wconf 81' lang='lat' dir='ltr'><strong>Sermones,</strong></span> <span class='ocrx_word' id='word_1_496' title='bbox 1309 1998 1373 2032; x_wconf 86' lang='lat' dir='ltr'><strong>per</strong></span> <span class='ocrx_word' id='word_1_497' title='bbox 1396 1985 1562 2021; x_wconf 85' lang='lat' dir='ltr'><strong>ecclesias</strong></span> <span class='ocrx_word' id='word_1_498' title='bbox 1586 1986 1621 2020; x_wconf 86' lang='lat' dir='ltr'><strong>in</strong></span> <span class='ocrx_word' id='word_1_499' title='bbox 1645 1986 1734 2020; x_wconf 83' lang='lat' dir='ltr'><strong>San-</strong></span> 
     </span>
     <span class='ocr_line' id='line_1_97' title="bbox 1030 2033 1740 2078; baseline -0.003 -9"><span class='ocrx_word' id='word_1_500' title='bbox 1030 2039 1160 2069; x_wconf 88' lang='lat' dir='ltr'><strong>ctorum</strong></span> <span class='ocrx_word' id='word_1_501' title='bbox 1179 2033 1557 2069; x_wconf 77' lang='lat' dir='ltr'><strong>commemorationibus</strong></span> <span class='ocrx_word' id='word_1_502' title='bbox 1572 2033 1740 2078; x_wconf 86' lang='lat' dir='ltr'><strong>legeban-</strong></span> 
     </span>
     <span class='ocr_line' id='line_1_98' title="bbox 1027 2080 1294 2124; baseline -0.004 -7"><span class='ocrx_word' id='word_1_503' title='bbox 1027 2086 1086 2117; x_wconf 83' lang='lat' dir='ltr'><strong>tur</strong></span> <span class='ocrx_word' id='word_1_504' title='bbox 1111 2080 1212 2124; x_wconf 86' lang='lat'><strong>1144,</strong></span> <span class='ocrx_word' id='word_1_505' title='bbox 1238 2083 1294 2116; x_wconf 77' lang='lat'><strong>21.</strong></span> 
     </span>
    </p>

    <p class='ocr_par' dir='ltr' id='par_1_15' title="bbox 1019 2125 1740 2263">
     <span class='ocr_line' id='line_1_99' title="bbox 1074 2125 1740 2173; baseline -0.003 -11"><span class='ocrx_word' id='word_1_506' title='bbox 1074 2128 1190 2171; x_wconf 86' lang='lat' dir='ltr'><strong>Socii,</strong></span> <span class='ocrx_word' id='word_1_507' title='bbox 1224 2126 1488 2163; x_wconf 86' lang='lat' dir='ltr'><strong>commentarios</strong></span> <span class='ocrx_word' id='word_1_508' title='bbox 1509 2125 1578 2173; x_wconf 90' lang='lat' dir='ltr'><strong>ipsi</strong></span> <span class='ocrx_word' id='word_1_509' title='bbox 1600 2137 1740 2172; x_wconf 89' lang='lat' dir='ltr'><strong>quoque</strong></span> 
     </span>
     <span class='ocr_line' id='line_1_100' title="bbox 1027 2173 1739 2221; baseline -0.004 -11"><span class='ocrx_word' id='word_1_510' title='bbox 1027 2175 1244 2221; x_wconf 77' lang='lat' dir='ltr'><strong>scripserunt</strong></span> <span class='ocrx_word' id='word_1_511' title='bbox 1288 2176 1332 2209; x_wconf 88' lang='lat' dir='ltr'><strong>de</strong></span> <span class='ocrx_word' id='word_1_512' title='bbox 1371 2174 1443 2209; x_wconf 83' lang='lat' dir='ltr'><strong>suis</strong></span> <span class='ocrx_word' id='word_1_513' title='bbox 1487 2185 1563 2208; x_wconf 91' lang='lat' dir='ltr'><strong>cum</strong></span> <span class='ocrx_word' id='word_1_514' title='bbox 1597 2173 1739 2208; x_wconf 85' lang='lat' dir='ltr'><strong>Palama</strong></span> 
     </span>
     <span class='ocr_line' id='line_1_101' title="bbox 1019 2221 1531 2263; baseline -0.006 -5"><span class='ocrx_word' id='word_1_515' title='bbox 1019 2221 1344 2258; x_wconf 80' lang='lat' dir='ltr'><strong>concertationibus</strong></span> <span class='ocrx_word' id='word_1_516' title='bbox 1368 2223 1449 2263; x_wconf 87' lang='lat'><strong>975,</strong></span> <span class='ocrx_word' id='word_1_517' title='bbox 1476 2222 1531 2257; x_wconf 90' lang='lat'><strong>15.</strong></span> 
     </span>
    </p>
   </div>
   <div class='ocr_carea' id='block_1_11' title="bbox 980 2265 1738 2315">
    <p class='ocr_par' dir='ltr' id='par_1_16' title="bbox 980 2265 1738 2315">
     <span class='ocr_line' id='line_1_102' title="bbox 980 2265 1738 2315; baseline -0.007 -10"><span class='ocrx_word' id='word_1_518' title='bbox 980 2270 1161 2315; x_wconf 83' lang='lat' dir='ltr'><strong>Gregoras</strong></span> <span class='ocrx_word' id='word_1_519' title='bbox 1175 2293 1185 2311; x_wconf 91' lang='lat'><strong>,</strong></span> <span class='ocrx_word' id='word_1_520' title='bbox 1209 2269 1453 2304; x_wconf 87' lang='lat' dir='ltr'><strong>Cantacuzeno</strong></span> <span class='ocrx_word' id='word_1_521' title='bbox 1478 2266 1680 2312; x_wconf 85' lang='lat' dir='ltr'><strong>diligentior</strong></span> <span class='ocrx_word' id='word_1_522' title='bbox 1702 2265 1738 2301; x_wconf 88' lang='lat' dir='ltr'><strong>in</strong></span> 
     </span>
    </p>
   </div>
   <div class='ocr_carea' id='block_1_12' title="bbox 1024 2311 1739 2876">
    <p class='ocr_par' dir='ltr' id='par_1_17' title="bbox 1024 2311 1739 2876">
     <span class='ocr_line' id='line_1_103' title="bbox 1027 2311 1737 2361; baseline -0.006 -10"><span class='ocrx_word' id='word_1_523' title='bbox 1027 2315 1264 2361; x_wconf 77' lang='lat' dir='ltr'><strong>chronologia</strong></span> <span class='ocrx_word' id='word_1_524' title='bbox 1298 2317 1410 2357; x_wconf 83' lang='lat'><strong>1238,</strong></span> <span class='ocrx_word' id='word_1_525' title='bbox 1444 2315 1503 2350; x_wconf 89' lang='grc'><strong>24.</strong></span> <span class='ocrx_word' id='word_1_526' title='bbox 1549 2311 1663 2353; x_wconf 86' lang='grc'>1247,</span> <span class='ocrx_word' id='word_1_527' title='bbox 1702 2315 1737 2349; x_wconf 90' lang='grc'><strong>8.</strong></span> 
     </span>
     <span class='ocr_line' id='line_1_104' title="bbox 1027 2360 1737 2409; baseline -0.006 -11"><span class='ocrx_word' id='word_1_528' title='bbox 1027 2364 1213 2409; x_wconf 82' lang='lat' dir='ltr'><strong>Gregorae</strong></span> <span class='ocrx_word' id='word_1_529' title='bbox 1254 2363 1343 2397; x_wconf 88' lang='lat' dir='ltr'><strong>scite</strong></span> <span class='ocrx_word' id='word_1_530' title='bbox 1385 2361 1515 2396; x_wconf 88' lang='lat' dir='ltr'><strong>dictum</strong></span> <span class='ocrx_word' id='word_1_531' title='bbox 1546 2360 1591 2395; x_wconf 90' lang='lat' dir='ltr'><strong>de</strong></span> <span class='ocrx_word' id='word_1_532' title='bbox 1625 2360 1737 2395; x_wconf 89' lang='lat' dir='ltr'><strong>Tomo</strong></span> 
     </span>
     <span class='ocr_line' id='line_1_105' title="bbox 1025 2406 1739 2452; baseline -0.007 -6"><span class='ocrx_word' id='word_1_533' title='bbox 1025 2410 1229 2446; x_wconf 85' lang='lat' dir='ltr'><strong>Palamitico</strong></span> <span class='ocrx_word' id='word_1_534' title='bbox 1254 2411 1358 2452; x_wconf 91' lang='lat'><strong>1308,</strong></span> <span class='ocrx_word' id='word_1_535' title='bbox 1381 2406 1439 2444; x_wconf 85' lang='lat'><strong>44.</strong></span> <span class='ocrx_word' id='word_1_536' title='bbox 1470 2409 1650 2452; x_wconf 82' lang='lat' dir='ltr'><strong>Gregoras</strong></span> <span class='ocrx_word' id='word_1_537' title='bbox 1675 2408 1739 2442; x_wconf 91' lang='lat' dir='ltr'><strong>de-</strong></span> 
     </span>
     <span class='ocr_line' id='line_1_106' title="bbox 1026 2454 1738 2498; baseline -0.006 -6"><span class='ocrx_word' id='word_1_538' title='bbox 1026 2457 1146 2492; x_wconf 88' lang='lat' dir='ltr'><strong>fensus</strong></span> <span class='ocrx_word' id='word_1_539' title='bbox 1172 2455 1274 2498; x_wconf 83' lang='lat'><strong>1264,</strong></span> <span class='ocrx_word' id='word_1_540' title='bbox 1298 2458 1332 2492; x_wconf 92' lang='grc'><strong>5.</strong></span> <span class='ocrx_word' id='word_1_541' title='bbox 1361 2456 1464 2498; x_wconf 86' lang='grc'>1288,</span> <span class='ocrx_word' id='word_1_542' title='bbox 1491 2456 1527 2491; x_wconf 90' lang='grc'><strong>5.</strong></span> <span class='ocrx_word' id='word_1_543' title='bbox 1553 2455 1656 2495; x_wconf 88' lang='grc'>1300,</span> <span class='ocrx_word' id='word_1_544' title='bbox 1679 2454 1738 2489; x_wconf 91' lang='grc'><strong>25.</strong></span> 
     </span>
     <span class='ocr_line' id='line_1_107' title="bbox 1026 2501 1737 2549; baseline -0.008 -10"><span class='ocrx_word' id='word_1_545' title='bbox 1026 2507 1157 2539; x_wconf 87' lang='lat' dir='ltr'><strong>temere</strong></span> <span class='ocrx_word' id='word_1_546' title='bbox 1181 2503 1413 2549; x_wconf 88' lang='lat' dir='ltr'><strong>reprehensus</strong></span> <span class='ocrx_word' id='word_1_547' title='bbox 1433 2501 1536 2544; x_wconf 87' lang='grc'>1247,</span> <span class='ocrx_word' id='word_1_548' title='bbox 1551 2503 1609 2538; x_wconf 87' lang='grc'><strong>30.</strong></span> <span class='ocrx_word' id='word_1_549' title='bbox 1630 2501 1737 2535; x_wconf 89' lang='lat' dir='ltr'><strong>libros</strong></span> 
     </span>
     <span class='ocr_line' id='line_1_108' title="bbox 1025 2547 1738 2595; baseline -0.004 -10"><span class='ocrx_word' id='word_1_550' title='bbox 1025 2551 1090 2585; x_wconf 90' lang='lat' dir='ltr'><strong>SS.</strong></span> <span class='ocrx_word' id='word_1_551' title='bbox 1115 2552 1255 2585; x_wconf 87' lang='lat' dir='ltr'><strong>Patrum</strong></span> <span class='ocrx_word' id='word_1_552' title='bbox 1279 2561 1346 2584; x_wconf 92' lang='lat' dir='ltr'><strong>non</strong></span> <span class='ocrx_word' id='word_1_553' title='bbox 1374 2549 1497 2583; x_wconf 88' lang='lat' dir='ltr'><strong>habuit</strong></span> <span class='ocrx_word' id='word_1_554' title='bbox 1521 2559 1608 2595; x_wconf 86' lang='lat' dir='ltr'><strong>prae</strong></span> <span class='ocrx_word' id='word_1_555' title='bbox 1629 2547 1738 2582; x_wconf 90' lang='lat' dir='ltr'><strong>mani-</strong></span> 
     </span>
     <span class='ocr_line' id='line_1_109' title="bbox 1024 2593 1738 2641; baseline -0.006 -9"><span class='ocrx_word' id='word_1_556' title='bbox 1024 2598 1090 2632; x_wconf 89' lang='lat' dir='ltr'><strong>bus</strong></span> <span class='ocrx_word' id='word_1_557' title='bbox 1121 2599 1223 2639; x_wconf 88' lang='grc'>1312,</span> <span class='ocrx_word' id='word_1_558' title='bbox 1246 2595 1303 2632; x_wconf 89' lang='grc'><strong>44.</strong></span> <span class='ocrx_word' id='word_1_559' title='bbox 1338 2594 1518 2631; x_wconf 87' lang='lat' dir='ltr'><strong>Theodori</strong></span> <span class='ocrx_word' id='word_1_560' title='bbox 1542 2594 1670 2641; x_wconf 89' lang='lat' dir='ltr'><strong>Grapti</strong></span> <span class='ocrx_word' id='word_1_561' title='bbox 1694 2593 1738 2628; x_wconf 91' lang='lat' dir='ltr'><strong>li-</strong></span> 
     </span>
     <span class='ocr_line' id='line_1_110' title="bbox 1028 2641 1736 2689; baseline -0.006 -9"><span class='ocrx_word' id='word_1_562' title='bbox 1028 2645 1109 2680; x_wconf 89' lang='lat' dir='ltr'><strong>bros</strong></span> <span class='ocrx_word' id='word_1_563' title='bbox 1141 2647 1317 2689; x_wconf 86' lang='lat' dir='ltr'><strong>surreptos</strong></span> <span class='ocrx_word' id='word_1_564' title='bbox 1350 2642 1417 2678; x_wconf 80' lang='lat' dir='ltr'><strong>sibi</strong></span> <span class='ocrx_word' id='word_1_565' title='bbox 1448 2641 1607 2689; x_wconf 87' lang='lat' dir='ltr'><strong>queritur</strong></span> <span class='ocrx_word' id='word_1_566' title='bbox 1633 2641 1736 2683; x_wconf 86' lang='grc'>1300,</span> 
     </span>
     <span class='ocr_line' id='line_1_111' title="bbox 1027 2688 1734 2731; baseline -0.008 -3"><span class='ocrx_word' id='word_1_567' title='bbox 1027 2694 1086 2728; x_wconf 87' lang='grc'><strong>27.</strong></span> <span class='ocrx_word' id='word_1_568' title='bbox 1129 2690 1284 2725; x_wconf 85' lang='lat' dir='ltr'><strong>Platonis</strong></span> <span class='ocrx_word' id='word_1_569' title='bbox 1326 2689 1481 2725; x_wconf 90' lang='lat' dir='ltr'><strong>imitator</strong></span> <span class='ocrx_word' id='word_1_570' title='bbox 1523 2689 1634 2731; x_wconf 84' lang='lat'><strong>1313,</strong></span> <span class='ocrx_word' id='word_1_571' title='bbox 1676 2688 1734 2723; x_wconf 89' lang='grc'><strong>46.</strong></span> 
     </span>
     <span class='ocr_line' id='line_1_112' title="bbox 1027 2735 1736 2783; baseline -0.007 -10"><span class='ocrx_word' id='word_1_572' title='bbox 1027 2739 1211 2783; x_wconf 86' lang='lat' dir='ltr'><strong>Gregorae</strong></span> <span class='ocrx_word' id='word_1_573' title='bbox 1244 2736 1410 2782; x_wconf 86' lang='lat' dir='ltr'><strong>Epistola</strong></span> <span class='ocrx_word' id='word_1_574' title='bbox 1441 2735 1486 2770; x_wconf 88' lang='lat' dir='ltr'><strong>ad</strong></span> <span class='ocrx_word' id='word_1_575' title='bbox 1518 2735 1736 2781; x_wconf 81' lang='lat' dir='ltr'><strong>Pepagome-</strong></span> 
     </span>
     <span class='ocr_line' id='line_1_113' title="bbox 1027 2782 1736 2829; baseline -0.007 -9"><span class='ocrx_word' id='word_1_576' title='bbox 1027 2797 1105 2821; x_wconf 89' lang='lat' dir='ltr'><strong>num</strong></span> <span class='ocrx_word' id='word_1_577' title='bbox 1131 2786 1233 2826; x_wconf 85' lang='lat'><strong>1221,</strong></span> <span class='ocrx_word' id='word_1_578' title='bbox 1257 2785 1314 2820; x_wconf 91' lang='grc'><strong>28.</strong></span> <span class='ocrx_word' id='word_1_579' title='bbox 1344 2782 1511 2828; x_wconf 85' lang='lat' dir='ltr'><strong>Dialogus</strong></span> <span class='ocrx_word' id='word_1_580' title='bbox 1538 2782 1736 2829; x_wconf 77' lang='lat' dir='ltr'><strong>Florentius</strong></span> 
     </span>
     <span class='ocr_line' id='line_1_114' title="bbox 1029 2829 1735 2876; baseline -0.011 -6"><span class='ocrx_word' id='word_1_581' title='bbox 1029 2831 1198 2876; x_wconf 86' lang='lat' dir='ltr'><strong>1168,4o.</strong></span> <span class='ocrx_word' id='word_1_582' title='bbox 1217 2829 1319 2873; x_wconf 79' lang='lat'><strong>1204,</strong></span> <span class='ocrx_word' id='word_1_583' title='bbox 1335 2832 1389 2867; x_wconf 88' lang='grc'><strong>17.</strong></span> <span class='ocrx_word' id='word_1_584' title='bbox 1406 2830 1509 2873; x_wconf 87' lang='grc'>1242,</span> <span class='ocrx_word' id='word_1_585' title='bbox 1524 2830 1582 2866; x_wconf 84' lang='grc'><strong>38.</strong></span> <span class='ocrx_word' id='word_1_586' title='bbox 1604 2829 1735 2864; x_wconf 87' lang='lat' dir='ltr'><strong>Parae-</strong></span> 
     </span>
    </p>
   </div>
  </div>
 </body>
</html>
