1794 3172
240 136 348 187 588-
654 144 970 190 NICEPHORI
998 144 1321 190 GREGORAE

24 261 58 309 A„
76 259 118 293 M.
137 254 229 295 6849
242 255 378 317 ῥᾷστα
403 253 452 299 τὸ
480 253 675 311 εὔδαιμον
705 256 749 307 ἔξ
764 253 911 299 »ἄλλων
932 255 988 305 εἷς
1009 253 1161 306 ἄλλους
1192 255 1432 311 ἀμείβουσι·
1468 258 1536 301 καὶ
1551 256 1634 314 χρὴ
1656 258 1725 302 δε·-

62 307 183 375 lud&
242 327 368 370 διέναι
395 323 555 376 πάντας
571 325 647 381 τὴν
670 324 926 381 ἀτέκμαρτον
947 328 1022 368 τοῦ
1049 324 1203 382 χρόνου
1223 323 1372 383 φοράν.
1411 325 1531 384 ἔγωγ’
1554 323 1628 370 οὖν
1651 326 1725 370 οὕ-

81 385 84 387 *
242 412 326 445 τως
347 395 448 451 ἔχων
468 394 529 437 ἀεὶ
552 397 749 447 διατελῶ,
788 393 892 437 ὥστ’
917 394 1082 437 ἐοικέναι
1107 397 1216 438 δοκῶ
1235 413 1307 449 μοι
1329 394 1503 455 πτόρθῳ
1521 398 1598 440 τινὶ
1621 396 1727 453 πρὸς

243 465 292 508 τὸ
340 464 487 520 ὄρθιον
526 464 689 522 εὐφυῶς
732 463 1053 522 ἀπευθυνομένῳ
1069 477 1078 488 ·
1136 463 1181 515 ὃς
1218 465 1343 508 ἐκεῖνο
1379 465 1567 521 κέκτηται
1603 467 1726 508 πλέον

208 532 353 588 Ε’ὃμοῢ
363 567 377 587 ,
412 532 512 590 ὅπερ
532 535 567 575 εἴ
585 535 652 576 καὶ
674 532 800 583 αὐτὸς
815 531 1036 589 ἐκεκτήμην
1047 566 1060 586 ,
1101 531 1342 590 ἡμάρτανον
1362 533 1426 578 ἄν.
1465 534 1537 578 τὸν
1555 536 1630 588 μὲν
1646 535 1756 592 γὰρ5

246 604 289 646 εἷ’
300 620 360 653 τις
380 603 454 662 βίᾳ
468 602 604 659 χειρὸς
628 603 692 644 ἐπὶ
712 602 764 644 τὰ
784 602 1020 659 ἔμπροσθεν
1039 605 1286 657 μετακλίνας
1296 636 1309 658 ,
1348 602 1484 647 ἔπειτα
1502 603 1577 660 τὴν
1601 604 1728 647 αὖτο-

242 674 391 727 νομιάν
420 676 496 727 τῆς
525 670 689 729 φύσεως
718 666 846 722 αὖθις
879 673 1013 730 ἐκείνῳ
1043 671 1275 729 παράσχοι,
1314 672 1363 716 οὗ
1383 674 1488 730 πρὸς
1509 673 1556 716 τὸ
1580 672 1728 730 ὄρθιον

243 741 373 791 εὐθὺς
406 741 556 789 ἐκεῖνος
582 739 807 798 φερόμενος
836 741 1020 798 ἀτρεμεῖ·
1060 742 1147 784 ἀλλ’
1178 740 1340 800 ἀθρόον
1372 743 1436 785 ἐπὶ
1470 743 1522 786 τὰ
1554 742 1728 786 ὄπισθεν

242 810 410 869 φέρεται
427 811 495 852 καὶ
515 812 712 863 δονεῖται,
751 812 818 853 καὶ
841 815 1024 868 θορυβεῖ
1037 811 1108 854 τὸν
1129 812 1230 867 ἀέρα
1262 810 1424 869 μακρόν
1446 830 1538 856 τινα
1558 810 1726 870 χρόνον,

244 880 321 931 ἕως
340 880 420 934 ὀψὲ
443 881 511 922 καὶ
542 878 662 934 μόλις
694 880 756 921 ἐπὶ
783 880 859 935 τὴν
881 881 1087 937 προτέραν
1110 881 1244 938 ἠρέμα
1272 887 1348 937 τῆς
1371 880 1604 938 εὐθύτητος
1626 883 1727 925 gmi-
1739 882 1785 918 10

243 966 319 1005 νης
349 949 518 992 ἀνέλθοι
548 947 706 993 στάσιν.
755 949 833 1006 ἐγώ
863 949 907 992 δ’
944 947 1025 992 ὑπὸ
1065 955 1230 994 πολλῶν
1249 950 1511 1007 πολλαχόθεν
1531 949 1729 1002 πολλάκις

246 1018 394 1063 ἄλλοτ’
422 1018 557 1069 ἄλλως
579 1018 655 1075 τὴν
688 1016 849 1075 εῗρήνην
875 1017 1109 1073 μισούντων
1131 1019 1372 1076 ὠθούμενος
1407 1021 1477 1079 ἐφ’
1509 1019 1600 1071 ἑνὸς
1624 1022 1728 1078 ἐρεί-

115 1095 157 1129 Ρ.
170 1093 239 1131 365
251 1090 377 1143 δομαι
408 1084 563 1141 τόπου,
609 1092 686 1144 τῆς
711 1088 817 1145 πρὸς
843 1089 945 1132 θεὸν
979 1090 1170 1143 ἐλπίδος,
1218 1092 1287 1133 καὶ
1314 1095 1390 1146 τῆς
1414 1088 1627 1146 συνήθους
1653 1090 1728 1134 οὗκ

245 1159 492 1208 ἐξίστασθαι
512 1157 626 1200 θέλω
647 1156 882 1215 πραότητος
898 1158 974 1201 οὐδ
982 1157 995 1174 ³
1020 1159 1083 1200 ἐπὶ
1102 1158 1251 1216 βραχύ.
1290 1160 1395 1203 ἀλλὰ
1414 1161 1542 1218 πέτρα
1565 1162 1729 1216 γίνομαι

246 1225 449 1285 παράλιος
471 1228 538 1270 καὶ
562 1224 648 1270 οἷόν
679 1243 742 1276 τις
771 1227 958 1284 προβλὴς
991 1227 1229 1282 ἆτίνακτος,
1278 1234 1360 1272 τῶν
1390 1230 1648 1285 μαινομένων
1666 1229 1727 1272 ἀεὶ
1742 1233 1786 1270 15

248 1296 344 1340 κατ’
383 1297 484 1351 ἐμοῦ
513 1300 589 1352 τῆς
609 1296 779 1339 οἶασοῦν
815 1295 1032 1352 θαλάττης
1063 1298 1221 1354 ῥοθίων
1241 1305 1527 1358 καταφρονῶν.
1566 1301 1731 1356 κρίκους

248 1366 298 1409 δέ
314 1382 429 1416 τινας
447 1363 534 1408 οἷον
561 1364 848 1423 ἓμπεφυκότας
879 1366 957 1422 ἔχω
977 1384 1019 1423 γε
1050 1365 1186 1426 κύκλῳ
1210 1366 1326 1424 μάλα
1346 1386 1409 1412 τοι
1430 1372 1646 1419 πλείστους
1663 1369 1731 1411 κάὶ

246 1435 562 1488 παντοδαποὺς,
613 1436 835 1492 ἐρείσματα
868 1435 1002 1492 δήπου
1039 1441 1123 1479 τῶν
1160 1439 1425 1494 βουλομένων
1462 1440 1504 1482 ἔκ
1531 1437 1732 1495 πελάγους

247 1506 316 1547 καὶ
346 1502 553 1554 κλύδωνος
579 1502 765 1547 ὁλκάδων
794 1503 975 1556 ἐξάπτειν
1005 1507 1072 1549 καὶ
1097 1508 1258 1562 δεσμεῖν
1281 1508 1379 1558 τοὺς
1400 1507 1535 1559 κάλως
1557 1506 1728 1551 ἑαυτῶν.

209 1572 302 1616 Βᾶν
321 1574 370 1616 δέ
386 1581 490 1623 τινες
511 1575 700 1617 ἐντεῦθεν
720 1574 1057 1618 ἇποσπασθεῖσαι
1068 1609 1082 1629 ,
1129 1577 1296 1632 συμβὰν
1328 1576 1484 1621 οὗτωσί
1501 1595 1612 1630 πως,
1650 1578 1727 1621 εἴτε
1741 1590 1787 1626 {o

192 1642 195 1646 i
244 1647 330 1686 τῶν
351 1644 564 1686 καλωδίων
585 1642 814 1701 ῥαγέντων,
853 1644 931 1688 εἴτε
961 1649 1035 1688 τοῦ
1059 1647 1213 1700 δεσμοῦ
1231 1647 1453 1701 λυθέντος,
1493 1648 1732 1699 ἔξωκείλωσι

246 1712 351 1769 πρὸς
371 1712 469 1762 τοὺς
485 1715 704 1769 πελαγίους
729 1712 1021 1772 καταρράκτας
1050 1715 1116 1769 καὶ
1138 1714 1377 1770 κλύδωνας,
1417 1717 1466 1760 οὗ
1486 1722 1560 1774 τῆς
1579 1717 1732 1774 πέτρας

247 1781 344 1824 οὐδὲ
375 1786 451 1837 τῆς
477 1782 577 1837 ἒμῆς
603 1783 687 1824 ἔστι
711 1780 875 1839 γνώμης
900 1783 1161 1840 τοῦγκλημα,
1201 1784 1307 1829 ἀλλὰ
1327 1791 1402 1842 τῆς
1423 1791 1506 1830 τῶν
1524 1788 1730 1840 ἐπιβατῶν

247 1854 475 1909 προφανῶς
486 1850 729 1906 ἇβουλιάς.”
771 1850 878 1895 Τότε
895 1853 971 1908 μὲν
990 1849 1064 1896 οὖν
1077 1852 1209 1905 οὕτως
1219 1853 1406 1906 εἰπόντος
1421 1857 1587 1910 ἐκείνου,
1609 1873 1730 1899 κατε-

342 1957 399 1998 14.
427 1960 579 2007 γίνομαι
601 1974 664 1997 em.
688 1962 787 1998 Boiv.
810 1975 875 2011 pro
899 1962 1101 2011 γινόμεναι.

248 2051 447 2089 felicitatem
474 2055 518 2090 ab
539 2054 616 2089 aliis
639 2055 682 2089 ad
703 2055 789 2090 alios
812 2056 973 2093 facillime
991 2059 1228 2102 transferunt,
1251 2059 1472 2106 timendaque
1498 2059 1653 2095 omnibus
1676 2064 1731 2095 est

248 2111 355 2135 caeca
375 2102 541 2146 temporis
560 2102 770 2137 volubilitas.
818 2104 896 2148 Ego
915 2110 1009 2139 certe
1031 2106 1080 2139 ita
1099 2117 1235 2151 semper
1260 2107 1342 2140 mihi
1368 2107 1437 2152 ipsi
1457 2114 1597 2148 consto,
1625 2112 1663 2141 ut
1681 2108 1731 2140 si-

242 2147 356 2182 milem
381 2157 434 2183 me
450 2159 543 2182 ramo
563 2160 739 2191 censeam,
763 2149 821 2195 qui
839 2150 936 2185 felici
957 2151 1069 2186 indole
1087 2152 1239 2197 assurgit
1258 2158 1294 2187 et
1315 2165 1479 2199 procerus
1502 2163 1637 2189 sursum
1660 2154 1732 2188 eri-.-

243 2193 351 2239 gitur.
397 2196 444 2228 At
462 2194 493 2228 is
513 2194 648 2241 quidem
677 2195 762 2230 illud
789 2196 894 2231 habet
919 2198 1116 2244 peculiare,
1150 2200 1243 2245 quod
1270 2211 1335 2245 ego
1365 2201 1394 2234 si
1422 2201 1603 2241 haberem,
1630 2201 1731 2246 culpa

243 2251 312 2274 non
340 2250 508 2274 vacarem.
563 2241 650 2276 Eum
674 2242 763 2277 enim
791 2242 821 2277 si
848 2243 925 2289 quis
953 2256 1016 2290 per
1043 2245 1111 2279 vim
1137 2244 1172 2279 in
1205 2246 1384 2281 adversam
1416 2251 1547 2292 partem
1576 2246 1731 2288 inclinet,

245 2285 371 2321 deinde
392 2287 583 2321 naturalem
607 2287 803 2324 libertatem
820 2291 995 2334 restituat,
1021 2302 1089 2325 non
1112 2291 1272 2326 continuo
1292 2293 1382 2328 idem
1403 2298 1475 2327 stat
1493 2299 1642 2335 erectus,
1668 2293 1731 2328 sed

246 2333 429 2367 confestim
444 2338 633 2369 retrorsum
651 2335 763 2369 fertur
786 2340 823 2370 et
842 2336 1005 2381 agitatur,
1028 2342 1064 2372 et
1084 2338 1292 2384 aliquamdiu
1315 2351 1415 2374 auras
1433 2339 1643 2380 diverberat,
1669 2340 1732 2374 do-

243 2388 310 2414 nec
333 2378 394 2414 vix
412 2379 549 2415 tandem
571 2381 616 2415 ad
639 2381 787 2426 priorem
805 2389 1022 2430 erectumque
1044 2389 1169 2419 statum
1190 2385 1314 2420 sensim
1340 2387 1472 2420 redeat.
1521 2386 1610 2421 Mihi
1631 2397 1729 2428 vero,

242 2436 345 2506 ssuem
362 2425 460 2460 multi
478 2425 557 2461 hinc
577 2431 613 2461 et
629 2427 729 2471 inde,
754 2440 873 2475 pacem
893 2431 1007 2473 exosi,
1034 2431 1093 2465 alii
1111 2431 1198 2465 alias
1219 2432 1365 2467 subinde
1382 2433 1578 2479 impellunt,
1597 2443 1676 2477 spes
1695 2433 1732 2467 in

279 2483 319 2506 eo
340 2472 509 2507 collocata
530 2473 604 2508 est:
628 2474 693 2508 hoc
718 2485 784 2509 uno
804 2474 952 2519 innitor3
978 2488 1019 2511 ac
1042 2489 1083 2512 nc
1107 2478 1276 2513 tantillum
1305 2479 1441 2526 quidem
1467 2480 1546 2514 volo
1566 2479 1732 2514 recedere

243 2517 384 2552 asolita
408 2518 470 2553 illa
493 2519 684 2555 clementia.
732 2522 804 2556 Sed
831 2522 916 2557 mari
944 2523 1080 2558 obiecta
1106 2536 1233 2570 rupes,
1266 2528 1302 2559 et
1329 2525 1467 2571 quidam
1495 2525 1593 2571 quasi
1622 2536 1732 2570 agger

242 2562 412 2607 immotus,
438 2565 592 2601 furentes
608 2577 718 2613 usque
739 2567 773 2601 in
792 2580 844 2603 me
863 2569 1039 2615 qualiscun
1065 2582 1108 2605 ue
1132 2571 1247 2618 pelagi
1270 2571 1396 2606 fluctus
1420 2577 1609 2606 contemno.
1657 2574 1730 2606 An·-

242 2609 343 2645 nulus
368 2614 503 2654 autem,
536 2613 593 2659 qui
618 2612 701 2648 mihi
721 2613 856 2660 plurimi
876 2627 917 2650 ac
934 2616 1051 2662 multip
1065 2617 1137 2652 ices
1159 2618 1255 2652 velut
1280 2618 1377 2652 infixi
1395 2619 1557 2659 haerent,
1583 2617 1730 2652 circum-

241 2657 339 2700 fero,
364 2662 486 2704 parata
509 2659 654 2694 navibus
678 2660 875 2705 praesidia,
910 2673 998 2708 quae
1018 2674 1060 2697 ex
1081 2663 1150 2697 alto
1176 2663 1397 2710 hibernisque
1424 2665 1588 2699 fluctibus
1607 2664 1728 2699 volunt

241 2701 342 2738 funes
362 2715 442 2739 suos
458 2704 608 2759 religare
626 2711 663 2741 et
677 2701 774 2741 nodo*
796 2708 1046 2754 constringere.
1093 2710 1195 2752 Quod
1213 2710 1242 2744 si
1262 2722 1352 2756 quae
1370 2711 1453 2745 inde
1474 2722 1555 2745 casu
1574 2712 1726 2752 avulsae,

241 2759 304 2784 eeu
323 2750 438 2796 ruptis
462 2751 618 2795 sumbus,
650 2764 713 2788 seu
740 2753 830 2789 nodo
852 2754 1043 2798 dissoluto,
1066 2754 1101 2790 in
1123 2756 1225 2791 maris
1247 2757 1432 2802 voragines
1458 2769 1499 2792 ac
1516 2757 1642 2792 fluctus
1665 2757 1728 2791 de-

239 2793 333 2831 latae
355 2797 443 2840 sint,
467 2809 535 2833 non
556 2810 594 2833 ru
622 2811 692 2843 em,
717 2811 785 2835 non
806 2802 1010 2837 sententiam
1031 2813 1157 2845 meam,
1181 2803 1243 2838 sed
1268 2809 1446 2839 nautarum
1464 2803 1726 2850 imprudentiam
1758 2808 1763 2813 “

240 2841 279 2877 in
303 2843 404 2891 culpa
428 2855 506 2880 esse
525 2810 670 2882 evidens
695 2845 793 2883 est.'’
838 2847 918 2886 Hac
937 2852 1009 2884 tum
1032 2848 1140 2895 igitur
1168 2850 1212 2885 ab
1232 2849 1291 2885 illo
1316 2850 1473 2886 oratione
1497 2850 1637 2893 habita,
1671 2862 1726 2885 res
