<?xml version="1.0" encoding="UTF-8"?>
<!DOCTYPE html PUBLIC "-//W3C//DTD XHTML 1.0 Transitional//EN"
    "http://www.w3.org/TR/xhtml1/DTD/xhtml1-transitional.dtd">
<html xmlns="http://www.w3.org/1999/xhtml" xml:lang="en" lang="en">
 <head>
  <title>
</title>
<meta http-equiv="Content-Type" content="text/html;charset=utf-8" />
  <meta name='ocr-system' content='tesseract 3.04.00' />
  <meta name='ocr-capabilities' content='ocr_page ocr_carea ocr_par ocr_line ocrx_word'/>
</head>
<body>
  <div class='ocr_page' id='page_1' title='image "./corpusscriptorum39niebuoft_0133.png"; bbox 0 0 1794 3172; ppageno 0'>
   <div class='ocr_carea' id='block_1_1' title="bbox 331 116 1599 196">
    <p class='ocr_par' dir='ltr' id='par_1_1' title="bbox 331 116 1599 196">
     <span class='ocr_line' id='line_1_1' title="bbox 331 116 1599 196; baseline -0.002 -1"><span class='ocrx_word' id='word_1_1' title='bbox 331 116 559 196; x_wconf 76' lang='lat' dir='ltr'><strong><em>NlcEPn.</em></strong></span> <span class='ocrx_word' id='word_1_2' title='bbox 589 148 764 194; x_wconf 82' lang='lat' dir='ltr'><strong><em>GREG.</em></strong></span> <span class='ocrx_word' id='word_1_3' title='bbox 794 147 946 193; x_wconf 76' lang='lat' dir='ltr'><strong><em>HlsT.</em></strong></span> <span class='ocrx_word' id='word_1_4' title='bbox 973 148 1217 195; x_wconf 75' lang='lat' dir='ltr'><strong><em>BYZANr.</em></strong></span> <span class='ocrx_word' id='word_1_5' title='bbox 1247 148 1364 196; x_wconf 83' lang='lat' dir='ltr'><strong><em>XIV.</em></strong></span> <span class='ocrx_word' id='word_1_6' title='bbox 1502 145 1599 193; x_wconf 82' lang='lat'><strong><em>691</em></strong></span> 
     </span>
    </p>
   </div>
   <div class='ocr_carea' id='block_1_2' title="bbox 90 254 1632 2740">
    <p class='ocr_par' dir='ltr' id='par_1_2' title="bbox 90 254 1632 2740">
     <span class='ocr_line' id='line_1_2' title="bbox 118 254 1632 304; baseline 0 -12"><span class='ocrx_word' id='word_1_7' title='bbox 118 268 212 304; x_wconf 86' lang='lat' dir='ltr'><strong><em>gnas</em></strong></span> <span class='ocrx_word' id='word_1_8' title='bbox 234 256 421 303; x_wconf 81' lang='lat' dir='ltr'><strong><em>angustias</em></strong></span> <span class='ocrx_word' id='word_1_9' title='bbox 443 256 626 290; x_wconf 84' lang='lat' dir='ltr'><strong><em>adductus.</em></strong></span> <span class='ocrx_word' id='word_1_10' title='bbox 677 254 958 290; x_wconf 84' lang='lat' dir='ltr'><strong><em>Tumultuariam</em></strong></span> <span class='ocrx_word' id='word_1_11' title='bbox 982 259 1016 289; x_wconf 90' lang='lat' dir='ltr'><strong><em>et</em></strong></span> <span class='ocrx_word' id='word_1_12' title='bbox 1037 254 1194 299; x_wconf 79' lang='lat' dir='ltr'><strong><em>iniquam</em></strong></span> <span class='ocrx_word' id='word_1_13' title='bbox 1223 265 1385 300; x_wconf 88' lang='lat' dir='ltr'><strong><em>pugnam</em></strong></span> <span class='ocrx_word' id='word_1_14' title='bbox 1409 256 1602 292; x_wconf 88' lang='lat' dir='ltr'><strong><em>committit.</em></strong></span> <span class='ocrx_word' id='word_1_15' title='bbox 1628 300 1632 302; x_wconf 20' lang='lat' dir='ltr'>q</span> 
     </span>
     <span class='ocr_line' id='line_1_3' title="bbox 117 302 1602 350; baseline -0.001 -11"><span class='ocrx_word' id='word_1_16' title='bbox 117 305 301 350; x_wconf 82' lang='lat' dir='ltr'><strong><em>Armigeri</em></strong></span> <span class='ocrx_word' id='word_1_17' title='bbox 323 305 483 347; x_wconf 73' lang='lat' dir='ltr'><strong><em>beneficio</em></strong></span> <span class='ocrx_word' id='word_1_18' title='bbox 507 303 625 336; x_wconf 83' lang='lat' dir='ltr'><strong><em>salvus</em></strong></span> <span class='ocrx_word' id='word_1_19' title='bbox 648 302 778 336; x_wconf 85' lang='lat' dir='ltr'><strong><em>evadit.</em></strong></span> <span class='ocrx_word' id='word_1_20' title='bbox 829 302 994 336; x_wconf 81' lang='lat' dir='ltr'><strong><em>Hostibus</em></strong></span> <span class='ocrx_word' id='word_1_21' title='bbox 1015 302 1158 336; x_wconf 87' lang='lat' dir='ltr'><strong><em>tandem</em></strong></span> <span class='ocrx_word' id='word_1_22' title='bbox 1182 303 1310 336; x_wconf 87' lang='lat' dir='ltr'><strong><em>coactis</em></strong></span> <span class='ocrx_word' id='word_1_23' title='bbox 1331 303 1511 345; x_wconf 79' lang='lat' dir='ltr'><strong><em>recedere,</em></strong></span> <span class='ocrx_word' id='word_1_24' title='bbox 1537 304 1602 338; x_wconf 92' lang='lat' dir='ltr'><strong><em>Di-</em></strong></span> 
     </span>
     <span class='ocr_line' id='line_1_4' title="bbox 118 348 1603 395; baseline -0.001 -9"><span class='ocrx_word' id='word_1_25' title='bbox 118 351 350 395; x_wconf 76' lang='lat' dir='ltr'><strong><em>dymotichum</em></strong></span> <span class='ocrx_word' id='word_1_26' title='bbox 373 351 447 384; x_wconf 90' lang='lat' dir='ltr'><strong><em>abit</em></strong></span> <span class='ocrx_word' id='word_1_27' title='bbox 471 348 542 394; x_wconf 85' lang='lat'><strong><em>(4).</em></strong></span> <span class='ocrx_word' id='word_1_28' title='bbox 594 350 815 394; x_wconf 83' lang='lat' dir='ltr'><strong><em>Apocaucus,</em></strong></span> <span class='ocrx_word' id='word_1_29' title='bbox 849 354 1078 394; x_wconf 85' lang='lat' dir='ltr'><strong><em>opportunam</em></strong></span> <span class='ocrx_word' id='word_1_30' title='bbox 1101 350 1311 382; x_wconf 80' lang='lat' dir='ltr'><strong><em>occasionem</em></strong></span> <span class='ocrx_word' id='word_1_31' title='bbox 1337 354 1462 384; x_wconf 87' lang='lat' dir='ltr'><strong><em>nactus</em></strong></span> <span class='ocrx_word' id='word_1_32' title='bbox 1485 351 1603 395; x_wconf 84' lang='lat' dir='ltr'><strong><em>oppri-</em></strong></span> 
     </span>
     <span class='ocr_line' id='line_1_5' title="bbox 119 395 1601 442; baseline 0 -10"><span class='ocrx_word' id='word_1_33' title='bbox 119 398 237 432; x_wconf 85' lang='lat' dir='ltr'><strong><em>mendi</em></strong></span> <span class='ocrx_word' id='word_1_34' title='bbox 258 398 502 438; x_wconf 59' lang='lat' dir='ltr'><strong><em>Cantacuzeffl,</em></strong></span> <span class='ocrx_word' id='word_1_35' title='bbox 528 397 653 430; x_wconf 85' lang='lat' dir='ltr'><strong><em>bellum</em></strong></span> <span class='ocrx_word' id='word_1_36' title='bbox 671 401 837 441; x_wconf 86' lang='lat' dir='ltr'><strong><em>apparat.</em></strong></span> <span class='ocrx_word' id='word_1_37' title='bbox 884 395 1163 439; x_wconf 76' lang='lat' dir='ltr'><strong><em>Didymotichum</em></strong></span> <span class='ocrx_word' id='word_1_38' title='bbox 1187 396 1337 430; x_wconf 73' lang='lat' dir='ltr'><strong><em>exercitu</em></strong></span> <span class='ocrx_word' id='word_1_39' title='bbox 1356 397 1483 440; x_wconf 85' lang='lat' dir='ltr'><strong><em>infesto</em></strong></span> <span class='ocrx_word' id='word_1_40' title='bbox 1496 398 1601 442; x_wconf 84' lang='lat' dir='ltr'><strong><em>petit.</em></strong></span> 
     </span>
     <span class='ocr_line' id='line_1_6' title="bbox 119 442 1600 488; baseline 0 -10"><span class='ocrx_word' id='word_1_41' title='bbox 119 443 283 488; x_wconf 81' lang='lat' dir='ltr'><strong><em>Pythium</em></strong></span> <span class='ocrx_word' id='word_1_42' title='bbox 311 445 490 478; x_wconf 87' lang='lat' dir='ltr'><strong><em>castellum</em></strong></span> <span class='ocrx_word' id='word_1_43' title='bbox 514 444 658 477; x_wconf 82' lang='lat' dir='ltr'><strong><em>obsidet.</em></strong></span> <span class='ocrx_word' id='word_1_44' title='bbox 718 443 995 476; x_wconf 82' lang='lat' dir='ltr'><strong><em>Cantacuzenum</em></strong></span> <span class='ocrx_word' id='word_1_45' title='bbox 1017 443 1120 477; x_wconf 89' lang='lat' dir='ltr'><strong><em>multi</em></strong></span> <span class='ocrx_word' id='word_1_46' title='bbox 1143 454 1161 476; x_wconf 93' lang='lat' dir='ltr'><strong><em>e</em></strong></span> <span class='ocrx_word' id='word_1_47' title='bbox 1183 443 1254 477; x_wconf 88' lang='lat' dir='ltr'><strong><em>suis</em></strong></span> <span class='ocrx_word' id='word_1_48' title='bbox 1276 442 1451 477; x_wconf 88' lang='lat' dir='ltr'><strong><em>deserunt.</em></strong></span> <span class='ocrx_word' id='word_1_49' title='bbox 1503 444 1600 478; x_wconf 80' lang='lat' dir='ltr'><strong><em>Reli-</em></strong></span> 
     </span>
     <span class='ocr_line' id='line_1_7' title="bbox 116 489 1599 537; baseline -0.001 -12"><span class='ocrx_word' id='word_1_50' title='bbox 116 503 260 537; x_wconf 74' lang='lat' dir='ltr'><strong><em>quorum</em></strong></span> <span class='ocrx_word' id='word_1_51' title='bbox 283 491 524 535; x_wconf 84' lang='lat' dir='ltr'><strong><em>intempestiva</em></strong></span> <span class='ocrx_word' id='word_1_52' title='bbox 547 490 738 534; x_wconf 89' lang='lat' dir='ltr'><strong><em>postulata.</em></strong></span> <span class='ocrx_word' id='word_1_53' title='bbox 779 490 891 534; x_wconf 84' lang='lat' dir='ltr'><strong><em>Ipsius</em></strong></span> <span class='ocrx_word' id='word_1_54' title='bbox 908 500 1087 533; x_wconf 81' lang='lat' dir='ltr'><strong><em>responsa·</em></strong></span> <span class='ocrx_word' id='word_1_55' title='bbox 1120 489 1336 524; x_wconf 77' lang='lat' dir='ltr'><strong><em>Andronicus</em></strong></span> <span class='ocrx_word' id='word_1_56' title='bbox 1351 489 1599 536; x_wconf 84' lang='lat' dir='ltr'><strong><em>Palaeologus,</em></strong></span> 
     </span>
     <span class='ocr_line' id='line_1_8' title="bbox 118 536 1602 583; baseline 0.001 -12"><span class='ocrx_word' id='word_1_57' title='bbox 118 538 295 582; x_wconf 87' lang='lat' dir='ltr'><strong><em>Apocauci</em></strong></span> <span class='ocrx_word' id='word_1_58' title='bbox 316 549 449 583; x_wconf 88' lang='lat' dir='ltr'><strong><em>gener,</em></strong></span> <span class='ocrx_word' id='word_1_59' title='bbox 479 537 630 581; x_wconf 86' lang='lat' dir='ltr'><strong><em>fluvium</em></strong></span> <span class='ocrx_word' id='word_1_60' title='bbox 653 536 870 570; x_wconf 72' lang='lat' dir='ltr'><strong><em>transmundo</em></strong></span> <span class='ocrx_word' id='word_1_61' title='bbox 900 536 1146 581; x_wconf 71' lang='lat' dir='ltr'><strong><em>submergitur.</em></strong></span> <span class='ocrx_word' id='word_1_62' title='bbox 1193 537 1397 581; x_wconf 89' lang='lat' dir='ltr'><strong><em>Apocaucus</em></strong></span> <span class='ocrx_word' id='word_1_63' title='bbox 1419 549 1444 571; x_wconf 91' lang='lat' dir='ltr'><strong><em>a</em></strong></span> <span class='ocrx_word' id='word_1_64' title='bbox 1468 538 1602 572; x_wconf 90' lang='lat' dir='ltr'><strong><em>Ioanne</em></strong></span> 
     </span>
     <span class='ocr_line' id='line_1_9' title="bbox 119 583 1604 629; baseline 0.001 -11"><span class='ocrx_word' id='word_1_65' title='bbox 119 585 259 618; x_wconf 81' lang='lat' dir='ltr'><strong><em>Gabala</em></strong></span> <span class='ocrx_word' id='word_1_66' title='bbox 290 584 386 629; x_wconf 90' lang='lat' dir='ltr'><strong><em>apud</em></strong></span> <span class='ocrx_word' id='word_1_67' title='bbox 416 584 670 628; x_wconf 80' lang='lat' dir='ltr'><strong><em>imperatricem</em></strong></span> <span class='ocrx_word' id='word_1_68' title='bbox 696 584 834 617; x_wconf 87' lang='lat' dir='ltr'><strong><em>Annam</em></strong></span> <span class='ocrx_word' id='word_1_69' title='bbox 856 587 1051 617; x_wconf 87' lang='lat' dir='ltr'><strong><em>accusatur.</em></strong></span> <span class='ocrx_word' id='word_1_70' title='bbox 1098 583 1309 627; x_wconf 76' lang='lat' dir='ltr'><strong><em>Byzantium</em></strong></span> <span class='ocrx_word' id='word_1_71' title='bbox 1330 583 1433 619; x_wconf 87' lang='lat' dir='ltr'><strong><em>redit.</em></strong></span> <span class='ocrx_word' id='word_1_72' title='bbox 1484 585 1604 629; x_wconf 89' lang='lat' dir='ltr'><strong><em>Impe-</em></strong></span> 
     </span>
     <span class='ocr_line' id='line_1_10' title="bbox 116 630 1602 676; baseline 0.001 -11"><span class='ocrx_word' id='word_1_73' title='bbox 116 632 280 665; x_wconf 88' lang='lat' dir='ltr'><strong><em>ratricem</em></strong></span> <span class='ocrx_word' id='word_1_74' title='bbox 301 632 435 676; x_wconf 85' lang='lat' dir='ltr'><strong><em>placat.</em></strong></span> <span class='ocrx_word' id='word_1_75' title='bbox 489 630 588 663; x_wconf 84' lang='lat' dir='ltr'><strong><em>Urbis</em></strong></span> <span class='ocrx_word' id='word_1_76' title='bbox 610 641 724 664; x_wconf 88' lang='lat' dir='ltr'><strong><em>muros</em></strong></span> <span class='ocrx_word' id='word_1_77' title='bbox 744 630 855 674; x_wconf 85' lang='lat' dir='ltr'><strong><em>reficit</em></strong></span> <span class='ocrx_word' id='word_1_78' title='bbox 885 630 959 675; x_wconf 89' lang='lat'>(5).</span> <span class='ocrx_word' id='word_1_79' title='bbox 1010 630 1137 664; x_wconf 84' lang='lat' dir='ltr'><strong><em>Clades</em></strong></span> <span class='ocrx_word' id='word_1_80' title='bbox 1160 642 1201 664; x_wconf 73' lang='lat' dir='ltr'><strong><em>ex</em></strong></span> <span class='ocrx_word' id='word_1_81' title='bbox 1222 631 1410 675; x_wconf 78' lang='lat' dir='ltr'><strong><em>grandine.</em></strong></span> <span class='ocrx_word' id='word_1_82' title='bbox 1457 632 1510 666; x_wconf 91' lang='lat' dir='ltr'><strong><em>De</em></strong></span> <span class='ocrx_word' id='word_1_83' title='bbox 1532 643 1602 666; x_wconf 87' lang='lat' dir='ltr'><strong><em>na-</em></strong></span> 
     </span>
     <span class='ocr_line' id='line_1_11' title="bbox 114 677 1601 723; baseline -0.001 -9"><span class='ocrx_word' id='word_1_84' title='bbox 114 683 199 714; x_wconf 81' lang='lat' dir='ltr'><strong><em>tura</em></strong></span> <span class='ocrx_word' id='word_1_85' title='bbox 220 678 418 723; x_wconf 89' lang='lat' dir='ltr'><strong><em>grandinis.</em></strong></span> <span class='ocrx_word' id='word_1_86' title='bbox 461 677 604 711; x_wconf 85' lang='lat' dir='ltr'><strong><em>Grando</em></strong></span> <span class='ocrx_word' id='word_1_87' title='bbox 620 677 755 720; x_wconf 86' lang='lat' dir='ltr'><strong><em>furoris</em></strong></span> <span class='ocrx_word' id='word_1_88' title='bbox 778 677 888 711; x_wconf 84' lang='lat' dir='ltr'><strong><em>divini</em></strong></span> <span class='ocrx_word' id='word_1_89' title='bbox 909 677 1175 711; x_wconf 79' lang='lat' dir='ltr'><strong><em>instrumentum</em></strong></span> <span class='ocrx_word' id='word_1_90' title='bbox 1199 677 1270 722; x_wconf 87' lang='lat'>(6).</span> <span class='ocrx_word' id='word_1_91' title='bbox 1305 678 1485 713; x_wconf 80' lang='lat' dir='ltr'><strong><em>Ecclesiae</em></strong></span> <span class='ocrx_word' id='word_1_92' title='bbox 1502 679 1601 713; x_wconf 86' lang='lat' dir='ltr'><strong><em>mala</em></strong></span> 
     </span>
     <span class='ocr_line' id='line_1_12' title="bbox 115 724 1600 770; baseline 0.001 -11"><span class='ocrx_word' id='word_1_93' title='bbox 115 725 267 759; x_wconf 87' lang='lat' dir='ltr'><strong><em>omnium</em></strong></span> <span class='ocrx_word' id='word_1_94' title='bbox 297 724 523 770; x_wconf 82' lang='lat' dir='ltr'><strong><em>gravissima.</em></strong></span> <span class='ocrx_word' id='word_1_95' title='bbox 579 724 632 758; x_wconf 91' lang='lat' dir='ltr'><strong><em>De</em></strong></span> <span class='ocrx_word' id='word_1_96' title='bbox 657 724 884 758; x_wconf 87' lang='lat' dir='ltr'><strong><em>Massalianis</em></strong></span> <span class='ocrx_word' id='word_1_97' title='bbox 906 729 942 758; x_wconf 89' lang='lat' dir='ltr'><strong><em>et</em></strong></span> <span class='ocrx_word' id='word_1_98' title='bbox 963 724 1157 769; x_wconf 86' lang='lat' dir='ltr'><strong><em>Bogomilis</em></strong></span> <span class='ocrx_word' id='word_1_99' title='bbox 1189 725 1226 757; x_wconf 90' lang='lat' dir='ltr'><strong><em>in</em></strong></span> <span class='ocrx_word' id='word_1_100' title='bbox 1247 729 1362 758; x_wconf 90' lang='lat' dir='ltr'><strong><em>monte</em></strong></span> <span class='ocrx_word' id='word_1_101' title='bbox 1384 725 1477 759; x_wconf 85' lang='lat' dir='ltr'><strong><em>Atho</em></strong></span> <span class='ocrx_word' id='word_1_102' title='bbox 1507 736 1600 760; x_wconf 87' lang='lat' dir='ltr'><strong><em>com-</em></strong></span> 
     </span>
     <span class='ocr_line' id='line_1_13' title="bbox 111 770 1600 817; baseline 0.001 -11"><span class='ocrx_word' id='word_1_103' title='bbox 111 772 301 817; x_wconf 78' lang='lat' dir='ltr'><strong><em>prehensis.</em></strong></span> <span class='ocrx_word' id='word_1_104' title='bbox 332 771 422 805; x_wconf 84' lang='lat' dir='ltr'><strong><em>Eius</em></strong></span> <span class='ocrx_word' id='word_1_105' title='bbox 442 770 568 805; x_wconf 85' lang='lat' dir='ltr'><strong><em>montis</em></strong></span> <span class='ocrx_word' id='word_1_106' title='bbox 590 771 829 805; x_wconf 73' lang='lat' dir='ltr'><strong><em>amoenitates.</em></strong></span> <span class='ocrx_word' id='word_1_107' title='bbox 861 771 971 804; x_wconf 80' lang='lat' dir='ltr'><strong><em>Athos</em></strong></span> <span class='ocrx_word' id='word_1_108' title='bbox 987 772 1161 815; x_wconf 83' lang='lat' dir='ltr'><strong><em>ferociam</em></strong></span> <span class='ocrx_word' id='word_1_109' title='bbox 1185 771 1322 805; x_wconf 75' lang='lat' dir='ltr'><strong><em>Xerxac</em></strong></span> <span class='ocrx_word' id='word_1_110' title='bbox 1345 771 1488 807; x_wconf 80' lang='lat' dir='ltr'><strong><em>domuit.</em></strong></span> <span class='ocrx_word' id='word_1_111' title='bbox 1531 772 1600 808; x_wconf 82' lang='lat' dir='ltr'><strong><em>Um·</em></strong></span> 
     </span>
     <span class='ocr_line' id='line_1_14' title="bbox 113 818 1599 862; baseline 0.001 -10"><span class='ocrx_word' id='word_1_112' title='bbox 113 819 236 852; x_wconf 76' lang='lat' dir='ltr'><strong><em>virtuti</em></strong></span> <span class='ocrx_word' id='word_1_113' title='bbox 260 820 378 862; x_wconf 83' lang='lat' dir='ltr'><strong><em>favet.</em></strong></span> <span class='ocrx_word' id='word_1_114' title='bbox 438 818 736 862; x_wconf 86' lang='lat' dir='ltr'><strong><em>Deprehensorum</em></strong></span> <span class='ocrx_word' id='word_1_115' title='bbox 771 818 841 852; x_wconf 89' lang='lat' dir='ltr'><strong><em>illic</em></strong></span> <span class='ocrx_word' id='word_1_116' title='bbox 880 818 1134 853; x_wconf 88' lang='lat' dir='ltr'><strong><em>haereticorum</em></strong></span> <span class='ocrx_word' id='word_1_117' title='bbox 1172 818 1325 853; x_wconf 87' lang='lat' dir='ltr'><strong><em>nomina.</em></strong></span> <span class='ocrx_word' id='word_1_118' title='bbox 1389 819 1599 856; x_wconf 85' lang='lat' dir='ltr'><strong><em>Eorumdem</em></strong></span> 
     </span>
     <span class='ocr_line' id='line_1_15' title="bbox 114 864 1600 910; baseline 0.001 -11"><span class='ocrx_word' id='word_1_119' title='bbox 114 866 286 910; x_wconf 82' lang='lat' dir='ltr'><strong><em>dogmata</em></strong></span> <span class='ocrx_word' id='word_1_120' title='bbox 302 866 440 909; x_wconf 89' lang='lat' dir='ltr'><strong><em>impura</em></strong></span> <span class='ocrx_word' id='word_1_121' title='bbox 465 865 572 898; x_wconf 84' lang='lat' dir='ltr'><strong><em>&#39;Iomo</em></strong></span> <span class='ocrx_word' id='word_1_122' title='bbox 588 865 756 908; x_wconf 78' lang='lat' dir='ltr'><strong><em>Synodico</em></strong></span> <span class='ocrx_word' id='word_1_123' title='bbox 781 865 1035 909; x_wconf 87' lang='lat' dir='ltr'><strong><em>comprehensa.</em></strong></span> <span class='ocrx_word' id='word_1_124' title='bbox 1086 864 1225 899; x_wconf 89' lang='lat' dir='ltr'><strong><em>Piorum</em></strong></span> <span class='ocrx_word' id='word_1_125' title='bbox 1248 865 1493 900; x_wconf 86' lang='lat' dir='ltr'><strong><em>monachorum</em></strong></span> <span class='ocrx_word' id='word_1_126' title='bbox 1515 866 1600 901; x_wconf 89' lang='lat' dir='ltr'><strong><em>dili-</em></strong></span> 
     </span>
     <span class='ocr_line' id='line_1_16' title="bbox 112 911 1600 958; baseline 0.002 -13"><span class='ocrx_word' id='word_1_127' title='bbox 112 913 239 958; x_wconf 85' lang='lat' dir='ltr'><strong><em>gentia</em></strong></span> <span class='ocrx_word' id='word_1_128' title='bbox 262 917 297 946; x_wconf 86' lang='lat' dir='ltr'><strong><em>et</em></strong></span> <span class='ocrx_word' id='word_1_129' title='bbox 318 913 423 946; x_wconf 77' lang='lat' dir='ltr'><strong><em>zelus.</em></strong></span> <span class='ocrx_word' id='word_1_130' title='bbox 470 911 650 946; x_wconf 81' lang='lat' dir='ltr'><strong><em>Haeretici</em></strong></span> <span class='ocrx_word' id='word_1_131' title='bbox 665 911 776 945; x_wconf 80' lang='lat' dir='ltr'><strong><em>variis</em></strong></span> <span class='ocrx_word' id='word_1_132' title='bbox 793 913 914 957; x_wconf 86' lang='lat' dir='ltr'><strong><em>poenis</em></strong></span> <span class='ocrx_word' id='word_1_133' title='bbox 933 912 1080 946; x_wconf 69' lang='lat' dir='ltr'><strong><em>coErciti.</em></strong></span> <span class='ocrx_word' id='word_1_134' title='bbox 1130 912 1281 954; x_wconf 78' lang='lat' dir='ltr'><strong><em>Quidam</em></strong></span> <span class='ocrx_word' id='word_1_135' title='bbox 1293 914 1394 957; x_wconf 85' lang='lat' dir='ltr'><strong><em>suga</em></strong></span> <span class='ocrx_word' id='word_1_136' title='bbox 1415 913 1526 957; x_wconf 87' lang='lat' dir='ltr'><strong><em>elapsi</em></strong></span> <span class='ocrx_word' id='word_1_137' title='bbox 1538 924 1600 948; x_wconf 83' lang='lat' dir='ltr'><strong><em>rc·-</em></strong></span> 
     </span>
     <span class='ocr_line' id='line_1_17' title="bbox 113 958 1598 1004; baseline 0.001 -11"><span class='ocrx_word' id='word_1_138' title='bbox 113 959 246 1003; x_wconf 83' lang='lat' dir='ltr'><strong><em>cipiunt</em></strong></span> <span class='ocrx_word' id='word_1_139' title='bbox 268 970 305 993; x_wconf 84' lang='lat' dir='ltr'><strong><em>se</em></strong></span> <span class='ocrx_word' id='word_1_140' title='bbox 322 959 359 993; x_wconf 88' lang='lat' dir='ltr'><strong><em>in</em></strong></span> <span class='ocrx_word' id='word_1_141' title='bbox 376 970 529 1004; x_wconf 88' lang='lat' dir='ltr'><strong><em>magnas</em></strong></span> <span class='ocrx_word' id='word_1_142' title='bbox 546 959 656 992; x_wconf 91' lang='lat' dir='ltr'><strong><em>urbes.</em></strong></span> <span class='ocrx_word' id='word_1_143' title='bbox 693 958 791 993; x_wconf 89' lang='lat' dir='ltr'><strong><em>Picos</em></strong></span> <span class='ocrx_word' id='word_1_144' title='bbox 814 958 962 995; x_wconf 89' lang='lat' dir='ltr'><strong><em>Martios</em></strong></span> <span class='ocrx_word' id='word_1_145' title='bbox 984 959 1170 993; x_wconf 82' lang='lat' dir='ltr'><strong><em>imitantur</em></strong></span> <span class='ocrx_word' id='word_1_146' title='bbox 1191 960 1263 1003; x_wconf 89' lang='lat'>(7).</span> <span class='ocrx_word' id='word_1_147' title='bbox 1313 959 1461 1002; x_wconf 77' lang='lat' dir='ltr'><strong><em>Quando</em></strong></span> <span class='ocrx_word' id='word_1_148' title='bbox 1483 965 1516 994; x_wconf 92' lang='lat' dir='ltr'><strong><em>et</em></strong></span> <span class='ocrx_word' id='word_1_149' title='bbox 1535 971 1598 994; x_wconf 85' lang='lat' dir='ltr'><strong><em>cur</em></strong></span> 
     </span>
     <span class='ocr_line' id='line_1_18' title="bbox 114 1005 1600 1051; baseline 0.001 -12"><span class='ocrx_word' id='word_1_150' title='bbox 114 1006 294 1051; x_wconf 88' lang='lat' dir='ltr'><strong><em>Gregoras</em></strong></span> <span class='ocrx_word' id='word_1_151' title='bbox 317 1005 361 1039; x_wconf 90' lang='lat' dir='ltr'><strong><em>ab</em></strong></span> <span class='ocrx_word' id='word_1_152' title='bbox 385 1007 470 1040; x_wconf 87' lang='lat' dir='ltr'><strong><em>aula</em></strong></span> <span class='ocrx_word' id='word_1_153' title='bbox 493 1005 680 1039; x_wconf 86' lang='lat' dir='ltr'><strong><em>secesserit.</em></strong></span> <span class='ocrx_word' id='word_1_154' title='bbox 738 1006 888 1039; x_wconf 85' lang='lat' dir='ltr'><strong><em>Zenonis</em></strong></span> <span class='ocrx_word' id='word_1_155' title='bbox 914 1006 1109 1050; x_wconf 75' lang='lat' dir='ltr'><strong><em>philosophi</em></strong></span> <span class='ocrx_word' id='word_1_156' title='bbox 1135 1006 1407 1051; x_wconf 87' lang='lat' dir='ltr'><strong><em>apophthegma.</em></strong></span> <span class='ocrx_word' id='word_1_157' title='bbox 1453 1006 1600 1051; x_wconf 86' lang='lat' dir='ltr'><strong><em>Imperii</em></strong></span> 
     </span>
     <span class='ocr_line' id='line_1_19' title="bbox 111 1052 1599 1097; baseline 0.001 -10"><span class='ocrx_word' id='word_1_158' title='bbox 111 1057 146 1087; x_wconf 85' lang='lat' dir='ltr'><strong><em>et</em></strong></span> <span class='ocrx_word' id='word_1_159' title='bbox 167 1053 331 1088; x_wconf 84' lang='lat' dir='ltr'><strong><em>ecclesiae</em></strong></span> <span class='ocrx_word' id='word_1_160' title='bbox 351 1053 567 1097; x_wconf 84' lang='lat' dir='ltr'><strong><em>perturbatio</em></strong></span> <span class='ocrx_word' id='word_1_161' title='bbox 588 1052 754 1087; x_wconf 75' lang='lat' dir='ltr'><strong><em>maxima.</em></strong></span> <span class='ocrx_word' id='word_1_162' title='bbox 807 1053 947 1086; x_wconf 82' lang='lat' dir='ltr'><strong><em>Veteres</em></strong></span> <span class='ocrx_word' id='word_1_163' title='bbox 966 1053 1165 1097; x_wconf 83' lang='lat' dir='ltr'><strong><em>philosophi</em></strong></span> <span class='ocrx_word' id='word_1_164' title='bbox 1183 1065 1255 1087; x_wconf 84' lang='lat' dir='ltr'><strong><em>non</em></strong></span> <span class='ocrx_word' id='word_1_165' title='bbox 1277 1053 1484 1088; x_wconf 69' lang='lat' dir='ltr'><strong><em>rixabantur</em></strong></span> <span class='ocrx_word' id='word_1_166' title='bbox 1503 1055 1599 1088; x_wconf 90' lang='lat' dir='ltr'><strong><em>inter</em></strong></span> 
     </span>
     <span class='ocr_line' id='line_1_20' title="bbox 110 1099 1597 1145; baseline 0.001 -12"><span class='ocrx_word' id='word_1_167' title='bbox 110 1110 167 1141; x_wconf 89' lang='lat' dir='ltr'><strong><em>se,</em></strong></span> <span class='ocrx_word' id='word_1_168' title='bbox 200 1100 269 1134; x_wconf 87' lang='lat' dir='ltr'><strong><em>nisi</em></strong></span> <span class='ocrx_word' id='word_1_169' title='bbox 289 1100 387 1144; x_wconf 82' lang='lat' dir='ltr'><strong><em>pacis</em></strong></span> <span class='ocrx_word' id='word_1_170' title='bbox 409 1105 573 1144; x_wconf 85' lang='lat' dir='ltr'><strong><em>tempore.</em></strong></span> <span class='ocrx_word' id='word_1_171' title='bbox 620 1099 809 1144; x_wconf 77' lang='lat' dir='ltr'><strong><em>Byzantini</em></strong></span> <span class='ocrx_word' id='word_1_172' title='bbox 831 1100 986 1145; x_wconf 84' lang='lat' dir='ltr'><strong><em>theologi</em></strong></span> <span class='ocrx_word' id='word_1_173' title='bbox 1015 1111 1078 1134; x_wconf 87' lang='lat' dir='ltr'><strong><em>nec</em></strong></span> <span class='ocrx_word' id='word_1_174' title='bbox 1100 1101 1138 1134; x_wconf 82' lang='lat' dir='ltr'><strong><em>in</em></strong></span> <span class='ocrx_word' id='word_1_175' title='bbox 1160 1100 1234 1144; x_wconf 88' lang='lat' dir='ltr'><strong><em>ipso</em></strong></span> <span class='ocrx_word' id='word_1_176' title='bbox 1258 1100 1340 1134; x_wconf 89' lang='lat' dir='ltr'><strong><em>belli</em></strong></span> <span class='ocrx_word' id='word_1_177' title='bbox 1362 1105 1463 1135; x_wconf 84' lang='lat' dir='ltr'><strong><em>aestu</em></strong></span> <span class='ocrx_word' id='word_1_178' title='bbox 1486 1101 1597 1134; x_wconf 86' lang='lat' dir='ltr'><strong><em>alter-</em></strong></span> 
     </span>
     <span class='ocr_line' id='line_1_21' title="bbox 110 1147 1597 1192; baseline 0.001 -12"><span class='ocrx_word' id='word_1_179' title='bbox 110 1147 187 1180; x_wconf 87' lang='lat' dir='ltr'><strong><em>cari</em></strong></span> <span class='ocrx_word' id='word_1_180' title='bbox 210 1147 383 1181; x_wconf 87' lang='lat' dir='ltr'><strong><em>desinunt.</em></strong></span> <span class='ocrx_word' id='word_1_181' title='bbox 431 1147 588 1181; x_wconf 84' lang='lat' dir='ltr'><strong><em>Hariolis</em></strong></span> <span class='ocrx_word' id='word_1_182' title='bbox 611 1151 646 1180; x_wconf 89' lang='lat' dir='ltr'><strong><em>et</em></strong></span> <span class='ocrx_word' id='word_1_183' title='bbox 670 1148 743 1181; x_wconf 85' lang='lat' dir='ltr'><strong><em>eius</em></strong></span> <span class='ocrx_word' id='word_1_184' title='bbox 772 1147 915 1192; x_wconf 86' lang='lat' dir='ltr'><strong><em>generis</em></strong></span> <span class='ocrx_word' id='word_1_185' title='bbox 946 1147 1138 1181; x_wconf 86' lang='lat' dir='ltr'><strong><em>hominibus</em></strong></span> <span class='ocrx_word' id='word_1_186' title='bbox 1161 1148 1257 1191; x_wconf 85' lang='lat' dir='ltr'><strong><em>fides</em></strong></span> <span class='ocrx_word' id='word_1_187' title='bbox 1288 1147 1422 1182; x_wconf 86' lang='lat' dir='ltr'><strong><em>habita.</em></strong></span> <span class='ocrx_word' id='word_1_188' title='bbox 1472 1147 1597 1182; x_wconf 83' lang='lat' dir='ltr'><strong><em>Gallus</em></strong></span> 
     </span>
     <span class='ocr_line' id='line_1_22' title="bbox 110 1194 1596 1239; baseline 0.001 -12"><span class='ocrx_word' id='word_1_189' title='bbox 110 1194 308 1239; x_wconf 86' lang='lat' dir='ltr'><strong><em>astrologus</em></strong></span> <span class='ocrx_word' id='word_1_190' title='bbox 338 1194 551 1238; x_wconf 82' lang='lat' dir='ltr'><strong><em>imperatrici</em></strong></span> <span class='ocrx_word' id='word_1_191' title='bbox 570 1194 749 1238; x_wconf 87' lang='lat' dir='ltr'><strong><em>placentia</em></strong></span> <span class='ocrx_word' id='word_1_192' title='bbox 770 1194 953 1238; x_wconf 83' lang='lat' dir='ltr'><strong><em>praedicit.</em></strong></span> <span class='ocrx_word' id='word_1_193' title='bbox 1010 1194 1189 1239; x_wconf 77' lang='lat' dir='ltr'><strong><em>Gregoras</em></strong></span> <span class='ocrx_word' id='word_1_194' title='bbox 1212 1195 1419 1236; x_wconf 82' lang='lat' dir='ltr'><strong><em>arcessitur,</em></strong></span> <span class='ocrx_word' id='word_1_195' title='bbox 1453 1199 1495 1229; x_wconf 87' lang='lat' dir='ltr'><strong><em>ut</em></strong></span> <span class='ocrx_word' id='word_1_196' title='bbox 1516 1205 1596 1229; x_wconf 85' lang='lat' dir='ltr'><strong><em>cum</em></strong></span> 
     </span>
     <span class='ocr_line' id='line_1_23' title="bbox 110 1240 1594 1287; baseline 0.001 -14"><span class='ocrx_word' id='word_1_197' title='bbox 110 1251 149 1274; x_wconf 89' lang='lat' dir='ltr'><strong><em>eo</em></strong></span> <span class='ocrx_word' id='word_1_198' title='bbox 174 1240 338 1285; x_wconf 85' lang='lat' dir='ltr'><strong><em>disputet.</em></strong></span> <span class='ocrx_word' id='word_1_199' title='bbox 382 1241 646 1286; x_wconf 87' lang='lat' dir='ltr'><strong><em>Astrologorum</em></strong></span> <span class='ocrx_word' id='word_1_200' title='bbox 676 1241 930 1286; x_wconf 87' lang='lat' dir='ltr'><strong><em>praedictiones</em></strong></span> <span class='ocrx_word' id='word_1_201' title='bbox 952 1251 1065 1275; x_wconf 83' lang='lat' dir='ltr'><strong><em>vanas</em></strong></span> <span class='ocrx_word' id='word_1_202' title='bbox 1089 1252 1160 1275; x_wconf 79' lang='lat' dir='ltr'><strong><em>esse</em></strong></span> <span class='ocrx_word' id='word_1_203' title='bbox 1183 1241 1306 1287; x_wconf 88' lang='lat' dir='ltr'><strong><em>arguit</em></strong></span> <span class='ocrx_word' id='word_1_204' title='bbox 1330 1252 1371 1275; x_wconf 71' lang='lat' dir='ltr'><strong><em>ez·</em></strong></span> <span class='ocrx_word' id='word_1_205' title='bbox 1395 1241 1594 1275; x_wconf 82' lang='lat' dir='ltr'><strong><em>Ptolemaeo</em></strong></span> 
     </span>
     <span class='ocr_line' id='line_1_24' title="bbox 109 1287 1595 1323; baseline 0 -2"><span class='ocrx_word' id='word_1_206' title='bbox 109 1291 145 1321; x_wconf 87' lang='lat' dir='ltr'><strong><em>et</em></strong></span> <span class='ocrx_word' id='word_1_207' title='bbox 168 1288 204 1323; x_wconf 85' lang='lat' dir='ltr'><strong><em>S.</em></strong></span> <span class='ocrx_word' id='word_1_208' title='bbox 227 1287 383 1321; x_wconf 78' lang='lat' dir='ltr'><strong><em>Basilio.-</em></strong></span> <span class='ocrx_word' id='word_1_209' title='bbox 417 1288 500 1321; x_wconf 88' lang='lat' dir='ltr'><strong><em>item</em></strong></span> <span class='ocrx_word' id='word_1_210' title='bbox 534 1299 575 1321; x_wconf 73' lang='lat' dir='ltr'><strong><em>ez·</em></strong></span> <span class='ocrx_word' id='word_1_211' title='bbox 601 1287 856 1322; x_wconf 84' lang='lat' dir='ltr'><strong><em>Chaldaeorum</em></strong></span> <span class='ocrx_word' id='word_1_212' title='bbox 878 1288 1045 1322; x_wconf 87' lang='lat' dir='ltr'><strong><em>versibus.</em></strong></span> <span class='ocrx_word' id='word_1_213' title='bbox 1093 1288 1221 1322; x_wconf 87' lang='lat' dir='ltr'><strong><em>Fatum</em></strong></span> <span class='ocrx_word' id='word_1_214' title='bbox 1251 1288 1356 1322; x_wconf 86' lang='lat' dir='ltr'><strong><em>tollit.</em></strong></span> <span class='ocrx_word' id='word_1_215' title='bbox 1404 1288 1595 1323; x_wconf 82' lang='lat' dir='ltr'><strong><em>Providen-</em></strong></span> 
     </span>
     <span class='ocr_line' id='line_1_25' title="bbox 108 1334 1594 1380; baseline 0.001 -12"><span class='ocrx_word' id='word_1_216' title='bbox 108 1334 197 1368; x_wconf 87' lang='lat' dir='ltr'><strong><em>tiam</em></strong></span> <span class='ocrx_word' id='word_1_217' title='bbox 220 1334 390 1379; x_wconf 84' lang='lat' dir='ltr'><strong><em>agnoscit.</em></strong></span> <span class='ocrx_word' id='word_1_218' title='bbox 438 1334 585 1368; x_wconf 86' lang='lat' dir='ltr'><strong><em>Hariolo</em></strong></span> <span class='ocrx_word' id='word_1_219' title='bbox 610 1337 785 1378; x_wconf 83' lang='lat' dir='ltr'><strong><em>refutato,</em></strong></span> <span class='ocrx_word' id='word_1_220' title='bbox 811 1336 997 1380; x_wconf 82' lang='lat' dir='ltr'><strong><em>Augustae</em></strong></span> <span class='ocrx_word' id='word_1_221' title='bbox 1018 1335 1136 1369; x_wconf 84' lang='lat' dir='ltr'><strong><em>odium</em></strong></span> <span class='ocrx_word' id='word_1_222' title='bbox 1159 1337 1196 1369; x_wconf 85' lang='lat' dir='ltr'><strong><em>in</em></strong></span> <span class='ocrx_word' id='word_1_223' title='bbox 1216 1347 1254 1369; x_wconf 90' lang='lat' dir='ltr'><strong><em>se</em></strong></span> <span class='ocrx_word' id='word_1_224' title='bbox 1270 1340 1394 1369; x_wconf 84' lang='lat' dir='ltr'><strong><em>movet.</em></strong></span> <span class='ocrx_word' id='word_1_225' title='bbox 1438 1335 1498 1369; x_wconf 90' lang='lat' dir='ltr'><strong><em>Ad</em></strong></span> <span class='ocrx_word' id='word_1_226' title='bbox 1519 1347 1594 1369; x_wconf 90' lang='lat' dir='ltr'><strong><em>rem</em></strong></span> 
     </span>
     <span class='ocr_line' id='line_1_26' title="bbox 106 1381 1590 1427; baseline 0.001 -12"><span class='ocrx_word' id='word_1_227' title='bbox 106 1381 199 1415; x_wconf 86' lang='lat' dir='ltr'><strong><em>redit</em></strong></span> <span class='ocrx_word' id='word_1_228' title='bbox 223 1381 296 1426; x_wconf 91' lang='grc'>(8).</span> <span class='ocrx_word' id='word_1_229' title='bbox 345 1381 513 1423; x_wconf 75' lang='lat' dir='ltr'><strong><em>Gabalas,</em></strong></span> <span class='ocrx_word' id='word_1_230' title='bbox 535 1386 631 1416; x_wconf 88' lang='lat' dir='ltr'><strong><em>metu</em></strong></span> <span class='ocrx_word' id='word_1_231' title='bbox 647 1382 838 1427; x_wconf 89' lang='lat' dir='ltr'><strong><em>Apocauci,</em></strong></span> <span class='ocrx_word' id='word_1_232' title='bbox 861 1382 1087 1416; x_wconf 88' lang='lat' dir='ltr'><strong><em>monasticum</em></strong></span> <span class='ocrx_word' id='word_1_233' title='bbox 1110 1382 1269 1417; x_wconf 87' lang='lat' dir='ltr'><strong><em>habitum</em></strong></span> <span class='ocrx_word' id='word_1_234' title='bbox 1291 1382 1416 1418; x_wconf 86' lang='lat' dir='ltr'><strong><em>induit.</em></strong></span> <span class='ocrx_word' id='word_1_235' title='bbox 1464 1383 1503 1416; x_wconf 88' lang='lat' dir='ltr'><strong><em>S.</em></strong></span> <span class='ocrx_word' id='word_1_236' title='bbox 1524 1384 1590 1416; x_wconf 80' lang='lat' dir='ltr'><strong><em>So—</em></strong></span> 
     </span>
     <span class='ocr_line' id='line_1_27' title="bbox 103 1428 1588 1474; baseline 0.001 -13"><span class='ocrx_word' id='word_1_237' title='bbox 103 1428 212 1472; x_wconf 83' lang='lat' dir='ltr'><strong><em>phiae</em></strong></span> <span class='ocrx_word' id='word_1_238' title='bbox 228 1429 415 1473; x_wconf 90' lang='lat' dir='ltr'><strong><em>templum,</em></strong></span> <span class='ocrx_word' id='word_1_239' title='bbox 438 1429 573 1472; x_wconf 78' lang='lat' dir='ltr'><strong><em>asylum</em></strong></span> <span class='ocrx_word' id='word_1_240' title='bbox 590 1429 671 1462; x_wconf 87' lang='lat' dir='ltr'><strong><em>olim</em></strong></span> <span class='ocrx_word' id='word_1_241' title='bbox 687 1429 916 1469; x_wconf 80' lang='lat' dir='ltr'><strong><em>inviolatum3</em></strong></span> <span class='ocrx_word' id='word_1_242' title='bbox 940 1441 963 1462; x_wconf 91' lang='lat' dir='ltr'><strong><em>a</em></strong></span> <span class='ocrx_word' id='word_1_243' title='bbox 983 1428 1123 1463; x_wconf 85' lang='lat' dir='ltr'><strong><em>Gabala</em></strong></span> <span class='ocrx_word' id='word_1_244' title='bbox 1147 1434 1182 1464; x_wconf 92' lang='lat' dir='ltr'><strong><em>et</em></strong></span> <span class='ocrx_word' id='word_1_245' title='bbox 1205 1441 1228 1463; x_wconf 90' lang='lat' dir='ltr'><strong><em>a</em></strong></span> <span class='ocrx_word' id='word_1_246' title='bbox 1249 1429 1458 1474; x_wconf 88' lang='lat' dir='ltr'><strong><em>patriarcha</em></strong></span> <span class='ocrx_word' id='word_1_247' title='bbox 1479 1434 1588 1463; x_wconf 90' lang='lat' dir='ltr'><strong><em>teme-</em></strong></span> 
     </span>
     <span class='ocr_line' id='line_1_28' title="bbox 105 1476 1589 1521; baseline 0.001 -13"><span class='ocrx_word' id='word_1_248' title='bbox 105 1480 235 1509; x_wconf 86' lang='lat' dir='ltr'><strong><em>ratum.</em></strong></span> <span class='ocrx_word' id='word_1_249' title='bbox 283 1476 457 1519; x_wconf 84' lang='lat' dir='ltr'><strong><em>Amurius,</em></strong></span> <span class='ocrx_word' id='word_1_250' title='bbox 480 1476 518 1509; x_wconf 86' lang='lat' dir='ltr'><strong><em>in</em></strong></span> <span class='ocrx_word' id='word_1_251' title='bbox 545 1476 733 1510; x_wconf 82' lang='lat' dir='ltr'><strong><em>Thraciam</em></strong></span> <span class='ocrx_word' id='word_1_252' title='bbox 754 1487 923 1517; x_wconf 85' lang='lat' dir='ltr'><strong><em>reversus,</em></strong></span> <span class='ocrx_word' id='word_1_253' title='bbox 946 1476 1156 1520; x_wconf 79' lang='lat' dir='ltr'><strong><em>Byzantium</em></strong></span> <span class='ocrx_word' id='word_1_254' title='bbox 1178 1487 1286 1521; x_wconf 80' lang='lat' dir='ltr'><strong><em>usque</em></strong></span> <span class='ocrx_word' id='word_1_255' title='bbox 1309 1487 1386 1509; x_wconf 89' lang='lat' dir='ltr'><strong><em>cum</em></strong></span> <span class='ocrx_word' id='word_1_256' title='bbox 1411 1476 1589 1513; x_wconf 88' lang='lat' dir='ltr'><strong><em>Cantacu-</em></strong></span> 
     </span>
     <span class='ocr_line' id='line_1_29' title="bbox 104 1521 1587 1568; baseline 0 -13"><span class='ocrx_word' id='word_1_257' title='bbox 104 1533 189 1555; x_wconf 82' lang='lat' dir='ltr'><strong><em>zeno</em></strong></span> <span class='ocrx_word' id='word_1_258' title='bbox 208 1522 445 1568; x_wconf 84' lang='lat' dir='ltr'><strong><em>progreditur.</em></strong></span> <span class='ocrx_word' id='word_1_259' title='bbox 498 1522 599 1557; x_wconf 84' lang='lat' dir='ltr'><strong><em>Urbis</em></strong></span> <span class='ocrx_word' id='word_1_260' title='bbox 622 1523 786 1568; x_wconf 89' lang='lat' dir='ltr'><strong><em>adspectu</em></strong></span> <span class='ocrx_word' id='word_1_261' title='bbox 808 1524 1023 1568; x_wconf 84' lang='lat' dir='ltr'><strong><em>obstupescit.</em></strong></span> <span class='ocrx_word' id='word_1_262' title='bbox 1072 1523 1181 1557; x_wconf 87' lang='lat' dir='ltr'><strong><em>Pauci</em></strong></span> <span class='ocrx_word' id='word_1_263' title='bbox 1211 1534 1387 1557; x_wconf 86' lang='lat' dir='ltr'><strong><em>murorum</em></strong></span> <span class='ocrx_word' id='word_1_264' title='bbox 1417 1521 1587 1557; x_wconf 86' lang='lat' dir='ltr'><strong><em>custodes.</em></strong></span> 
     </span>
     <span class='ocr_line' id='line_1_30' title="bbox 105 1569 1587 1613; baseline 0 -11"><span class='ocrx_word' id='word_1_265' title='bbox 105 1570 281 1613; x_wconf 87' lang='lat' dir='ltr'><strong><em>Apocauci</em></strong></span> <span class='ocrx_word' id='word_1_266' title='bbox 311 1569 521 1613; x_wconf 77' lang='lat' dir='ltr'><strong><em>diffidentia.</em></strong></span> <span class='ocrx_word' id='word_1_267' title='bbox 583 1569 844 1604; x_wconf 73' lang='lat' dir='ltr'><strong><em>Cantacuzenus</em></strong></span> <span class='ocrx_word' id='word_1_268' title='bbox 875 1575 909 1604; x_wconf 88' lang='lat' dir='ltr'><strong><em>et</em></strong></span> <span class='ocrx_word' id='word_1_269' title='bbox 939 1569 1103 1603; x_wconf 87' lang='lat' dir='ltr'><strong><em>Amurius</em></strong></span> <span class='ocrx_word' id='word_1_270' title='bbox 1137 1569 1346 1603; x_wconf 88' lang='lat' dir='ltr'><strong><em>Momitilam</em></strong></span> <span class='ocrx_word' id='word_1_271' title='bbox 1378 1569 1587 1602; x_wconf 88' lang='lat' dir='ltr'><strong><em>debellatum</em></strong></span> 
     </span>
     <span class='ocr_line' id='line_1_31' title="bbox 106 1616 1588 1657; baseline 0 -8"><span class='ocrx_word' id='word_1_272' title='bbox 106 1621 201 1657; x_wconf 87' lang='lat' dir='ltr'><strong><em>eunt,</em></strong></span> <span class='ocrx_word' id='word_1_273' title='bbox 225 1616 403 1649; x_wconf 88' lang='lat' dir='ltr'><strong><em>Romanas</em></strong></span> <span class='ocrx_word' id='word_1_274' title='bbox 419 1617 521 1650; x_wconf 86' lang='lat' dir='ltr'><strong><em>urbes</em></strong></span> <span class='ocrx_word' id='word_1_275' title='bbox 543 1616 775 1651; x_wconf 85' lang='lat' dir='ltr'><strong><em>invadentem.</em></strong></span> <span class='ocrx_word' id='word_1_276' title='bbox 810 1617 915 1650; x_wconf 70' lang='lat' dir='ltr'><strong><em>quta</em></strong></span> <span class='ocrx_word' id='word_1_277' title='bbox 929 1616 1158 1650; x_wconf 68' lang='lat' dir='ltr'><strong><em>Perithoi-ium</em></strong></span> <span class='ocrx_word' id='word_1_278' title='bbox 1176 1620 1481 1650; x_wconf 85' lang='lat' dir='ltr'><strong><em>castrametantur.</em></strong></span> <span class='ocrx_word' id='word_1_279' title='bbox 1507 1616 1588 1649; x_wconf 88' lang='lat' dir='ltr'><strong><em>Mo-</em></strong></span> 
     </span>
     <span class='ocr_line' id='line_1_32' title="bbox 104 1662 1587 1707; baseline 0 -11"><span class='ocrx_word' id='word_1_280' title='bbox 104 1663 240 1696; x_wconf 86' lang='lat' dir='ltr'><strong><em>mitilae</em></strong></span> <span class='ocrx_word' id='word_1_281' title='bbox 263 1663 428 1696; x_wconf 86' lang='lat' dir='ltr'><strong><em>audacia.</em></strong></span> <span class='ocrx_word' id='word_1_282' title='bbox 474 1662 641 1697; x_wconf 86' lang='lat' dir='ltr'><strong><em>Eiusdem</em></strong></span> <span class='ocrx_word' id='word_1_283' title='bbox 664 1663 887 1697; x_wconf 83' lang='lat' dir='ltr'><strong><em>circumventi</em></strong></span> <span class='ocrx_word' id='word_1_284' title='bbox 909 1664 1150 1697; x_wconf 87' lang='lat' dir='ltr'><strong><em>consternatio.</em></strong></span> <span class='ocrx_word' id='word_1_285' title='bbox 1195 1663 1295 1697; x_wconf 87' lang='lat' dir='ltr'><strong><em>Acris</em></strong></span> <span class='ocrx_word' id='word_1_286' title='bbox 1310 1673 1446 1707; x_wconf 87' lang='lat' dir='ltr'><strong><em>pugna.</em></strong></span> <span class='ocrx_word' id='word_1_287' title='bbox 1483 1662 1587 1696; x_wconf 80' lang='lat' dir='ltr'><strong><em>Cadit</em></strong></span> 
     </span>
     <span class='ocr_line' id='line_1_33' title="bbox 109 1709 1584 1755; baseline 0 -13"><span class='ocrx_word' id='word_1_288' title='bbox 109 1709 314 1744; x_wconf 81' lang='lat' dir='ltr'><strong><em>Momitilas.</em></strong></span> <span class='ocrx_word' id='word_1_289' title='bbox 361 1709 450 1743; x_wconf 84' lang='lat' dir='ltr'><strong><em>Eius</em></strong></span> <span class='ocrx_word' id='word_1_290' title='bbox 473 1710 602 1744; x_wconf 78' lang='lat' dir='ltr'><strong><em>milites</em></strong></span> <span class='ocrx_word' id='word_1_291' title='bbox 622 1721 739 1752; x_wconf 88' lang='lat' dir='ltr'><strong><em>omnes</em></strong></span> <span class='ocrx_word' id='word_1_292' title='bbox 753 1712 835 1754; x_wconf 83' lang='lat' dir='ltr'><strong><em>fere</em></strong></span> <span class='ocrx_word' id='word_1_293' title='bbox 858 1710 951 1743; x_wconf 90' lang='lat' dir='ltr'><strong><em>caesi</em></strong></span> <span class='ocrx_word' id='word_1_294' title='bbox 971 1709 1050 1755; x_wconf 49' lang='lat'><strong><em>(9).</em></strong></span> <span class='ocrx_word' id='word_1_295' title='bbox 1089 1710 1264 1754; x_wconf 89' lang='lat' dir='ltr'><strong><em>Apocauci</em></strong></span> <span class='ocrx_word' id='word_1_296' title='bbox 1284 1709 1408 1743; x_wconf 88' lang='lat' dir='ltr'><strong><em>caedes</em></strong></span> <span class='ocrx_word' id='word_1_297' title='bbox 1432 1709 1584 1754; x_wconf 79' lang='lat' dir='ltr'><strong><em>quando,</em></strong></span> 
     </span>
     <span class='ocr_line' id='line_1_34' title="bbox 104 1756 1586 1802; baseline 0 -13"><span class='ocrx_word' id='word_1_298' title='bbox 104 1756 184 1797; x_wconf 82' lang='lat' dir='ltr'><strong><em>ubi,</em></strong></span> <span class='ocrx_word' id='word_1_299' title='bbox 209 1761 243 1790; x_wconf 89' lang='lat' dir='ltr'><strong><em>et</em></strong></span> <span class='ocrx_word' id='word_1_300' title='bbox 268 1768 292 1790; x_wconf 90' lang='lat' dir='ltr'><strong><em>a</em></strong></span> <span class='ocrx_word' id='word_1_301' title='bbox 315 1757 436 1801; x_wconf 82' lang='lat' dir='ltr'><strong><em>quibus</em></strong></span> <span class='ocrx_word' id='word_1_302' title='bbox 454 1761 658 1801; x_wconf 87' lang='lat' dir='ltr'><strong><em>perpetrata</em></strong></span> <span class='ocrx_word' id='word_1_303' title='bbox 681 1758 737 1791; x_wconf 89' lang='lat' dir='ltr'><strong><em>sit.</em></strong></span> <span class='ocrx_word' id='word_1_304' title='bbox 785 1757 885 1792; x_wconf 84' lang='lat' dir='ltr'><strong><em>Illius</em></strong></span> <span class='ocrx_word' id='word_1_305' title='bbox 905 1757 1087 1797; x_wconf 73' lang='lat' dir='ltr'><strong><em>ansietas3</em></strong></span> <span class='ocrx_word' id='word_1_306' title='bbox 1117 1757 1324 1802; x_wconf 51' lang='lat' dir='ltr'><strong><em>stipatorem·</em></strong></span> <span class='ocrx_word' id='word_1_307' title='bbox 1353 1756 1586 1790; x_wconf 82' lang='lat' dir='ltr'><strong><em>immoderata</em></strong></span> 
     </span>
     <span class='ocr_line' id='line_1_35' title="bbox 105 1803 1582 1848; baseline 0.001 -12"><span class='ocrx_word' id='word_1_308' title='bbox 105 1803 261 1838; x_wconf 86' lang='lat' dir='ltr'><strong><em>ambitio.</em></strong></span> <span class='ocrx_word' id='word_1_309' title='bbox 311 1804 438 1838; x_wconf 79' lang='lat' dir='ltr'><strong><em>Carcer</em></strong></span> <span class='ocrx_word' id='word_1_310' title='bbox 460 1804 505 1838; x_wconf 90' lang='lat' dir='ltr'><strong><em>ab</em></strong></span> <span class='ocrx_word' id='word_1_311' title='bbox 530 1815 568 1838; x_wconf 92' lang='lat' dir='ltr'><strong><em>eo</em></strong></span> <span class='ocrx_word' id='word_1_312' title='bbox 592 1804 818 1848; x_wconf 71' lang='lat' dir='ltr'><strong><em>aedificatus,·</em></strong></span> <span class='ocrx_word' id='word_1_313' title='bbox 850 1814 951 1848; x_wconf 81' lang='lat' dir='ltr'><strong><em>quem</em></strong></span> <span class='ocrx_word' id='word_1_314' title='bbox 971 1803 1020 1837; x_wconf 90' lang='lat' dir='ltr'><strong><em>ad</em></strong></span> <span class='ocrx_word' id='word_1_315' title='bbox 1031 1805 1154 1848; x_wconf 86' lang='lat' dir='ltr'><strong><em>finem.</em></strong></span> <span class='ocrx_word' id='word_1_316' title='bbox 1200 1804 1352 1838; x_wconf 70' lang='lat' dir='ltr'><strong><em>Reor-um</em></strong></span> <span class='ocrx_word' id='word_1_317' title='bbox 1374 1803 1582 1847; x_wconf 81' lang='lat' dir='ltr'><strong><em>desperatio.</em></strong></span> 
     </span>
     <span class='ocr_line' id='line_1_36' title="bbox 107 1849 1584 1895; baseline 0 -12"><span class='ocrx_word' id='word_1_318' title='bbox 107 1850 295 1884; x_wconf 85' lang='lat' dir='ltr'><strong><em>Consilium</em></strong></span> <span class='ocrx_word' id='word_1_319' title='bbox 318 1849 447 1884; x_wconf 69' lang='lat' dir='ltr'><strong><em>audax.</em></strong></span> <span class='ocrx_word' id='word_1_320' title='bbox 499 1850 696 1895; x_wconf 85' lang='lat' dir='ltr'><strong><em>Apocaucus</em></strong></span> <span class='ocrx_word' id='word_1_321' title='bbox 713 1851 931 1895; x_wconf 80' lang='lat' dir='ltr'><strong><em>imprudens,</em></strong></span> <span class='ocrx_word' id='word_1_322' title='bbox 953 1851 1174 1895; x_wconf 83' lang='lat' dir='ltr'><strong><em>stipatoribus</em></strong></span> <span class='ocrx_word' id='word_1_323' title='bbox 1191 1851 1229 1884; x_wconf 85' lang='lat' dir='ltr'><strong><em>in</em></strong></span> <span class='ocrx_word' id='word_1_324' title='bbox 1249 1850 1339 1885; x_wconf 88' lang='lat' dir='ltr'><strong><em>atrio</em></strong></span> <span class='ocrx_word' id='word_1_325' title='bbox 1358 1849 1498 1892; x_wconf 86' lang='lat' dir='ltr'><strong><em>relictis,</em></strong></span> <span class='ocrx_word' id='word_1_326' title='bbox 1521 1860 1584 1883; x_wconf 88' lang='lat' dir='ltr'><strong><em>ar-</em></strong></span> 
     </span>
     <span class='ocr_line' id='line_1_37' title="bbox 104 1897 1582 1941; baseline 0 -11"><span class='ocrx_word' id='word_1_327' title='bbox 104 1908 178 1930; x_wconf 90' lang='lat' dir='ltr'><strong><em>cem</em></strong></span> <span class='ocrx_word' id='word_1_328' title='bbox 199 1898 385 1941; x_wconf 85' lang='lat' dir='ltr'><strong><em>ingressus.</em></strong></span> <span class='ocrx_word' id='word_1_329' title='bbox 433 1898 466 1930; x_wconf 92' lang='lat' dir='ltr'><strong><em>A</em></strong></span> <span class='ocrx_word' id='word_1_330' title='bbox 483 1897 598 1931; x_wconf 69' lang='lat' dir='ltr'><strong><em>Reate</em></strong></span> <span class='ocrx_word' id='word_1_331' title='bbox 623 1903 657 1932; x_wconf 92' lang='lat' dir='ltr'><strong><em>et</em></strong></span> <span class='ocrx_word' id='word_1_332' title='bbox 679 1898 724 1931; x_wconf 87' lang='lat' dir='ltr'><strong><em>ab</em></strong></span> <span class='ocrx_word' id='word_1_333' title='bbox 745 1898 826 1932; x_wconf 86' lang='lat' dir='ltr'><strong><em>aliis</em></strong></span> <span class='ocrx_word' id='word_1_334' title='bbox 847 1897 1015 1931; x_wconf 88' lang='lat' dir='ltr'><strong><em>nobilibus</em></strong></span> <span class='ocrx_word' id='word_1_335' title='bbox 1037 1897 1258 1933; x_wconf 85' lang='lat' dir='ltr'><strong><em>interimitur.</em></strong></span> <span class='ocrx_word' id='word_1_336' title='bbox 1306 1897 1521 1930; x_wconf 86' lang='lat' dir='ltr'><strong><em>Documenta</em></strong></span> <span class='ocrx_word' id='word_1_337' title='bbox 1540 1907 1582 1930; x_wconf 70' lang='lat' dir='ltr'><strong><em>ex</em></strong></span> 
     </span>
     <span class='ocr_line' id='line_1_38' title="bbox 104 1943 1581 1990; baseline 0 -14"><span class='ocrx_word' id='word_1_338' title='bbox 104 1955 145 1977; x_wconf 87' lang='lat' dir='ltr'><strong><em>eo</em></strong></span> <span class='ocrx_word' id='word_1_339' title='bbox 168 1948 293 1978; x_wconf 88' lang='lat' dir='ltr'><strong><em>eventu</em></strong></span> <span class='ocrx_word' id='word_1_340' title='bbox 316 1944 500 1988; x_wconf 87' lang='lat' dir='ltr'><strong><em>capienda.</em></strong></span> <span class='ocrx_word' id='word_1_341' title='bbox 547 1945 751 1990; x_wconf 87' lang='lat' dir='ltr'><strong><em>Interempti</em></strong></span> <span class='ocrx_word' id='word_1_342' title='bbox 779 1949 885 1990; x_wconf 87' lang='lat' dir='ltr'><strong><em>caput</em></strong></span> <span class='ocrx_word' id='word_1_343' title='bbox 907 1944 1117 1985; x_wconf 88' lang='lat' dir='ltr'><strong><em>abscissum,·</em></strong></span> <span class='ocrx_word' id='word_1_344' title='bbox 1152 1955 1283 1978; x_wconf 87' lang='lat' dir='ltr'><strong><em>summo</em></strong></span> <span class='ocrx_word' id='word_1_345' title='bbox 1313 1943 1406 1977; x_wconf 86' lang='lat' dir='ltr'><strong><em>muri</em></strong></span> <span class='ocrx_word' id='word_1_346' title='bbox 1426 1944 1581 1988; x_wconf 84' lang='lat' dir='ltr'><strong><em>fastigio</em></strong></span> 
     </span>
     <span class='ocr_line' id='line_1_39' title="bbox 102 1990 1581 2038; baseline 0 -15"><span class='ocrx_word' id='word_1_347' title='bbox 102 1990 300 2035; x_wconf 85' lang='lat' dir='ltr'><strong><em>imponitur.</em></strong></span> <span class='ocrx_word' id='word_1_348' title='bbox 355 1991 481 2026; x_wconf 86' lang='lat' dir='ltr'><strong><em>Caedis</em></strong></span> <span class='ocrx_word' id='word_1_349' title='bbox 511 1997 688 2032; x_wconf 85' lang='lat' dir='ltr'><strong><em>auctores,</em></strong></span> <span class='ocrx_word' id='word_1_350' title='bbox 722 1992 851 2038; x_wconf 81' lang='lat' dir='ltr'><strong><em>aliique</em></strong></span> <span class='ocrx_word' id='word_1_351' title='bbox 874 1992 1020 2025; x_wconf 81' lang='lat' dir='ltr'><strong><em>vinculis</em></strong></span> <span class='ocrx_word' id='word_1_352' title='bbox 1041 1991 1165 2032; x_wconf 87' lang='lat' dir='ltr'><strong><em>soluti,</em></strong></span> <span class='ocrx_word' id='word_1_353' title='bbox 1197 1991 1401 2035; x_wconf 87' lang='lat' dir='ltr'><strong><em>partiuntur</em></strong></span> <span class='ocrx_word' id='word_1_354' title='bbox 1430 1990 1522 2024; x_wconf 87' lang='lat' dir='ltr'><strong><em>inter</em></strong></span> <span class='ocrx_word' id='word_1_355' title='bbox 1543 2001 1581 2024; x_wconf 88' lang='lat' dir='ltr'><strong><em>se</em></strong></span> 
     </span>
     <span class='ocr_line' id='line_1_40' title="bbox 101 2036 1579 2073; baseline 0.001 -2"><span class='ocrx_word' id='word_1_356' title='bbox 101 2038 294 2071; x_wconf 87' lang='lat' dir='ltr'><strong><em>custodiam</em></strong></span> <span class='ocrx_word' id='word_1_357' title='bbox 314 2039 415 2072; x_wconf 87' lang='lat' dir='ltr'><strong><em>arcis.</em></strong></span> <span class='ocrx_word' id='word_1_358' title='bbox 447 2038 564 2072; x_wconf 87' lang='lat' dir='ltr'><strong><em>Rebus</em></strong></span> <span class='ocrx_word' id='word_1_359' title='bbox 579 2039 628 2072; x_wconf 86' lang='lat' dir='ltr'><strong><em>ad</em></strong></span> <span class='ocrx_word' id='word_1_360' title='bbox 643 2039 864 2073; x_wconf 88' lang='lat' dir='ltr'><strong><em>tolerandam</em></strong></span> <span class='ocrx_word' id='word_1_361' title='bbox 887 2038 1092 2071; x_wconf 87' lang='lat' dir='ltr'><strong><em>obsidionem</em></strong></span> <span class='ocrx_word' id='word_1_362' title='bbox 1115 2038 1317 2072; x_wconf 85' lang='lat' dir='ltr'><strong><em>necessariis</em></strong></span> <span class='ocrx_word' id='word_1_363' title='bbox 1333 2036 1579 2072; x_wconf 85' lang='lat' dir='ltr'><strong><em>destituuntur.</em></strong></span> 
     </span>
     <span class='ocr_line' id='line_1_41' title="bbox 104 2084 1579 2130; baseline 0.001 -13"><span class='ocrx_word' id='word_1_364' title='bbox 104 2084 246 2118; x_wconf 87' lang='lat' dir='ltr'><strong><em>Cibaria</em></strong></span> <span class='ocrx_word' id='word_1_365' title='bbox 269 2085 445 2129; x_wconf 87' lang='lat' dir='ltr'><strong><em>accipiunt</em></strong></span> <span class='ocrx_word' id='word_1_366' title='bbox 466 2097 489 2118; x_wconf 87' lang='lat' dir='ltr'><strong><em>a</em></strong></span> <span class='ocrx_word' id='word_1_367' title='bbox 515 2086 717 2127; x_wconf 88' lang='lat' dir='ltr'><strong><em>Galataeis‚</em></strong></span> <span class='ocrx_word' id='word_1_368' title='bbox 747 2087 807 2130; x_wconf 84' lang='lat' dir='ltr'><strong><em>qui</em></strong></span> <span class='ocrx_word' id='word_1_369' title='bbox 830 2090 864 2120; x_wconf 90' lang='lat' dir='ltr'><strong><em>et</em></strong></span> <span class='ocrx_word' id='word_1_370' title='bbox 883 2085 1062 2130; x_wconf 86' lang='lat' dir='ltr'><strong><em>promissis</em></strong></span> <span class='ocrx_word' id='word_1_371' title='bbox 1084 2096 1141 2118; x_wconf 86' lang='lat' dir='ltr'><strong><em>eos</em></strong></span> <span class='ocrx_word' id='word_1_372' title='bbox 1163 2086 1375 2127; x_wconf 81' lang='lat' dir='ltr'><strong><em>confirmant.</em></strong></span> <span class='ocrx_word' id='word_1_373' title='bbox 1421 2084 1579 2128; x_wconf 88' lang='lat' dir='ltr'><strong><em>Impera-</em></strong></span> 
     </span>
     <span class='ocr_line' id='line_1_42' title="bbox 99 2131 1578 2177; baseline 0 -13"><span class='ocrx_word' id='word_1_374' title='bbox 99 2131 171 2165; x_wconf 69' lang='lat' dir='ltr'><strong><em>tris</em></strong></span> <span class='ocrx_word' id='word_1_375' title='bbox 197 2131 387 2166; x_wconf 83' lang='lat' dir='ltr'><strong><em>Galataeos</em></strong></span> <span class='ocrx_word' id='word_1_376' title='bbox 409 2132 512 2166; x_wconf 85' lang='lat' dir='ltr'><strong><em>aditu</em></strong></span> <span class='ocrx_word' id='word_1_377' title='bbox 534 2133 625 2167; x_wconf 87' lang='lat' dir='ltr'><strong><em>arcis</em></strong></span> <span class='ocrx_word' id='word_1_378' title='bbox 645 2132 815 2177; x_wconf 89' lang='lat' dir='ltr'><strong><em>prohibet.</em></strong></span> <span class='ocrx_word' id='word_1_379' title='bbox 862 2132 1017 2173; x_wconf 80' lang='lat' dir='ltr'><strong><em>Obsessi,</em></strong></span> <span class='ocrx_word' id='word_1_380' title='bbox 1047 2133 1085 2166; x_wconf 87' lang='lat' dir='ltr'><strong><em>in</em></strong></span> <span class='ocrx_word' id='word_1_381' title='bbox 1107 2132 1280 2165; x_wconf 68' lang='lat' dir='ltr'><strong><em>maz-imas</em></strong></span> <span class='ocrx_word' id='word_1_382' title='bbox 1302 2131 1488 2176; x_wconf 73' lang='lat' dir='ltr'><strong><em>angustias</em></strong></span> <span class='ocrx_word' id='word_1_383' title='bbox 1511 2131 1578 2165; x_wconf 87' lang='lat' dir='ltr'><strong><em>ad·-</em></strong></span> 
     </span>
     <span class='ocr_line' id='line_1_43' title="bbox 100 2177 1579 2225; baseline 0.001 -14"><span class='ocrx_word' id='word_1_384' title='bbox 100 2177 217 2220; x_wconf 86' lang='lat' dir='ltr'><strong><em>ducti,</em></strong></span> <span class='ocrx_word' id='word_1_385' title='bbox 252 2179 296 2213; x_wconf 90' lang='lat' dir='ltr'><strong><em>de</em></strong></span> <span class='ocrx_word' id='word_1_386' title='bbox 314 2190 404 2224; x_wconf 88' lang='lat' dir='ltr'><strong><em>pace</em></strong></span> <span class='ocrx_word' id='word_1_387' title='bbox 427 2184 552 2225; x_wconf 84' lang='lat' dir='ltr'><strong><em>agunt.</em></strong></span> <span class='ocrx_word' id='word_1_388' title='bbox 601 2179 777 2224; x_wconf 87' lang='lat' dir='ltr'><strong><em>Apocauci</em></strong></span> <span class='ocrx_word' id='word_1_389' title='bbox 805 2191 891 2214; x_wconf 75' lang='lat' dir='ltr'><strong><em>uxor</em></strong></span> <span class='ocrx_word' id='word_1_390' title='bbox 912 2179 1021 2213; x_wconf 80' lang='lat' dir='ltr'><strong><em>vidua</em></strong></span> <span class='ocrx_word' id='word_1_391' title='bbox 1046 2179 1227 2212; x_wconf 81' lang='lat' dir='ltr'><strong><em>Gasmulos</em></strong></span> <span class='ocrx_word' id='word_1_392' title='bbox 1255 2183 1373 2212; x_wconf 89' lang='lat' dir='ltr'><strong><em>armat</em></strong></span> <span class='ocrx_word' id='word_1_393' title='bbox 1394 2177 1579 2222; x_wconf 84' lang='lat' dir='ltr'><strong><em>Augustae</em></strong></span> 
     </span>
     <span class='ocr_line' id='line_1_44' title="bbox 97 2225 1578 2272; baseline -0.001 -13"><span class='ocrx_word' id='word_1_394' title='bbox 97 2226 277 2269; x_wconf 82' lang='lat' dir='ltr'><strong><em>permissu.</em></strong></span> <span class='ocrx_word' id='word_1_395' title='bbox 325 2226 377 2259; x_wconf 88' lang='lat' dir='ltr'><strong><em>Hi</em></strong></span> <span class='ocrx_word' id='word_1_396' title='bbox 399 2238 514 2260; x_wconf 88' lang='lat' dir='ltr'><strong><em>arcem</em></strong></span> <span class='ocrx_word' id='word_1_397' title='bbox 538 2231 750 2272; x_wconf 80' lang='lat' dir='ltr'><strong><em>expugnant.</em></strong></span> <span class='ocrx_word' id='word_1_398' title='bbox 800 2226 924 2260; x_wconf 85' lang='lat' dir='ltr'><strong><em>Obvios</em></strong></span> <span class='ocrx_word' id='word_1_399' title='bbox 944 2237 1094 2271; x_wconf 75' lang='lat' dir='ltr'><strong><em>quosque</em></strong></span> <span class='ocrx_word' id='word_1_400' title='bbox 1113 2226 1290 2271; x_wconf 70' lang='lat' dir='ltr'><strong><em>iugndant.</em></strong></span> <span class='ocrx_word' id='word_1_401' title='bbox 1335 2225 1578 2269; x_wconf 85' lang='lat' dir='ltr'><strong><em>Spectaculum</em></strong></span> 
     </span>
     <span class='ocr_line' id='line_1_45' title="bbox 101 2271 1578 2319; baseline 0.001 -14"><span class='ocrx_word' id='word_1_402' title='bbox 101 2272 306 2308; x_wconf 87' lang='lat' dir='ltr'><strong><em>miserabile.</em></strong></span> <span class='ocrx_word' id='word_1_403' title='bbox 354 2274 448 2307; x_wconf 85' lang='lat' dir='ltr'><strong><em>Arae</em></strong></span> <span class='ocrx_word' id='word_1_404' title='bbox 470 2274 567 2318; x_wconf 85' lang='lat' dir='ltr'><strong><em>ipsae</em></strong></span> <span class='ocrx_word' id='word_1_405' title='bbox 590 2274 761 2319; x_wconf 88' lang='lat' dir='ltr'><strong><em>sanguine</em></strong></span> <span class='ocrx_word' id='word_1_406' title='bbox 781 2284 972 2318; x_wconf 89' lang='lat' dir='ltr'><strong><em>respersae.</em></strong></span> <span class='ocrx_word' id='word_1_407' title='bbox 1017 2273 1182 2318; x_wconf 86' lang='lat' dir='ltr'><strong><em>Contigui</em></strong></span> <span class='ocrx_word' id='word_1_408' title='bbox 1195 2271 1396 2306; x_wconf 86' lang='lat' dir='ltr'><strong><em>monasterii</em></strong></span> <span class='ocrx_word' id='word_1_409' title='bbox 1417 2272 1578 2316; x_wconf 86' lang='lat' dir='ltr'><strong><em>direptio.</em></strong></span> 
     </span>
     <span class='ocr_line' id='line_1_46' title="bbox 102 2319 1578 2365; baseline -0.001 -13"><span class='ocrx_word' id='word_1_410' title='bbox 102 2319 289 2353; x_wconf 84' lang='lat' dir='ltr'><strong><em>Caesorum</em></strong></span> <span class='ocrx_word' id='word_1_411' title='bbox 319 2321 438 2365; x_wconf 88' lang='lat' dir='ltr'><strong><em>capita</em></strong></span> <span class='ocrx_word' id='word_1_412' title='bbox 467 2331 532 2365; x_wconf 88' lang='lat' dir='ltr'><strong><em>per</em></strong></span> <span class='ocrx_word' id='word_1_413' title='bbox 560 2321 678 2354; x_wconf 86' lang='lat' dir='ltr'><strong><em>urbem</em></strong></span> <span class='ocrx_word' id='word_1_414' title='bbox 707 2321 921 2355; x_wconf 87' lang='lat' dir='ltr'><strong><em>circumlata.</em></strong></span> <span class='ocrx_word' id='word_1_415' title='bbox 971 2320 1183 2354; x_wconf 88' lang='lat' dir='ltr'><strong><em>Sicariorum</em></strong></span> <span class='ocrx_word' id='word_1_416' title='bbox 1206 2324 1242 2354; x_wconf 88' lang='lat' dir='ltr'><strong><em>et</em></strong></span> <span class='ocrx_word' id='word_1_417' title='bbox 1261 2319 1369 2363; x_wconf 88' lang='lat' dir='ltr'><strong><em>ipsius</em></strong></span> <span class='ocrx_word' id='word_1_418' title='bbox 1391 2320 1578 2363; x_wconf 85' lang='lat' dir='ltr'><strong><em>Augustae</em></strong></span> 
     </span>
     <span class='ocr_line' id='line_1_47' title="bbox 99 2364 1578 2412; baseline 0 -14"><span class='ocrx_word' id='word_1_419' title='bbox 99 2364 348 2400; x_wconf 85' lang='lat' dir='ltr'><strong><em>inhumanitas.</em></strong></span> <span class='ocrx_word' id='word_1_420' title='bbox 381 2367 566 2401; x_wconf 81' lang='lat' dir='ltr'><strong><em>cadavera</em></strong></span> <span class='ocrx_word' id='word_1_421' title='bbox 589 2367 734 2412; x_wconf 87' lang='lat' dir='ltr'><strong><em>sepelire</em></strong></span> <span class='ocrx_word' id='word_1_422' title='bbox 754 2368 813 2401; x_wconf 69' lang='lat' dir='ltr'><strong><em>oiz-</em></strong></span> <span class='ocrx_word' id='word_1_423' title='bbox 835 2367 977 2402; x_wconf 86' lang='lat' dir='ltr'><strong><em>tandem</em></strong></span> <span class='ocrx_word' id='word_1_424' title='bbox 997 2367 1214 2412; x_wconf 88' lang='lat' dir='ltr'><strong><em>permissum.</em></strong></span> <span class='ocrx_word' id='word_1_425' title='bbox 1245 2365 1378 2400; x_wconf 85' lang='lat' dir='ltr'><strong><em>Mortui</em></strong></span> <span class='ocrx_word' id='word_1_426' title='bbox 1400 2365 1578 2410; x_wconf 85' lang='lat' dir='ltr'><strong><em>Apocauci</em></strong></span> 
     </span>
     <span class='ocr_line' id='line_1_48' title="bbox 90 2412 1577 2457; baseline -0.001 -11"><span class='ocrx_word' id='word_1_427' title='bbox 90 2413 192 2457; x_wconf 84' lang='lat' dir='ltr'><strong><em>filius</em></strong></span> <span class='ocrx_word' id='word_1_428' title='bbox 217 2414 497 2447; x_wconf 84' lang='lat' dir='ltr'><strong><em>Thessalonicam</em></strong></span> <span class='ocrx_word' id='word_1_429' title='bbox 520 2414 660 2448; x_wconf 86' lang='lat' dir='ltr'><strong><em>tradere</em></strong></span> <span class='ocrx_word' id='word_1_430' title='bbox 680 2414 919 2448; x_wconf 83' lang='lat' dir='ltr'><strong><em>Cantacuzeno</em></strong></span> <span class='ocrx_word' id='word_1_431' title='bbox 940 2415 1075 2449; x_wconf 88' lang='lat' dir='ltr'><strong><em>statuit.</em></strong></span> <span class='ocrx_word' id='word_1_432' title='bbox 1109 2415 1233 2448; x_wconf 84' lang='lat' dir='ltr'><strong><em>Arcem</em></strong></span> <span class='ocrx_word' id='word_1_433' title='bbox 1253 2417 1408 2456; x_wconf 81' lang='lat' dir='ltr'><strong><em>occupat.</em></strong></span> <span class='ocrx_word' id='word_1_434' title='bbox 1437 2412 1577 2457; x_wconf 86' lang='lat' dir='ltr'><strong><em>Impetu</em></strong></span> 
     </span>
     <span class='ocr_line' id='line_1_49' title="bbox 96 2459 1576 2507; baseline -0.001 -14"><span class='ocrx_word' id='word_1_435' title='bbox 96 2460 208 2505; x_wconf 85' lang='lat' dir='ltr'><strong><em>plebis</em></strong></span> <span class='ocrx_word' id='word_1_436' title='bbox 230 2461 434 2505; x_wconf 86' lang='lat' dir='ltr'><strong><em>opprimitur</em></strong></span> <span class='ocrx_word' id='word_1_437' title='bbox 457 2460 555 2505; x_wconf 85' lang='lat'><strong><em>(10).</em></strong></span> <span class='ocrx_word' id='word_1_438' title='bbox 601 2461 771 2495; x_wconf 81' lang='lat' dir='ltr'><strong><em>Batatzes</em></strong></span> <span class='ocrx_word' id='word_1_439' title='bbox 793 2461 956 2507; x_wconf 84' lang='lat' dir='ltr'><strong><em>ignobilis</em></strong></span> <span class='ocrx_word' id='word_1_440' title='bbox 972 2471 1102 2507; x_wconf 87' lang='lat' dir='ltr'><strong><em>genere</em></strong></span> <span class='ocrx_word' id='word_1_441' title='bbox 1110 2473 1124 2501; x_wconf 87' lang='grc'><strong><em>,-</em></strong></span> <span class='ocrx_word' id='word_1_442' title='bbox 1145 2466 1185 2494; x_wconf 90' lang='lat' dir='ltr'><strong><em>ut</em></strong></span> <span class='ocrx_word' id='word_1_443' title='bbox 1200 2460 1248 2493; x_wconf 91' lang='lat' dir='ltr'><strong><em>ad</em></strong></span> <span class='ocrx_word' id='word_1_444' title='bbox 1265 2459 1477 2504; x_wconf 87' lang='lat' dir='ltr'><strong><em>opulentiam</em></strong></span> <span class='ocrx_word' id='word_1_445' title='bbox 1491 2470 1576 2504; x_wconf 88' lang='lat' dir='ltr'><strong><em>per-</em></strong></span> 
     </span>
     <span class='ocr_line' id='line_1_50' title="bbox 99 2506 1575 2552; baseline -0.001 -12"><span class='ocrx_word' id='word_1_446' title='bbox 99 2507 244 2542; x_wconf 86' lang='lat' dir='ltr'><strong><em>venerit.</em></strong></span> <span class='ocrx_word' id='word_1_447' title='bbox 293 2507 558 2541; x_wconf 78' lang='lat' dir='ltr'><strong><em>Thessalonicae</em></strong></span> <span class='ocrx_word' id='word_1_448' title='bbox 577 2508 799 2552; x_wconf 74' lang='lat' dir='ltr'><strong><em>praeficitur:</em></strong></span> <span class='ocrx_word' id='word_1_449' title='bbox 822 2508 958 2549; x_wconf 89' lang='lat' dir='ltr'><strong><em>deinde,</em></strong></span> <span class='ocrx_word' id='word_1_450' title='bbox 982 2509 1162 2552; x_wconf 86' lang='lat' dir='ltr'><strong><em>Apocauco</em></strong></span> <span class='ocrx_word' id='word_1_451' title='bbox 1174 2507 1294 2551; x_wconf 85' lang='lat' dir='ltr'><strong><em>filium</em></strong></span> <span class='ocrx_word' id='word_1_452' title='bbox 1315 2517 1416 2540; x_wconf 86' lang='lat' dir='ltr'><strong><em>suum</em></strong></span> <span class='ocrx_word' id='word_1_453' title='bbox 1439 2506 1473 2539; x_wconf 89' lang='lat' dir='ltr'><strong><em>ei</em></strong></span> <span class='ocrx_word' id='word_1_454' title='bbox 1494 2506 1575 2540; x_wconf 86' lang='lat' dir='ltr'><strong><em>sub-</em></strong></span> 
     </span>
     <span class='ocr_line' id='line_1_51' title="bbox 98 2552 1576 2599; baseline -0.001 -12"><span class='ocrx_word' id='word_1_455' title='bbox 98 2555 259 2599; x_wconf 83' lang='lat' dir='ltr'><strong><em>rogante,</em></strong></span> <span class='ocrx_word' id='word_1_456' title='bbox 283 2554 430 2588; x_wconf 80' lang='lat' dir='ltr'><strong><em>eiicitur.</em></strong></span> <span class='ocrx_word' id='word_1_457' title='bbox 462 2555 519 2588; x_wconf 87' lang='lat' dir='ltr'><strong><em>Ad</em></strong></span> <span class='ocrx_word' id='word_1_458' title='bbox 542 2554 821 2589; x_wconf 81' lang='lat' dir='ltr'><strong><em>Cantacuzenum</em></strong></span> <span class='ocrx_word' id='word_1_459' title='bbox 844 2555 970 2597; x_wconf 79' lang='lat' dir='ltr'><strong><em>deficit.</em></strong></span> <span class='ocrx_word' id='word_1_460' title='bbox 1013 2555 1215 2598; x_wconf 78' lang='lat' dir='ltr'><strong><em>Solymanni</em></strong></span> <span class='ocrx_word' id='word_1_461' title='bbox 1236 2553 1360 2599; x_wconf 85' lang='lat' dir='ltr'><strong><em>generi</em></strong></span> <span class='ocrx_word' id='word_1_462' title='bbox 1381 2552 1490 2587; x_wconf 86' lang='lat' dir='ltr'><strong><em>armis</em></strong></span> <span class='ocrx_word' id='word_1_463' title='bbox 1507 2553 1576 2586; x_wconf 88' lang='lat' dir='ltr'><strong><em>ad·-</em></strong></span> 
     </span>
     <span class='ocr_line' id='line_1_52' title="bbox 98 2599 1576 2646; baseline -0.001 -12"><span class='ocrx_word' id='word_1_464' title='bbox 98 2599 251 2635; x_wconf 74' lang='lat' dir='ltr'><strong><em>iuvatur.</em></strong></span> <span class='ocrx_word' id='word_1_465' title='bbox 297 2602 435 2635; x_wconf 87' lang='lat' dir='ltr'><strong><em>Mortuo</em></strong></span> <span class='ocrx_word' id='word_1_466' title='bbox 458 2602 639 2646; x_wconf 87' lang='lat' dir='ltr'><strong><em>Apocauco</em></strong></span> <span class='ocrx_word' id='word_1_467' title='bbox 670 2613 747 2635; x_wconf 88' lang='lat' dir='ltr'><strong><em>cum</em></strong></span> <span class='ocrx_word' id='word_1_468' title='bbox 769 2602 873 2635; x_wconf 89' lang='lat' dir='ltr'><strong><em>Anna</em></strong></span> <span class='ocrx_word' id='word_1_469' title='bbox 905 2602 1121 2645; x_wconf 82' lang='lat' dir='ltr'><strong><em>imperatrice</em></strong></span> <span class='ocrx_word' id='word_1_470' title='bbox 1154 2601 1396 2636; x_wconf 85' lang='lat' dir='ltr'><strong><em>reconciliatus</em></strong></span> <span class='ocrx_word' id='word_1_471' title='bbox 1425 2600 1576 2634; x_wconf 82' lang='lat' dir='ltr'><strong><em>maiores</em></strong></span> 
     </span>
     <span class='ocr_line' id='line_1_53' title="bbox 98 2647 1575 2691; baseline 0.002 -11"><span class='ocrx_word' id='word_1_472' title='bbox 98 2647 213 2691; x_wconf 87' lang='lat' dir='ltr'><strong><em>copias</em></strong></span> <span class='ocrx_word' id='word_1_473' title='bbox 245 2658 287 2681; x_wconf 67' lang='lat' dir='ltr'><strong><em>ca·</em></strong></span> <span class='ocrx_word' id='word_1_474' title='bbox 314 2648 403 2682; x_wconf 86' lang='lat' dir='ltr'><strong><em>Asia</em></strong></span> <span class='ocrx_word' id='word_1_475' title='bbox 433 2648 587 2683; x_wconf 88' lang='lat' dir='ltr'><strong><em>arcessit.</em></strong></span> <span class='ocrx_word' id='word_1_476' title='bbox 632 2649 676 2682; x_wconf 92' lang='lat' dir='ltr'><strong><em>In</em></strong></span> <span class='ocrx_word' id='word_1_477' title='bbox 695 2649 1012 2683; x_wconf 79' lang='lat' dir='ltr'><strong><em>Cantacuzcnianos</em></strong></span> <span class='ocrx_word' id='word_1_478' title='bbox 1038 2648 1163 2683; x_wconf 83' lang='lat' dir='ltr'><strong><em>saevit.</em></strong></span> <span class='ocrx_word' id='word_1_479' title='bbox 1210 2647 1351 2688; x_wconf 86' lang='lat' dir='ltr'><strong><em>Persae,</em></strong></span> <span class='ocrx_word' id='word_1_480' title='bbox 1376 2647 1515 2691; x_wconf 88' lang='lat' dir='ltr'><strong><em>praeda</em></strong></span> <span class='ocrx_word' id='word_1_481' title='bbox 1538 2651 1575 2684; x_wconf 83' lang='lat' dir='ltr'><strong><em>et</em></strong></span> 
     </span>
     <span class='ocr_line' id='line_1_54' title="bbox 97 2693 1480 2740; baseline -0.001 -11"><span class='ocrx_word' id='word_1_482' title='bbox 97 2693 226 2730; x_wconf 77' lang='lat' dir='ltr'><strong><em>viatico</em></strong></span> <span class='ocrx_word' id='word_1_483' title='bbox 244 2694 468 2739; x_wconf 78' lang='lat' dir='ltr'><strong><em>defraudati,</em></strong></span> <span class='ocrx_word' id='word_1_484' title='bbox 491 2706 569 2732; x_wconf 89' lang='lat' dir='ltr'><strong><em>eum</em></strong></span> <span class='ocrx_word' id='word_1_485' title='bbox 584 2695 754 2731; x_wconf 85' lang='lat' dir='ltr'><strong><em>occidunt.</em></strong></span> <span class='ocrx_word' id='word_1_486' title='bbox 800 2695 858 2731; x_wconf 86' lang='lat' dir='ltr'><strong><em>Ad</em></strong></span> <span class='ocrx_word' id='word_1_487' title='bbox 882 2695 1160 2731; x_wconf 77' lang='lat' dir='ltr'><strong><em>Cantacuzenum</em></strong></span> <span class='ocrx_word' id='word_1_488' title='bbox 1181 2698 1363 2731; x_wconf 82' lang='lat' dir='ltr'><strong><em>transeunt</em></strong></span> <span class='ocrx_word' id='word_1_489' title='bbox 1385 2693 1480 2740; x_wconf 81' lang='lat'><strong><em>(11).</em></strong></span> 
     </span>
    </p>
   </div>
  </div>
 </body>
</html>
