1754 3164
605 131 1081 182 ANNOTATIONES.
1479 134 1503 178 1
1511 132 1612 180 245

186 237 289 291 Pag.
320 238 427 290 474,
461 242 527 283 13.
591 237 816 295 Τριάκοντα
834 238 1007 294 μεταξὺ]
1039 242 1150 281 Obiit
1175 242 1348 296 proinde
1371 243 1610 286 Theodorus

70 293 289 334 Metochita
314 298 420 337 XIV.
444 297 578 337 Martii
602 313 705 338 anno
729 299 1038 339 MCCCXXXII.
1095 314 1272 341 DUCANG.

183 363 283 418 Pssg-
313 366 418 417 475,
452 371 488 410 1.
544 362 658 420 Ἐμοὶ
691 365 735 408 δὲ
771 363 806 408 ὦ
835 364 1053 422 παρόντες]
1085 368 1210 408 Abest
1238 367 1339 408 haec
1368 369 1556 411 Monodia
1585 388 1608 410 a

70 421 219 460 Codice
242 424 368 474 Regio
396 424 523 468 2558.
551 431 597 463 ut
628 432 669 464 et
690 425 881 464 Monodia
911 426 953 464 in
983 426 1137 465 obitum
1167 426 1390 465 Andronici
1418 429 1604 469 senioris,

66 477 276 517 Lectiones
307 495 328 518 a
357 481 530 532 vulgatis
564 482 742 531 diversas
771 482 1050 536 suppeditavit
1079 483 1217 523 Codex
1254 484 1530 537 colbertinus,
1561 486 1606 525 in

66 548 147 586 quo
164 535 271 575 hanc
291 537 341 576 de
366 537 570 578 Theodori
591 539 831 579 Metochitae
853 541 967 579 obitu
990 540 1329 592 lamentationem,
1364 556 1456 583 cum
1479 543 1604 582 variis

63 594 333 632 recentiorum
361 595 607 635 Graecorum
629 598 836 650 opusculis
858 598 1134 647 coniunctam,
1165 599 1402 651 reperimus.
1463 600 1605 649 caete-b¹

61 663 152 688 rum
184 651 383 702 Gregoras
414 667 494 692 non
524 654 711 694 Monodia
741 655 896 705 solum,
927 655 998 694 sed
1030 662 1072 694 et
1094 655 1311 709 Epitaphio
1342 655 1599 696 Metochitam

62 713 264 746 mortuum
283 717 521 760 prosecutus
543 717 615 751 est.
672 712 734 751 En
755 712 1019 765 epigramma,
1050 713 1171 765 quale
1194 714 1373 754 occurrit
1390 715 1503 754 initio
1526 715 1602 754 Co-

61 765 164 804 dicis
185 766 297 818 Regii
325 767 452 810 2541.

134 859 238 906 Τοῦ
271 861 323 906 Γ
318 860 501 924 ρηγορᾶ
536 859 845 925 ἐπίγραμμα,
881 861 959 910 ἐπὶ
995 862 1066 926 τῷ
1095 857 1238 926 ’τάφῳ
1269 864 1362 912 τοῦ
1380 860 1596 927 μεγάλου

663 943 973 1003 Λογοθέτου.

217 1026 292 1080 ‘'Og·
320 1028 452 1085 πάρος
481 1030 525 1072 ἐν
553 1032 677 1088 σοφίῃ
708 1031 809 1086 μέγα
836 1033 962 1081 κῦδος
992 1032 1064 1086 ἓήν
1091 1049 1137 1087 γε
1164 1036 1343 1087 θνητῶν,

283 1086 405 1138 Βαιὸς
434 1088 510 1130 οἱδὶ
539 1091 640 1137 λᾶας
667 1092 743 1130 τοῦ
770 1104 815 1143 γε
843 1088 1015 1131 κέκευθε
1043 1089 1176 1131 νέκυν.

226 1148 370 1197 Δῆμος
401 1149 557 1187 σεπτῶν
588 1142 803 1187 Μουσάων
831 1143 1048 1197 ὀλολύξατε
1075 1150 1225 1189 πᾶσαι·

270 1201 416 1245 ’Ώλετο
444 1207 580 1252 κεῖνος
607 1199 734 1258 ἆνήρ·
767 1201 888 1245 ὤλετο
916 1205 1041 1258 σοφίη
1070 1207 1195 1246 πᾶσα.

51 1283 277 1334 Scripserat
314 1284 463 1335 credo,
504 1282 627 1324 ὤλετο
660 1285 886 1337 πανσοφίη.
946 1285 1047 1324 Nam
1078 1282 1198 1326 ὤλετο
1227 1285 1354 1338 σοφίη
1386 1286 1498 1325 πᾶσα
1531 1291 1590 1323 est

48 1340 168 1378 nimis
198 1341 464 1381 inconditum.
526 1342 710 1391 Caetera,
746 1356 974 1394 quanquam
997 1349 1038 1381 et
1060 1344 1146 1394 ipsa
1177 1343 1338 1382 minime
1367 1342 1586 1391 modulata,

47 1411 131 1436 non
151 1398 330 1451 corrig03
361 1413 452 1438 cum
474 1399 597 1437 sciam
618 1398 726 1437 illius
746 1401 941 1452 temporis
962 1404 1102 1452 pectas
1116 1400 1334 1452 plerosque
1351 1401 1482 1451 legum
1500 1413 1588 1438 me-

46 1455 240 1494 tricarum
267 1457 427 1507 ignaros
456 1469 622 1508 prorsus
655 1456 798 1505 fuisse:
846 1457 911 1495 cui
940 1457 1101 1508 quidem
1132 1459 1192 1496 rei
1226 1463 1459 1508 argumento
1491 1464 1587 1496 sunt

45 1517 231 1564 poemata
261 1514 388 1566 ipsius
417 1512 680 1562 Metochitae,
711 1513 790 1551 viri
823 1513 985 1564 quidem
1019 1514 1151 1562 docti,
1193 1514 1264 1552 sed
1296 1513 1583 1553 versificatoris

45 1570 236 1622 pessimi,
278 1572 394 1610 cuius
425 1569 644 1623 sepulchro
676 1570 788 1609 nefas
817 1571 896 1609 suit
933 1570 1083 1610 bonum
1115 1571 1360 1624 epigramma
1398 1570 1578 1609 inscribi.

44 1640 201 1667 ΒοινιΝ.
734 1658 737 1659 ⁷

163 1687 260 1738 Pag.
289 1682 394 1734 475,
425 1687 465 1726 8.
528 1680 641 1738 Πρός
672 1679 877 1737 α’βύσσους
906 1683 1143 1738 πυθμένας]
1188 1681 1241 1726 Τὸ
1269 1679 1476 1738 ἀβύσσους
1503 1683 1580 1722 ad-

42 1741 189 1781 ieclive
212 1748 451 1794 usurpatum
470 1741 644 1780 videtur.
701 1755 896 1780 WOLHUS.

162 1802 259 1852 Pag.
292 1798 396 1848 482,
430 1804 468 1841 1.
529 1797 682 1852 Θέρους
701 1796 745 1839 δὲ
763 1796 1070 1851 ἐπιγενομένου]
1102 1798 1403 1837 Cantacuzenus
1424 1797 1576 1840 lib.111.

43 1871 132 1909 cap.
158 1856 208 1896 ΙΙ.
233 1856 370 1895 scribit
389 1855 588 1906 Ioannem,
620 1869 711 1895 cum
733 1862 849 1909 pater
872 1855 973 1894 obiit
998 1855 1080 1907 (an.
1103 1856 1257 1894 scilicet
1283 1852 1575 1908 MCCCLV1.*)

42 1914 147 1952 lunii
166 1910 316 1968 XXV.)
345 1927 566 1952 novennem
596 1913 729 1954 fuisse.
774 1912 946 1951 Proinde
966 1919 1085 1952 natus
1104 1926 1208 1952 anno
1226 1907 1573 1952 MCCCXXXVHL

39 1971 239 2010 Laonicus
258 1970 510 2010 duodennem
529 1970 652 2009 fuisse
674 1970 743 2008 ait.
791 1983 965 2009 onemo.

156 2043 253 2093 Pag.
281 2042 384 2089 482,
418 2043 483 2082 11.
528 2034 827 2091 Κιντζούστρα]
857 2037 1028 2077 Videtur
1047 2036 1260 2089 legendum
1278 2037 1346 2079 καὶ
1366 2033 1572 2090 τζούστρα.

42 2098 101 2137 De
121 2095 199 2135 hac
218 2104 388 2149 utraque
418 2095 526 2148 apud
542 2095 707 2134 Latinos
727 2095 896 2134 usitatae
927 2095 1175 2134 decursionis
1204 2108 1251 2133 ac
1273 2094 1572 2134 monomachiae

36 2154 220 2194 ludicrae
242 2155 375 2207 specie
396 2153 693 2192 dissertationes
716 2152 816 2191 duas
834 2152 1030 2192 edidimus
1050 2152 1101 2191 ad
1122 2152 1332 2191 Ioinvillae
1348 2152 1570 2203 historiam,

37 2211 104 2250 VI.
126 2212 208 2253 VH.
232 2212 303 2251 ubi
327 2212 528 2263 Gregorae
546 2216 586 2249 et
607 2215 857 2249 caeterorum
881 2211 1125 2263 scriptorum
1143 2210 1390 2249 Graecorum
1408 2223 1454 2248 eo
1475 2223 1570 2260 spe-

37 2275 191 2308 ctantes
216 2269 329 2308 locos
348 2268 484 2307 multis
505 2266 788 2320 expendimus,
817 2267 990 2306 maxime
1008 2280 1101 2319 pag.
1127 2270 1220 2310 168.
1251 2280 1427 2306 onemo.
1485 2265 1569 2305 Καὶ

35 2322 256 2379 ντζούστρα
275 2324 386 2380 παρὰ
405 2325 603 2373 Λατίνοις
621 2323 824 2376 καλεῖται]
854 2324 916 2363 Ita
937 2325 1034 2364 Cod.
1058 2325 1218 2375 Regius.
1258 2324 1312 2362 At
1332 2325 1373 2362 in
1401 2321 1565 2360 Wolfia-

34 2398 88 2422 na
113 2383 287 2423 editione
310 2384 522 2436 legebatur
541 2377 826 2434 Κιντζούστρα,
856 2394 957 2431 vox,
989 2387 1038 2420 ut
1057 2381 1158 2420 mihi
1177 2381 1352 2429 videtur,
1382 2380 1488 2417 facta
1514 2392 1566 2417 ex

39 2441 194 2480 Gallico
230 2442 300 2496 qui
328 2438 539 2495 joustera?
595 2438 698 2479 Vide
737 2444 779 2477 et
809 2444 924 2478 notas
954 2439 1148 2492 Ducangii
1180 2438 1232 2478 ad
1265 2438 1374 2476 hunc
1410 2436 1561 2474 locum.

34 2511 246 2608 Buulle-ag·
275 2557 380 2606 483,
405 2558 445 2599 3.
508 2552 648 2610 Τόρνε]
678 2553 887 2606 Expressit
908 2553 1108 2592 Gancum
1135 2550 1323 2591 Τοιινηοί.
1383 2562 1559 2588 nucum.

33 2610 78 2652 Ὀ
98 2607 140 2652 δ’
163 2611 292 2666 ἕτερος
321 2616 402 2652 τῶν
434 2608 603 2666 ἀγώνων
630 2608 851 2665 Τορνεμὲν]
890 2610 950 2649 Ita
979 2611 1087 2650 idem
1120 2608 1258 2647 Codex
1280 2605 1449 2656 Regius,
1480 2619 1561 2643 non

38 2664 162 2721 Τόρνε
183 2667 276 2719 μὲν,
305 2675 351 2707 ut
371 2670 526 2721 legebat
546 2668 726 2707 wolfius.
782 2667 905 2706 Facta
936 2667 1054 2707 etiam
1085 2665 1185 2704 haec
1214 2677 1296 2702 vox
1328 2676 1378 2700 ex
1402 2661 1558 2700 Gallico

32 2726 233 2764 vocabulo
252 2728 491 2777 Teme-ment,
522 2727 585 2766 vel
601 2724 913 2774 Toumoiement,
943 2724 1051 2777 quod
1075 2730 1114 2762 et
1138 2722 1375 2760 Torneamen
1399 2725 1438 2757 et
1458 2718 1558 2758 Tor-

76 2826 114 2871 *)
140 2827 241 2863 Immo
265 2828 491 2864 MGGGXLI.
518 2827 609 2862 Ιιιηίἰ
634 2826 710 2863 XV.
734 2828 771 2861 et
794 2831 898 2861 uatus
922 2837 1011 2861 auno
1038 2819 1310 2859 Mcccxxxn.
1365 2828 1497 2874 norvfflr.
