1794 3172
339 159 657 206 HISTORIAE
684 158 1059 206 BYzANTINAE
1084 157 1247 205 XXIII.
1278 164 1319 207 1.
1388 152 1520 201 1091

43 275 296 329 βεβαιοῦντα
315 269 388 316 τὸν
402 267 523 329 λόγον
535 269 679 315 αὐτοῦ.
717 302 732 326 ‚
736 273 852 325 ,νοῦς
863 266 990 328 γὰρ,”
1009 270 1128 329 φησὶ,
1152 269 1246 327 ,,μὴ
1264 273 1372 315 νοῶν
1392 266 1569 328 ἀνᾶη-Α.
1587 278 1627 311 c.
1654 276 1744 314 1351

42 359 116 393 τος
134 341 185 385 ἂν
205 341 310 399 εἶἠ.”
344 341 412 385 καὶ
422 339 708 399 Ἀριστοτέλης
726 339 765 384 δ’
786 337 939 396 ὅμοίως
953 353 964 364 ·
997 339 1230 394 ,,τέλειος,”
1251 340 1369 398 φησὶ,
1390 324 1744 406 „voae'ngmggss‘z’jcgffi

43 408 262 470 αὐτοφυής
293 411 403 455 ἔστιν
432 411 632 468 ἐνέργεια,
663 410 733 453 καὶ
759 407 913 453 ταύτόν
941 410 1052 454 ἐστιν
1075 409 1146 453 ἐπ’
1176 408 1330 465 αὖτοῦ,
1366 409 1522 455 ταῦτόν

43 483 112 524 καὶ
133 482 330 539 ἐνέργεια’
365 479 393 536 ἢ
416 479 465 524 οὗ
482 477 732 535 μεταβάλλει
745 512 759 532 ,
791 478 893 523 ἄλλο
915 496 956 523 τι
980 478 1039 524 ὢν
1056 479 1133 536 τὴν
1153 479 1298 524 οῦσίαν
1317 481 1387 524 καὶ
1417 478 1519 526 ἄλλο
1542 486 1587 525 Ρ.
1604 488 1675 526 685

13 551 122 607 ὄτὴν
149 549 390 607 ἕνέργειαν.”
432 548 539 592 ἀλλὰ
567 553 702 593 ταῦτα
721 549 796 603 μὲν
817 550 973 593 ἐκεῖνοι.
1046 548 1143 609 (Θ.)
1169 548 1342 606 ’Ίὸωμεν
1375 551 1422 594 δὲ
1453 552 1523 595 καὶ

39 625 126 665 τῶν
146 623 291 678 σοφῶν
315 620 384 663 καὶ
404 616 531 677 ἆγίων
554 617 816 663 διδασκάλων
835 623 912 675 τῆς
929 620 1145 676 ἐκκλησίας
1162 618 1238 676 τὴν
1258 621 1518 679 συμφωνίαν.

38 688 98 744 ,,ὄ
117 690 220 742 θεὸς
237 687 330 733 οῦτε
351 693 459 733 νοῶν
479 688 636 746 λέγεται
655 689 820 747 κυρίως,
858 687 953 732 οὔτε
972 687 1194 745 νοούμενος
1205 722 1219 742 ,
1250 690 1321 733 ‘lm
1339 689 1400 747 μὴ
1420 688 1523 735 σῦν-

38 764 167 811 θεῖος
183 762 374 818 λογισθῇ.
410 755 521 812 ‘nisce
540 758 621 817 γὰρ
647 763 772 803 νοοῦν
803 758 1240 816 συνεπιθεωρουμένην
1258 758 1336 816 ἔχει
1354 759 1432 817 τὴν
1442 765 1519 805 τοῦ

38 836 146 874 νοεῖν
179 828 355 885 δύναμιν
365 861 379 882 ,
414 826 526 882 τό,τε
570 826 793 885 νοούμενον
820 828 897 885 τὴν
926 832 1003 872 τοῦ
1034 832 1237 874 νοεῖσθαι,
1291 828 1388 873 ἀλλ’
1423 830 1523 875 οὐδὲ

0 909 30 944 ,0
40 897 206 957 νόησις·
250 897 278 956 ἦ
300 898 379 956 γὰρ
409 895 552 955 νόησις
579 897 657 955 ἔχει
686 903 872 957 φυσικῶς
889 896 1159 955 ῦποκειμένην
1180 899 1366 959 δεκτικὴν
1388 899 1556 958 αὖτῆςΒ

38 969 199 1014 οὐσίαν.
236 967 381 1013 λοιπὸν
403 963 477 1012 οὖν
487 1001 502 1022 ,
531 965 636 1025 ὖπὲρ
657 972 792 1012 ταῦτα
813 965 951 1012 πάντα
967 981 977 992 ·
1014 969 1051 1012 εἶ
1077 965 1139 1025 μή
1165 986 1246 1012 που
1272 967 1415 1026 νόησιν
1438 970 1519 1014 αὐ-

37 1039 112 1084 τὸν
131 1039 311 1094 εἴποιμεν
329 1037 432 1082 αὐτὸ
458 1037 554 1082 κατ’
577 1037 736 1082 οὐσίαν.
774 1039 843 1082 καὶ
866 1036 962 1082 ὅλον
982 1035 1139 1095 νόησιν,
1166 1039 1236 1082 καὶ
1257 1036 1388 1094 μόνον
1414 1038 1518 1097 νόη-

37 1126 119 1164 σιν,
143 1111 211 1153 καὶ
234 1105 376 1165 νόησιν
396 1105 500 1165 ὖπὲρ
521 1104 706 1164 νόησιν.”
741 1110 810 1151 καὶ
830 1107 1014 1163 ἀλλαχοῦ
1027 1121 1038 1132 ·
1057 1105 1120 1165 ,,ἦ
1141 1106 1518 1168 αὖτοῢπεραγαθό-

35 1195 135 1235 της,
173 1182 272 1230 νοῦς
296 1172 402 1222 οὖσα
419 1179 488 1220 καὶ
509 1175 583 1234 ὅλη
607 1176 809 1235 ἐνέργεια,
848 1179 906 1229 εἷς
924 1175 1078 1234 ἑαυτὴν
1095 1177 1371 1236 ἔστραμμένη,
1402 1180 1522 1243 ἕνερῖ

3 1250 126 1310 ὅγείᾳ
147 1247 211 1303 δ’,
247 1246 296 1292 οὗ
318 1244 513 1302 δυνάμει,
547 1244 749 1305 πρότερον
770 1242 878 1291 οῦσα
906 1245 1147 1306 ἀφροσύνη,
1180 1246 1268 1292 εἶτα
1285 1253 1383 1300 νοῦς
1403 1250 1518 1308 ἔνερ-

34 1319 122 1380 γειά
139 1316 343 1376 γινομένη.
392 1315 494 1361 ὅθεν
512 1317 586 1361 καί
602 1317 689 1360 ἔστι
710 1321 807 1368 νοῦς
836 1314 966 1373 μόνον
998 1317 1213 1376 καθαρὸς,
1241 1317 1318 1362 οῦκ
1345 1320 1552 1364 {naba-C

35 1406 135 1432 κτον
166 1387 270 1445 ἔχων
298 1386 348 1431 τὸ
379 1393 570 1445 φρονεῖν,
603 1385 712 1431 ἀλλὰ
733 1387 839 1445 παρ’
863 1385 1015 1431 ἑαυτοῦ
1034 1385 1171 1431 πάντα
1188 1395 1285 1432 νοεῖ.
1322 1390 1358 1432 εἰ
1379 1389 1459 1447 γὰρ
1488 1389 1516 1447 ἦ

33 1459 111 1513 μὲν
142 1457 264 1502 οὗσιά
296 1456 427 1501 αὐτοῦ
457 1455 559 1500 ἄλλο
594 1456 730 1511 ἐστὶν,
775 1456 804 1500 ἃ
835 1458 882 1501 δὲ
910 1463 998 1500 νοεῖ
1035 1457 1153 1515 ἕτερα
1186 1456 1317 1501 αὐτοῦ
1324 1491 1340 1512 ,
1388 1458 1516 1510 αὐτὸς

36 1525 214 1584 ἀνόητος
236 1526 383 1579 ἕσται,
407 1525 535 1584 ἤγουν
556 1523 583 1583 ἦ
607 1526 729 1571 οὐσία
752 1525 927 1571 αὗτοῦ.”
997 1525 1074 1586 (Ι.)
1108 1527 1197 1571 ,Καὶ
1216 1530 1352 1571 ταῦτα
1372 1528 1449 1583 μὲν
1471 1530 1515 1581 ἐξ

0 1596 304 1654 Ὸαύτοσχεδίου
337 1595 442 1647 τέως
466 1593 565 1653 ἡμῖν
590 1595 760 1655 εἴρηται.
814 1599 968 1653 σχολῆς
994 1595 1045 1640 δέ
1066 1613 1141 1651 μοι
1168 1597 1510 1655 προσγενομένης,

125 1732 163 1768 3.
183 1731 272 1775 Post
289 1726 351 1768 ἐπ’
373 1727 495 1767 αὐτοῦ
513 1729 624 1778 Capp.
638 1727 828 1765 addendum
848 1731 968 1766 censet
984 1725 1107 1768 οῦσία.
1197 1729 1257 1767 12.
1281 1726 1376 1767 αὐτὸ
1391 1741 1457 1766 om.
1467 1730 1512 1767 al.

127 1776 185 1815 14.
206 1776 370 1827 ἐνεργείᾳ
386 1776 464 1815 ἐστὶ
481 1777 526 1813 al.
620 1778 677 1815 17.
700 1774 852 1819 πάντως
870 1776 915 1813 al.
944 1780 948 1784 ’
1009 1778 1066 1815 18.
1087 1773 1178 1824 ἄλλη
1196 1777 1242 1812 al.

32 1896 72 1930 et
87 1893 183 1929 dicat
194 1918 206 1937 ,
227 1893 494 1930 intellectionem
510 1905 589 1929 esse
603 1892 815 1928 intellectum
833 1904 896 1928 seu
911 1894 1070 1928 mentem.
1091 1891 1220 1935 „Meus
1240 1891 1364 1935 enim”‚
1381 1891 1511 1939 inquit,

33 1941 136 1984 „sine
155 1940 390 1977 intellectione
413 1952 529 1976 amens
544 1939 671 1975 esset.”
695 1939 837 1975 Pariter
852 1939 1072 1982 Aristoteles,
1095 1939 1280 1985 „perfecta
1299 1938 1430 1982 mens,’'
1453 1940 1510 1974 in-

32 1988 124 2034 quit,
147 1992 228 2030 „est
245 1987 349 2023 etiam
365 1999 429 2034 per
446 2000 486 2023 se
505 1991 543 2023 et
561 1999 605 2022 ex
622 1990 747 2022 natura
765 1998 827 2022 sua
846 1991 957 2030 actus,
980 1997 1041 2021 seu
1059 1985 1230 2032 operatio,
1251 1988 1289 2020 et
1305 1985 1342 2020 in
1360 1998 1402 2021 ea
1415 1986 1509 2022 idem

33 2038 114 2068 sunt
133 2035 327 2069 substantia
343 2039 380 2070 et
404 2038 518 2070 actus.
562 2033 630 2070 Vel
645 2033 770 2068 nullam
792 2034 928 2079 patitur
954 2032 1197 2074 mutationem,
1220 2044 1294 2068 eum
1322 2032 1417 2068 aliud
1439 2045 1509 2068 non

33 2079 83 2115 sit
92 2080 166 2115 eius
185 2080 392 2123 substantia,
412 2081 505 2115 aliud
518 2080 597 2115 eius
615 2080 809 2127 operatio.''
834 2081 886 2116 Et
902 2081 988 2116 haec
1000 2079 1138 2126 quidem
1157 2079 1208 2114 illi
1226 2080 1416 2126 scriptores
1427 2091 1511 2126 pro-

31 2127 108 2161 fani
135 2126 310 2162 dixerunt.
365 2127 466 2172 (lx.)
491 2126 678 2162 Videamus
697 2139 801 2173 porro
827 2135 989 2174 quantum
1015 2126 1190 2173 sapientes
1209 2130 1246 2162 et
1267 2127 1380 2162 sancti
1397 2127 1510 2161 eccle-

33 2172 107 2208 siae
131 2173 291 2229 doctores
307 2174 395 2221 ipsis
415 2173 608 2228 concinant.
631 2175 754 2215 „Deus
772 2174 905 2220 (inquit
920 2175 959 2210 S.
969 2174 1158 2229 Maximus)
1181 2185 1294 2228 neqne
1309 2173 1509 2218 intelligens

31 2220 1141 2314 {Jss‘ss'sssstssgffingiffiffgsstz'lzissfffg‘tassszffizi'sgsssssssssg
1156 2224 1392 2313 iffiffssssoessssi.
1411 2221 1508 2301 533¹:

30 2312 214 2359 telligitur.
259 2314 399 2349 Pariter
415 2314 592 2349 intellecta
609 2325 667 2348 res
685 2314 791 2348 habet
815 2314 1002 2360 potentiam
1026 2319 1088 2350 seu
1105 2314 1332 2360 capacitatem
1346 2318 1387 2348 ut
1403 2312 1508 2347 intel-

30 2359 175 2404 ligatur.
222 2361 294 2395 Sed
320 2372 432 2407 neque
458 2360 646 2395 intellectio
669 2364 725 2394 est
746 2360 852 2395 Deus.
906 2362 998 2396 Nam
1018 2361 1208 2396 intellectio
1233 2373 1276 2396 ex
1294 2364 1416 2395 natura
1442 2369 1508 2393 sua

31 2405 139 2441 habet
155 2407 344 2442 subiectam
369 2407 605 2449 substantiam,
628 2406 739 2453 ipsius
762 2406 1004 2443 intellectionis
1023 2419 1196 2454 capacem.
1240 2407 1367 2442 Restat
1386 2405 1506 2450 igitur,

30 2456 73 2486 ut
88 2464 196 2498 super
215 2454 327 2488 omnia
343 2454 390 2488 sit
407 2453 522 2489 Deus:
545 2454 614 2488 nisi
630 2454 723 2488 forte
745 2453 898 2489 dicamus
923 2454 1033 2501 ipsum
1055 2467 1131 2489 esse
1154 2453 1422 2489 intellectionem
1441 2463 1506 2498 per

31 2499 237 2543 essentiam,
258 2499 368 2546 ipsum
384 2504 492 2536 totum
514 2513 591 2536 esse
616 2500 903 2543 intellectionem,
925 2513 1003 2536 esse
1022 2501 1129 2537 solum
1153 2500 1444 2540 intellectionem‚
1467 2499 1506 2532 et

30 2544 298 2581 intellectionem
338 2559 443 2593 supra
475 2546 784 2582 intellectionem.''
851 2547 904 2582 Et
940 2547 1048 2583 alibi:
1090 2547 1268 2590 „Bonitas
1312 2544 1506 2580 essentialis

29 2593 121 2626 omni
144 2592 300 2627 bonitate
318 2595 497 2639 superior,
522 2605 598 2629 cum
618 2594 665 2629 sit
692 2605 785 2629 mens
806 2597 844 2629 et
867 2598 943 2630 tota
961 2595 1139 2641 operatio,
1163 2594 1207 2629 ad
1229 2605 1268 2628 se
1292 2591 1400 2637 ipsam
1420 2602 1505 2625 con-

30 2650 157 2681 versa,
187 2643 243 2674 est
265 2643 348 2674 actu
373 2652 442 2676 non
471 2652 555 2676 vero
580 2641 757 2687 potentia3
797 2641 897 2688 quasi
923 2642 1022 2687 prius
1052 2642 1175 2676 fuisset
1204 2639 1371 2680 amentia,
1403 2636 1504 2672 dein-

30 2684 77 2719 de
106 2697 199 2720 mens
219 2689 305 2720 actu
334 2686 445 2722 fieret.
493 2687 598 2722 Unde
623 2698 717 2722 mens
741 2689 796 2722 est
820 2687 1026 2723 solummodo
1055 2700 1163 2734 pura,
1187 2698 1251 2722 nec
1278 2683 1502 2730 adventitiam

31 2731 235 2777 sapientiam
270 2732 397 2776 habet3
436 2733 501 2769 sed
537 2745 559 2768 a
590 2746 628 2768 se
654 2733 732 2779 ipsa
757 2733 869 2769 omnia
897 2734 1076 2781 intelligit.
1142 2734 1183 2768 Si
1220 2731 1308 2767 enim
1340 2731 1503 2765 substan-

31 2777 82 2812 tia
101 2778 175 2812 eins
201 2778 295 2813 aliud
321 2782 434 2822 esset,
459 2784 496 2816 et
512 2781 556 2815 ab
581 2780 661 2825 ipsa
687 2779 755 2814 alia
777 2785 893 2815 essent
913 2793 956 2816 ea
981 2793 1071 2827 quae
1093 2779 1276 2824 intelligit,
1299 2789 1393 2812 mens
1412 2777 1502 2823 ipsa,
1535 2794 1540 2798 ·

29 2824 108 2859 sive
125 2823 236 2871 ipsius
254 2825 461 2870 substantia,
483 2839 551 2862 non
568 2830 661 2861 esset
678 2826 939 2872 intelligibilis&
961 2827 1047 2874 (X.)
1067 2827 1118 2862 Et
1129 2828 1215 2862 haec
1232 2824 1368 2870 quidem
1383 2823 1503 2859 hacte-

29 2881 94 2906 nus
115 2882 159 2907 ex
179 2875 335 2920 tempore
356 2884 422 2910 nec
438 2874 491 2910 ita
507 2872 759 2923 praemeditate
782 2884 806 2910 a
821 2874 921 2911 nobis
940 2874 1036 2911 dicta
1055 2878 1148 2910 sunt.
1203 2871 1292 2907 Cum
1309 2874 1425 2907 autem
1443 2869 1507 2907 otii
