1794 3172
373 136 689 182 HISTORIAE
718 134 1093 181 BYZANTINAE
1118 132 1182 179 XI
1193 134 1240 178 V.
1259 139 1301 182 9.
1470 127 1573 176 727

78 267 160 306 πης
178 247 331 307 Ἀμοῦρ
347 251 425 304 τῆς
438 246 630 303 Ἀσιανῆς
644 243 863 301 ’δυνάμεως
888 242 1220 303 περαιωσάμενος
1235 238 1335 301 ’ἧκεν
1367 243 1411 296 ἔς
1435 246 1572 289 Διδυ-
1585 253 1623 286 Α.
1641 253 1680 287 c.
1703 250 1794 288 1345

77 318 267 375 μότειχον
284 332 296 342 ·
333 318 524 361 κάκεῖθεν
547 313 675 367 αὖθις
693 311 764 372 ἧκε
786 316 892 371 μετὰ
920 315 1125 370 βασιλέως
1145 314 1240 372 ἄχρι
1263 315 1332 358 καὶ
1351 315 1393 365 ἒς
1407 301 1794 383 Βυζάν-Ιωῗὲεῐῶἶξω

77 406 191 441 τιον,
229 387 336 438 θέας
362 405 404 430 τε
436 387 551 430 ἕνεκα
584 388 653 430 καὶ
684 387 827 443 πείρας
858 387 893 428 εἴ
920 385 1016 428 δέοι.
1057 386 1146 427 ε’πεί
1171 401 1215 441 γε
1257 384 1343 440 μὴν
1371 384 1568 441 ἐληλύθει

77 458 156 502 κάκ
186 457 425 513 συμμέτρου
466 461 542 500 τοῦ
582 454 867 511 διαστήματος
904 459 980 497 νῦν
1020 455 1097 509 μέν
1133 451 1375 509 ἱστάμενος,
1418 459 1495 498 νῦν
1526 456 1572 499 δὲ

43 527 243 584 5περιϊιὺν
280 525 443 570 ἐσκόπει
478 527 547 570 καὶ
579 523 793 582 συνεώρα,
839 522 972 580 πολλή
1007 540 1070 574 τις
1096 522 1224 567 αὐτὸν
1251 524 1417 579 συνέσχε
1440 522 1573 568 κατά-

77 599 223 652 πληξις
251 601 326 639 τοῦ
356 614 399 640 τε
425 597 631 654 μεγέθους
656 600 731 650 τῆς
761 592 920 645 πόλεως
947 595 1015 637 καὶ
1045 598 1122 637 τοῦ
1150 598 1234 637 τῶν
1260 599 1405 649 τειχῶν
1431 593 1609 650 ὕψουςΒ

77 668 146 710 καὶ
164 665 367 719 κάλλους,
405 665 463 709 ἴτι
492 683 535 709 τε
566 667 633 708 καὶ
653 670 704 721 τῆ
709 682 729 716 ς
756 669 842 708 τῶν
861 665 977 721 πέριξ
1000 661 1173 721 τάφρων
1193 665 1440 719 θαυμασίας
1458 666 1570 708 οἷκο-

79 738 227 791 δομῆς,
251 737 320 778 καὶ
340 739 415 791 τῆς
432 740 516 778 τῶν
535 732 890 792 προτειχισμάτων
913 732 1098 784 στάσεώς
1114 750 1157 776 τε
1178 735 1246 776 καὶ
1265 732 1420 784 τάξεως
1436 732 1571 778 ἐθαύ-

77 807 180 861 μαζε
208 805 253 848 δ’
278 804 418 863 ἕτερον
439 803 621 862 τρόπον,
660 807 727 847 καὶ
753 803 865 854 ὅπως
887 804 961 847 οὖκ
983 799 1034 858 ἦν
1057 805 1121 846 ε’πὶ
1142 808 1226 846 τῶν
1247 801 1479 858 ἐπάλξεων,
1512 802 1571 856 ὦς

21 884 67 921 10
79 875 202 919 εἴωθε
233 882 326 925 ταῖς
347 874 546 932 μεγάλαις
575 892 618 918 τε
650 876 717 917 καὶ
738 872 1089 929 πολυανθρώποις
1106 871 1270 927 πόλεσι,
1308 877 1474 929 πλῆθος
1493 873 1569 917 οἷν-

75 947 188 1002 δριῦν
205 958 215 968 ·
263 944 371 988 ἀλλὰ
402 944 509 1000 πλὴν
539 945 686 1001 ὀλίγων
726 943 881 1000 ἔρημον
919 941 1049 986 ἐδόκει
1087 942 1135 987 τὸ
1171 950 1304 998 τεῖχος
1344 947 1568 1000 πολεμικῆς

18 1029 22 1033 ’
78 1012 243 1070 ἁπάσης
271 1019 535 1071 παρασκευῆς
562 1016 631 1057 καὶ
662 1012 889 1068 δυνάμεως.
928 1011 950 1057 ὃ
982 1012 1062 1070 γὰρ
1086 1010 1363 1066 Ἀπόκαυκος,
1410 1010 1571 1068 μᾶλλον

74 1084 151 1140 τὴν
180 1083 354 1127 ἔνδοθεν
384 1082 517 1140 ὁρμὴν
546 1083 691 1134 δεδιώς
722 1088 797 1127 τοῦ
826 1085 1051 1139 δημοτικοῦ
1079 1081 1296 1138 πλήθους,
1334 1082 1362 1139 ἢ
1385 1083 1463 1140 τὴν
1483 1088 1606 1131 reove

74 1153 230 1205 ἔξωθεν
251 1154 458 1208 πολεμίων
479 1154 632 1211 ἔφοδον
641 1187 655 1207 ,
680 1153 823 1196 ι’ἰδειαν
853 1153 928 1196 οὐκ
948 1154 1086 1196 ἐδίδου
1107 1160 1193 1203 τοῖς
1212 1153 1482 1208 βουλομένοις
1502 1155 1567 1196 ἐπὶ

21 1224 122 1267 15τὸ
144 1231 277 1279 τεῖχος
300 1222 455 1267 ἅπασιν
477 1223 653 1277 ἀνιέναι,
694 1223 791 1266 ἀλλ’
816 1221 878 1273 οἷς
893 1221 1068 1278 μάλιστ’
1093 1220 1263 1282 ε’θάρῥει
1281 1227 1366 1266 τῶν
1386 1221 1567 1268 ὗπλιτῶν

74 1295 141 1337 καὶ
167 1293 334 1337 ἱππέων.
371 1291 531 1337 τούτων
550 1293 630 1351 γὰρ
653 1293 752 1344 τοὺς
773 1294 849 1348 μὲν
869 1292 987 1337 ἔνδον
1006 1292 1190 1343 ἀΰπνους
1210 1292 1355 1348 ἔστησε
1376 1291 1568 1351 φύλακας

72 1367 157 1406 τῶν
187 1366 354 1406 πυλῶν·
390 1363 491 1414 τοὺς
520 1365 566 1407 δὲ
597 1363 791 1421 περιϊέναι
818 1361 1206 1421 διανυκτερεύοντας
1232 1360 1285 1406 τά
1305 1380 1348 1406 τε
1367 1364 1478 1420 τείχη
1497 1366 1566 1407 καὶ

73 1437 212 1476 πᾶσαν
235 1432 353 1476 ἔνδον
370 1431 658 1491 προσετετάχει
676 1434 753 1490 τὴν
775 1431 906 1478 πόλιν.
966 1432 1058 1493 (Γ)
1100 1432 1228 1476 Οὕπω
1252 1432 1445 1490 τέτταρες
1462 1431 1606 1489 ἦμεὶ-Ῑ)

82 1520 151 1559 ραι
172 1500 533 1559 παρεληλύθεσαν,
556 1505 622 1546 καὶ
646 1502 753 1560 ἄρας
776 1501 799 1547 ὃ
817 1503 1013 1559 βασιλεὺς
1032 1501 1150 1561 ἀπῄει
1176 1501 1282 1558 μετὰ
1300 1507 1376 1546 τοῦ
1390 1502 1573 1560 Hanni&

21 1582 69 1616 20
79 1570 434 1628 καταπολεμήσων
455 1578 515 1632 τῷ
535 1575 754 1633 ΖΙΙομιτίλα
765 1606 780 1626 ,
816 1572 922 1631 πρὸς
936 1573 1042 1629 μέγα
1062 1570 1277 1627 δυνάμεως
1297 1571 1405 1615 κατὰ
1426 1573 1566 1630 βραχὺ

71 1640 258 1699 προϊόντι
285 1642 354 1684 καὶ
382 1643 634 1702 χειρουμὲνῳ
653 1641 791 1692 πόλεις
818 1644 887 1685 καὶ
902 1640 1047 1700 χώρας
1060 1640 1292 1697 Ῥωμαϊκὰς
1312 1641 1387 1686 ἀεί.
1423 1644 1493 1685 καὶ
1515 1642 1562 1687 τό

72 1710 147 1768 ἔαρ
179 1712 222 1754 εἶν
238 1709 415 1763 ,τούτοις
446 1710 648 1756 ἐτελεύτα.
681 1709 888 1768 διαβάσης
912 1713 958 1755 δὲ
984 1709 1272 1768 τὴνῬοδόπην
1293 1710 1342 1754 τὸ
1364 1710 1464 1770 ὄρος
1487 1717 1565 1769 τῆς

71 1798 115 1824 τε
142 1778 372 1836 Ῥωμαϊκῆς
405 1779 512 1837 ὁμοῦ
541 1783 610 1825 καὶ
638 1785 849 1840 Περσικῆς
874 1779 1115 1836 δυνάμεως,
1155 1783 1198 1825 ἐν
1226 1789 1508 1839 παρασκευαῖς
1538 1780 1562 1826 ὅ

71 1851 315 1906 ΖΙΙομιτίλας
333 1846 385 1906 ἦν
404 1856 479 1895 τοῦ
499 1851 694 1908 πολέμου.
730 1850 809 1908 εἶχε
829 1851 908 1911 γὰρ
929 1852 1030 1903 τέως
1046 1849 1186 1903 πόλεις
1199 1849 1269 1910 ὕφ’
1290 1849 1427 1912 ἑαυτῷ
1443 1849 1563 1901 Ξάν-

69 1962 144 1998 rius
168 1965 332 2008 satrapa,
364 1961 513 1998 traiecto
539 1962 673 2008 magnis
699 1974 774 1998 cum
802 1962 912 2009 coipis
931 1962 1097 1998 Asiaticis
1118 1962 1347 2009 Hellesponto
1369 1961 1565 2009 Didymoti-

70 2011 171 2052 chum
189 2010 296 2051 venit,
321 2012 427 2056 atque
445 2009 526 2044 inde
547 2022 670 2044 rursus
689 2022 764 2045 cum
780 2010 989 2057 imperatore
1006 2009 1213 2056 Byzantium
1228 2021 1337 2055 usque
1354 2021 1563 2055 progressus

70 2062 137 2098 est,
156 2060 193 2090 et
211 2056 349 2091 visendi
367 2056 495 2099 studio,
520 2061 557 2091 et
575 2057 683 2099 urbis,
709 2057 740 2091 si
757 2062 948 2103 oporteret,
964 2057 1201 2092 sollicitandae
1219 2068 1337 2092 causa.
1385 2056 1471 2092 Cum
1492 2056 1563 2092 ita-

69 2114 140 2149 que
162 2103 338 2146 venisset,
377 2107 415 2138 et
438 2103 530 2137 iusto
558 2103 672 2149 spatio
698 2104 903 2148 interiecto,
932 2104 1033 2139 modo
1055 2109 1151 2139 stans
1175 2103 1275 2138 modo
1304 2103 1562 2146 circumeundo,

69 2150 488 2204 specularetur-etxoculis
508 2149 695 2193 lustraret,
717 2152 879 2186 maiorem
900 2150 937 2186 in
954 2151 1087 2186 modum
1104 2151 1385 2196 obstupescebat,
1407 2155 1480 2185 tum
1500 2162 1562 2185 ur-

67 2195 123 2231 bis
140 2197 409 2242 magnitudinem
428 2197 580 2239 intuens,
601 2204 673 2232 tum
693 2197 907 2233 altitudinem
924 2209 1096 2233 mutorum
1112 2202 1149 2233 et
1167 2197 1467 2244 pulchritudinem,
1487 2202 1560 2232 tum

68 2242 288 2278 admirabiles
318 2243 626 2278 circumductarum
657 2245 824 2279 fossarum
851 2245 1148 2287 substructiones,
1179 2251 1252 2280 tum
1278 2244 1428 2290 denique
1458 2243 1560 2279 situm

68 2289 183 2335 ipsum
198 2295 235 2324 et
252 2289 405 2325 ordinem
422 2291 766 2337 propugnaculorum.
790 2292 884 2327 Idem
901 2303 1020 2326 rursus
1037 2291 1285 2334 admirabatur,
1305 2291 1397 2336 quod
1411 2291 1449 2325 in
1467 2302 1560 2326 sum-

67 2336 132 2370 rnis
155 2336 332 2371 moenibus
353 2349 421 2371 non
440 2344 628 2384 appareret
643 2349 686 2373 ea
706 2338 879 2374 hominum
897 2339 1113 2384 frequentia,
1138 2350 1227 2384 quae
1243 2338 1332 2372 solet
1351 2350 1429 2373 esse
1444 2338 1483 2374 in
1501 2348 1561 2372 ur-

66 2382 169 2418 bibus
188 2383 322 2428 magnis
348 2389 386 2418 et
407 2395 531 2430 magno
555 2384 683 2424 civium
708 2396 847 2420 numero
867 2385 1028 2427 refertis3
1052 2385 1115 2419 sed
1138 2385 1257 2431 paucis
1277 2385 1443 2430 demptis,
1468 2383 1561 2418 omni·

65 2428 192 2470 bellico
221 2436 391 2475 apparatu
418 2431 578 2476 omnique
604 2431 778 2478 praesidio
805 2433 992 2469 destitutus
1016 2444 1134 2467 murus
1153 2432 1340 2466 videretur.
1375 2429 1561 2471 ‘Nimirum

66 2477 284 2522 Apocaucus,
308 2477 493 2512 intestinos
509 2477 621 2524 plebis
638 2484 750 2513 motus
769 2478 878 2525 magis
894 2479 1039 2521 veritus,
1056 2491 1159 2525 quam
1177 2484 1395 2514 externorum
1410 2477 1560 2513 hostium

67 2520 348 2568 impressionem,
371 2524 544 2559 licentiam
565 2536 632 2559 non
659 2524 772 2570 dabat*
789 2526 921 2560 volenti
942 2525 1068 2572 cuique
1085 2537 1216 2561 murum
1237 2524 1469 2565 adscendere3
1493 2522 1561 2566 secl

66 2568 113 2602 iis
134 2569 306 2604 duntaxat
328 2571 485 2616 peditum
500 2572 733 2617 equitumque,
757 2571 884 2618 quibus
899 2572 1046 2607 maxime
1064 2572 1272 2608 confidebat.
1319 2572 1450 2606 Eorum
1469 2570 1558 2608 enim

67 2614 155 2649 alios
178 2615 273 2651 intus
292 2622 470 2662 portarum
497 2618 659 2653 custodes
683 2619 935 2661 constituerat,
966 2624 1009 2654 ut
1026 2619 1197 2654 insomnes
1222 2618 1454 2654 excubarent:
1478 2617 1562 2651 aliis

68 2665 109 2696 ut
126 2661 260 2697 moenia
277 2668 383 2697 noctu
399 2663 631 2706 circumirent,
645 2677 709 2700 nec
725 2677 794 2700 non
810 2669 917 2700 totam
931 2665 1026 2700 intus
1041 2667 1161 2701 urbem
1177 2666 1438 2712 perlustrarent,
1454 2674 1558 2709 prae·

65 2712 219 2762 ceperat.
236 2751 240 2755 ⁶
269 2709 374 2754 (111.)
398 2711 560 2745 Nondum
577 2710 654 2745 dies
681 2718 831 2758 quatuor
849 2712 1058 2748 effluxerant
1069 2738 1080 2754 ,
1103 2724 1207 2759 quum
1223 2712 1412 2757 imperator
1430 2710 1556 2753 castris

65 2760 168 2788 motis
190 2756 366 2800 profectus
394 2763 449 2792 est
466 2769 542 2791 cum
561 2758 722 2800 Amurio,
746 2758 983 2794 debellaturus
999 2759 1224 2801 Momitilam,
1248 2757 1310 2804 qui
1332 2757 1377 2792 ad
1398 2768 1556 2802 magnam

65 2800 230 2845 paulatim
249 2803 435 2847 potentiam
453 2811 682 2850 pervenerat,
706 2806 879 2852 urbesque
898 2810 935 2841 et
954 2806 1261 2850 terrasdlumanas
1278 2803 1434 2850 quotidie
1452 2803 1555 2838 inva-

64 2847 183 2883 debat.
229 2848 344 2894 Atque
368 2850 462 2885 inter
485 2851 573 2886 haec
599 2863 662 2886 ver
682 2851 782 2886 abiit.
829 2852 1079 2898 Transgressis
1101 2852 1294 2898 Rhodopen
1316 2855 1464 2886 montem
1482 2851 1555 2885 Ro-

63 2893 172 2929 manis
188 2893 290 2930 simul
305 2899 342 2931 et
359 2896 513 2932 Persicis
527 2897 672 2941 viribus,
689 2898 808 2945 coepit
825 2898 949 2935 bellum
966 2910 1140 2946 apparare
1155 2897 1356 2936 MomitilaS.
1389 2897 1555 2933 Habebat
