1754 3164
1492 0 1754 8 ἡ

603 150 1594 203 ANNOTATIONES.1287

175 266 270 318 pag.
298 267 403 314 788,
435 266 501 308 13.
566 261 649 317 Τὴν
668 261 835 318 συνήθη
852 261 1112 318 πεποιηκότες
1135 261 1384 318 ἐμφάνειαν]
1414 265 1493 305 Seu
1519 280 1594 306 πα·

57 317 275 375 ρᾶστασιν,
307 322 358 360 de
378 335 456 373 qua
476 335 600 374 supra
621 323 816 373 quaedam
839 323 1054 374 attigimus.
1111 336 1288 364 nunaut-1.

177 382 273 433 Pag.
301 381 406 427 791,
439 382 503 421 16
557 378 735 432 Ἑβδόμη
759 379 835 433 γάρ
856 378 953 432 μετᾶ
975 395 1051 432 την
1071 376 1359 433 ἀναγόρευσιν]
1389 379 1479 421 XII.
1500 381 1593 420 Kal.

57 436 144 475 Iun.
172 437 434 475 Cautacuzen.
454 436 523 476 lib.
544 437 613 475 IV.
637 451 723 489 cap.
743 438 783 480 4.
810 438 979 489 proinde
1005 451 1108 476 anno
1129 438 1286 488 integro
1307 451 1357 475 ac
1377 438 1592 491 completo,

54 507 106 532 ex
128 507 209 544 quo
230 494 491 546 Adrianopoli
514 508 535 531 a
559 493 786 546 patriarcha
817 495 1027 547 Hieiwosol)
1033 496 1181 534 mitano
1203 491 1419 534 coronatus
1444 496 1590 545 suerat,

53 551 194 589 eodem
222 551 289 589 die
313 551 426 599 festo,
457 559 503 590 ut
522 551 627 590 idem
651 552 873 592 nariatlib.
894 553 962 592 ΙΙΙ.
986 567 1074 613 cap.
1100 556 1165 595 11.
1195 565 1372 591 nucaxo.
1399 549 1590 609 Ἑβδόμῃ

50 623 127 660 γαρ
158 605 255 657 μετὰ
285 606 360 661 τήν
388 604 555 662 ἆναγόρ.
567 613 581 657 ]
612 610 735 648 Immo
759 606 903 665 ὀγδόῃ,
934 624 1014 662 quo
1037 610 1101 649 die
1124 609 1373 649 Constantini
1393 610 1525 660 Magni
1551 617 1593 650 et

50 665 226 703 Helenae
246 666 330 704 eius
352 666 535 717 coniugis
558 667 748 705 memmia
769 668 1016 719 celebratur,
1046 668 1178 719 inquit
1197 667 1585 708 Cantacuz.Hist01-.

51 722 123 762 lib.
143 723 212 762 IV.
230 736 317 775 cap.
336 723 406 762 IV.
427 737 516 775 pag.
537 727 631 767 718.
693 725 867 776 ltaque
855 739 889 762 ιε
913 725 999 764 dies
1024 725 1102 763 fuit
1129 725 1223 763 Maii
1254 725 1468 776 vigesimus
1498 727 1584 777 pri-

55 793 168 827 mus,
198 794 281 819 non
306 787 450 830 autem,
483 788 528 820 ut
551 781 749 833 Gregoras
767 783 939 834 putavit,
968 782 1183 834 vigesimus
1203 789 1381 821 octavus.
1429 796 1586 821 BONIS.

165 850 263 902 Pag·
291 851 396 898 791,
427 853 496 892 20.
560 853 644 890 Τοῦ
681 849 755 903 μὲν
791 850 1114 900 ἑξκαιδεκαέτους
1156 849 1296 904 ὄντος]
1342 851 1445 892 Vide
1484 865 1587 905 quae

49 908 328 944 annotavimus
354 920 475 958 supra
502 907 553 945 ad
578 920 670 959 pag.
691 909 840 952 357.A
843 940 849 945 .
909 922 1063 949 Bolvm.

164 965 394 1015 Pag.793‚
427 967 493 1006 13.
548 964 634 1005 Καὶ
666 969 812 1007 τοῦτον
839 965 1062 1008 ἐπίσκοπον
1090 970 1311 1021 χειροτονεῖ
1334 967 1580 1008 Θεσσαλονι-

45 1019 172 1072 κέων]
204 1021 416 1060 Cantacuz.
437 1021 507 1060 lib.
526 1021 595 1063 IV.
616 1036 704 1075 cap.
726 1024 793 1066 15.
852 1037 1029 1064 nucaxo.

162 1080 257 1130 Pag
286 1080 607 1127 793‚19.0‘.
638 1081 914 1134 πραγματείαν
949 1082 1007 1128 εἰς
1040 1083 1169 1134 μῆκος
1195 1080 1306 1121 ἰδίαν
1343 1080 1584 1133 πεποίηνται

46 1134 144 1188 elc.]
181 1136 369 1174 Fortasse
398 1135 547 1188 Ephesi
575 1136 920 1190 archiepiscopum
950 1138 1014 1177 his
1057 1138 1189 1176 veihis
1217 1137 1386 1187 iudicat3
1426 1138 1477 1177 de
1500 1151 1583 1190 quo

46 1194 103 1244 C)
109 1193 359 1244 parissietes,
389 1193 681 1234 Palamicarum
699 1196 1077 1248 Trausgressionum
1106 1196 1179 1235 lib.
1195 1195 1230 1235 Ι.
1255 1209 1373 1235 serm.
1393 1195 1464 1235 IV.
1493 1209 1581 1249 cap.

47 1254 113 1292 10.
134 1265 175 1288 ιιι
193 1250 283 1289 fine
341 1265 494 1292 BOIVIN.

159 1309 392 1360 Pug-795,
428 1312 465 1351 1.
524 1306 644 1361 Πλήν
665 1312 739 1362 τῆς
763 1310 963 1362 παραλίου
987 1309 1199 1363 Μηδείας]
1229 1309 1290 1349 Ita
1307 1309 1578 1351 Cantacuzen.

40 1364 112 1403 lib.
133 1365 199 1404 IV.
219 1378 310 1418 cap.
331 1369 396 1407 10.
425 1361 621 1419 Μήδειαν
647 1383 723 1419 την
748 1383 850 1408 κατα
873 1364 1037 1409 Πόντον
1060 1364 1261 1419 παράλιον
1288 1364 1408 1408 πόλιν
1429 1375 1573 1418 vocat;

42 1422 157 1460 cuius
189 1423 354 1474 quidem
381 1424 515 1462 nescio
547 1439 597 1462 an
628 1424 694 1462 alii
724 1425 996 1474 memiueiint,
1027 1425 1104 1463 nisi
1131 1425 1201 1463 illa
1232 1425 1287 1463 sit
1314 1424 1365 1463 de
1387 1439 1466 1477 qua
1496 1426 1580 1476 agit

40 1477 210 1518 Tzetzes
235 1479 338 1518 Chil.
358 1480 425 1520 IV.
450 1488 546 1520 sect.
565 1485 632 1523 72.
654 1481 723 1520 ubi
752 1482 941 1522 observat
965 1495 1058 1521 cum
1087 1497 1122 1523 ει
1142 1482 1284 1532 scribi,
1314 1495 1406 1522 cum
1425 1484 1576 1537 Μηδία

40 1537 284 1589 appelletur,
313 1537 524 1576 Medorum
543 1539 674 1590 regio,
704 1553 779 1592 per
804 1555 829 1580 ι.

209 1617 400 1670 Μηδείας
427 1619 501 1670 τῆς
527 1614 686 1671 Αἰήτου
715 1634 790 1672 μεν
818 1613 897 1672 ἦτα
925 1614 1002 1659 συν
1033 1614 1264 1675 διφθόγγῳ.

36 1695 151 1734 Illius
184 1711 310 1750 porro
342 1698 463 1736 situm
503 1711 601 1737 mox
637 1698 830 1739 describit
868 1699 973 1750 Greg
953 1711 1088 1737 voras:
1136 1695 1167 1752 ἥ
1190 1714 1236 1752 γε
1272 1697 1347 1752 μὲν
1390 1698 1570 1771 Θρᾳκικη

39 1750 233 1806 Μήδεια,
273 1752 303 1807 ἢ
338 1755 606 1808 δυτικωτέραν
634 1771 676 1796 τε
705 1756 782 1809 ε’χει
811 1757 1033 1805 Βυζαντίου
1069 1753 1145 1808 τήν
1180 1755 1322 1807 θέσιν,
1365 1758 1434 1799 καὶ
1446 1757 1571 1828 πρὸς

35 1827 91 1851 τω
124 1809 235 1878 α’κρῳ
263 1814 340 1853 τοῦ
367 1809 568 1862 Εὐξείνου
597 1812 759 1867 κειμένη
786 1810 954 1855 Πόντου
992 1814 1179 1862 σταδίους
1207 1813 1401 1856 ἐντεῦθεν
1430 1811 1570 1869 ἐπέχει

35 1865 180 1922 μικρόν
208 1885 247 1910 τι
271 1872 536 1921 τετρακοσίων
565 1870 759 1911 ἐπέκεινα.
817 1885 992 1910 nucum.

152 1929 247 1980 Pag.
278 1930 382 1976 795,
414 1928 453 1970 5.
510 1927 685 1980 Βέρὅια
708 1927 804 1981 μὲν]
836 1929 1136 1967 Cantacuzenus
1155 1927 1227 1967 lib.
1250 1926 1320 1968 IV.
1345 1942 1419 1982 cap
1423 1928 1496 1971 ..4
1520 1935 1570 1968 ut

32 1984 216 2023 Manuele
240 1984 324 2024 filio
354 1984 528 2038 expulso
552 1985 844 2025 Berrhoeenses
865 1986 971 2025 Crali
991 1985 1129 2025 urbem
1153 1943 1419 2026 tradiderintp
1416 1993 1568 2028 narrat.

32 2055 208 2080 nocane.

150 2101 248 2153 Pag.
277 2098 383 2148 795,
414 2101 455 2140 9.
517 2101 789 2154 Θεσσαλονίκη
811 2096 857 2141 δ’
877 2095 956 2143 ουίι
977 2095 1175 2154 ἤρεσκεν]
1206 2099 1471 2142 Cantacuzen.
1491 2099 1565 2140 lib.

30 2155 101 2196 IV.
119 2170 206 2208 cap.
233 2158 298 2200 15.
321 2162 423 2195 extr.
477 2170 650 2197 neusse.

44 2255 48 2257 .
89 2257 92 2259 .
136 2216 244 2267 Pag-
274 2217 379 2264 796,
410 2217 448 2256 1.
506 2214 590 2255 Καὶ
609 2215 830 2267 Ζηλωτῶν]
861 2214 919 2254 De
940 2214 1088 2267 quibus
1111 2214 1181 2254 hic
1208 2221 1249 2255 et
1267 2214 1365 2255 alibi
1394 2228 1474 2256 non
1502 2229 1563 2254 se-

33 2271 114 2310 mel
133 2271 240 2310 idem
262 2273 575 2311 Cantacuzenus.
632 2286 806 2311 nummo.

145 2331 242 2382 Pag-
271 2332 377 2380 797,
406 2333 446 2372 2.
509 2326 878 2383 Σεβαστοκρᾰτορες
907 2325 950 2372 δ’
979 2328 1048 2371 ἐπὶ
1082 2324 1265 2381 τούτοις]
1296 2328 1559 2369 cantacuzen.

28 2384 99 2425 lib.
117 2385 183 2424 IV.
205 2400 294 2439 cap
315 2386 355 2428 5.
412 2400 586 2425 numo.

144 2446 241 2497 Pag.
273 2446 379 2493 797,
409 2444 450 2486 4.
511 2443 594 2484 Καὶ
623 2447 708 2492 τοῖς
745 2446 805 2499 τῷ
833 2459 1004 2499 τοιουτῳ
1045 2439 1324 2497 προσήκουσιν
1362 2438 1558 2495 Agatapara

27 2474 310 2554 παρασήμοις]
347 2501 486 2542 Codin.
511 2501 561 2541 de
584 2501 701 2541 Offic.
721 2501 848 2540 Aulae
871 2501 1170 2554 constantinop.
1202 2514 1290 2552 cap.
1321 2500 1389 2539 111.
1418 2514 1459 2539 u.
1490 2502 1555 2541 16.

28 2556 243 2608 descriptis
276 2559 472 2597 eiusmodi
506 2559 729 2610 insignibus
765 2558 1153 2598 Sebastocratoricae
1190 2557 1419 2609 dignitatis,
1456 2555 1557 2594 haec

27 2613 181 2652 subdit.
216 2630 239 2655 ο
256 2612 314 2656 δὲ
340 2613 528 2668 βασιλευς
556 2615 578 2657 ὁ
607 2612 952 2684 Καντακουζηνὸς,
982 2631 1080 2664 τους
1106 2613 1451 2681 γυναικαδέλφους
1482 2629 1555 2653 1²²¹·

24 2673 101 2711 τοῦ
126 2667 316 2724 Ἰωάννην
345 2673 414 2714 καὶ
436 2670 644 2725 Μανουήλ,
673 2689 769 2721 τους
791 2668 1000 2722 Ἀσανίους
1028 2669 1200 2725 τιμήσας
1230 2666 1554 2744 Σεβαστοκράτο-

26 2742 121 2794 ρας,
150 2726 323 2770 δέδωκεν
350 2727 488 2779 αὐτοῖς
517 2734 661 2783 φορεῖν
689 2725 895 2783 ταμπᾶρια
919 2746 990 2772 και
1017 2726 1196 2778 καλτζας,
1228 2724 1295 2769 οἷα
1323 2727 1391 2768 καὶ
1419 2743 1457 2769 οι
1447 2727 1552 2766 Δε-

25 2780 182 2825 σπόται.
242 2786 350 2835 Quid
375 2801 473 2826 vero
501 2788 555 2826 sit
579 2784 831 2840 ταμπάριον,
862 2787 1070 2827 diximus'
1058 2801 1100 2825 m
1122 2787 1251 2827 Gloss.
1278 2785 1384 2827 med.
1404 2785 1486 2823 Lat.
1509 2781 1551 2820 iu

27 2839 278 2892 Tabai-dum,
309 2843 407 2883 etin
425 2845 555 2885 Gloss.
574 2844 680 2886 med.
709 2844 882 2885 Graecit.
937 2857 1112 2884 onemo.
