1794 3172
343 151 662 199 nlsromAE
690 119 1066 195 BYZANTINAE
1095 148 1215 194 xlv.
1245 152 1286 195 8.
1450 141 1549 191 721

65 284 156 318 τοις
180 267 249 310 καὶ
280 261 496 320 βάναυσον
527 261 674 318 ἄγουσι
699 262 794 317 βίον
819 267 974 304 ποιεῖν·
1010 260 1055 303 ἔκ
1084 259 1131 304 δὲ
1152 256 1354 316 θορύβων
1371 254 1550 316 εῗρῆνην,
1578 269 1663 305 ᾼ.0.
1684 264 1778 305 1344

66 337 163 381 οὐδὲ
183 342 270 386 τοῖς
291 331 460 392 σφόδρα
481 338 665 382 συνετοῖς
693 330 810 387 μάλα
830 348 893 373 τοι
917 329 1076 374 εὔοδον.
1113 329 1161 373 τὸ
1181 330 1257 385 μὲν
1277 328 1356 387 γὰρ
1380 317 1698 396 αὖτονο-Ῑωιῑζζεῐῶῐ
1707 317 1776 397 {³⁴

65 407 142 466 pu'c‘z
167 402 331 463 φύσεως
362 403 503 460 ἄγεται
519 415 530 425 ·
571 399 597 457 ἦ
632 402 678 444 δὲ
701 399 825 459 φύσις
854 399 1036 443 ἄτακτον
1058 401 1126 442 καὶ
1147 397 1369 455 ἀνώμαλον
1390 396 1594 454 ὦμολό-Β

66 492 188 533 γηται
208 472 333 518 εἶναι·
368 472 416 516 τὸ
438 473 483 515 δὲ
505 472 668 531 παιδεία
684 473 753 514 καὶ
773 469 929 514 συνέσει
949 469 1254 527 βεβουλευμένῃ
1277 470 1346 512 καὶ
1364 467 1556 526 σώφροσι

38 549 280 602 5λογισμοῖς
302 543 533 595 οἶακίζεται.
571 538 672 583 ὅθεν
703 540 751 584 τὸ
771 540 849 596 μὲν
867 540 935 582 καὶ
952 539 1030 589 τὰς
1050 538 1126 582 οὔκ
1155 538 1285 590 οὔσας
1305 537 1556 582 ἀναπλάττει

66 612 318 672 προφάσεις,
344 609 507 669 ,ἐφόδια
536 611 703 667 πορίζον
728 617 821 661 ταῖς
846 607 1025 665 μάχαις·
1062 609 1110 652 τὸ
1144 609 1189 652 δὲ
1222 610 1290 652 καὶ
1319 608 1395 660 τὰς
1426 607 1557 659 οὔσας

65 684 270 739 ἐκτέμνειν
290 684 502 739 πειρᾶται,
540 678 732 738 καθάπερ
755 679 898 737 ιάτρός
923 677 1004 735 πρὸ
1026 682 1102 734 τῆς
1120 676 1310 735 βλάστης
1332 679 1376 722 ἓν
1392 683 1444 738 τῇ
1464 677 1593 737 ῥίζης

65 753 143 809 τὴν
175 753 403 809 θεραπείαν
429 747 691 806 τεχνώμενος.
754 748 848 809 (Β.)
879 749 997 804 Ἐμοὶ
1029 749 1106 804 μὲν
1132 744 1207 791 οὗν
1243 746 1312 792 διά
1345 765 1390 792 τε
1421 753 1558 793 ταῦτα

68 824 232 879 βέλτιον
255 821 327 864 τὸν
347 818 519 877 ἦσύχιον
539 819 650 871 ἔδοξε
668 821 763 875 βίον
785 818 955 862 ἑλέσθαι
966 852 980 872 ,
1011 820 1079 862 καὶ
1099 817 1187 874 ἅμα
1203 819 1449 878 μεμνημένῳ
1479 818 1558 861 κᾶ-

12 904 58 938 10
70 900 173 935 κεῖνο
206 891 254 935 τὰ
283 889 480 946 Ζήνωνος
512 894 587 933 τοῦ
622 893 783 947 σοφοῦ,
823 888 934 939 ὅπως
963 889 1006 931 ἓν
1033 890 1253 947 συμποσίῳ
1269 893 1444 948 μακρῷ,
1471 893 1557 932 τῶν

67 962 205 1005 ἄλλων
231 965 376 1018 σοφῶν
412 961 686 1010 ἐπιδεικτικῶς
713 966 801 1009 τοῖς
818 959 863 1001 ἐκ
886 961 1143 1013 Βαβυλῶνος
1172 955 1427 1018 ὁμιλούντων
1454 958 1557 1016 πρέ-

65 1037 206 1086 σβεσιν
218 1064 232 1084 ,
269 1028 399 1086 μόνος
422 1028 549 1080 αὐτὸς
569 1027 725 1072 ἐσιώπα
736 1062 751 1082 ,
786 1030 855 1071 καὶ
876 1028 953 1084 τὴν
974 1029 1111 1071 αι’τιάν
1128 1032 1214 1072 τῶν
1232 1029 1442 1085 πρέσβεων
1460 1029 1555 1086 ἓρο-

64 1103 199 1158 με’νων
226 1104 303 1156 τῆς
329 1103 511 1155 σιωπῆς,
543 1098 607 1142 ‘lv‘
638 1099 766 1154 ἔχοιεν
795 1097 1059 1155 ἀπαγγέλλειν
1092 1102 1152 1157 τῷ
1182 1102 1351 1154 βασιλεῖ’
1364 1098 1495 1156 σαφές
1515 1110 1596 1146 τιΙ)

63 1173 154 1227 περὶ
177 1170 307 1213 αὐτοῦ
322 1184 333 1194 ·
370 1168 684 1227 ,,πορευθε’ντες
702 1168 1016 1226 ἀπαγγείλατε,”
1037 1170 1179 1226 φησὶν,
1203 1170 1342 1222 ,μ’δεῖν
1364 1169 1406 1211 ἓν
1419 1166 1555 1225 Ἀθή-

10 1251 55 1286 15
68 1258 158 1292 ναις
178 1240 422 1297 ἄνθρωπον,
451 1243 611 1299 σιωπᾷν
628 1239 671 1281 ἓν
694 1239 912 1296 συμποσίῳ
934 1236 1210 1294 δυνάμενον.”
1246 1237 1335 1297 (Γ.)
1357 1235 1480 1282 Οὕτω
1500 1238 1553 1295 δὴ

65 1309 287 1369 πεπραχὼς
310 1311 380 1353 καὶ
401 1309 528 1360 αὐτὸς
553 1307 694 1367 ἑώρων
722 1307 859 1366 ὥσπερ
879 1309 925 1352 ἔκ
950 1313 1126 1359 σκοπιᾶς
1149 1306 1318 1366 σφόδρα
1339 1308 1554 1366 ἀντιφιλο-

63 1385 299 1431 νεικοῦντας
319 1379 420 1430 τοὺς
439 1377 697 1438 ἑκατέρωθεν
725 1376 1049 1436 ἂναβράσαντας
1081 1376 1297 1429 κλύδωνας
1329 1378 1373 1422 ἔκ
1402 1396 1447 1422 τε
1470 1382 1555 1422 τῶν

64 1451 277 1506 δημοσίων
313 1448 356 1492 ἴκ
386 1466 431 1493 τε
471 1453 556 1492 τῶν
595 1450 714 1507 ἱερῶν
746 1453 823 1505 τῆς
854 1449 1072 1504 ἐκκλησίας
1107 1447 1388 1505 πραγμάτων,
1441 1447 1555 1499 ὅστις

64 1519 176 1578 λάβῃ
197 1519 245 1563 τὸ
263 1521 415 1575 μεῖζον,
452 1521 519 1562 καὶ
537 1520 654 1575 δίκην
674 1516 862 1562 ὁλκάδων
884 1520 1000 1561 δυοῖν
1018 1519 1061 1560 ἒν
1081 1518 1196 1576 με’σῳ
1217 1522 1467 1574 πλημμελῶς
1484 1520 1593 1561 καὶΕ

6 1588 255 1640 wanincus·
280 1589 515 1645 ἀγομένων,
547 1590 615 1632 καὶ
644 1588 882 1646 φερομένων
901 1585 1039 1645 φοράν
1067 1604 1160 1630 τινα
1184 1589 1252 1630 καὶ
1274 1590 1432 1644 κίνησιν
1450 1587 1554 1631 ἀκυ-

64 1657 270 1718 βέρνητόν
292 1676 336 1701 τε
355 1660 423 1701 καὶ
443 1658 593 1715 ἄλογον
613 1660 679 1701 καὶ
702 1656 946 1713 ἀνώμαλον,
978 1658 1047 1700 καὶ
1067 1658 1159 1700 οἳάν
1174 1664 1284 1700 ποιεῖ
1296 1658 1343 1701 τὸ
1365 1655 1553 1713 αὐτόμα-

64 1743 166 1773 τον·
203 1726 259 1779 ὥς
277 1727 383 1783 μετὰ
408 1732 483 1771 τοῦ
514 1727 573 1784 μὴ
605 1726 814 1771 δύνασθαι
845 1727 953 1783 μηδὲ
979 1724 1212 1781 βούλεσθαι
1239 1731 1416 1783 βοηθεῖν
1436 1745 1552 1786 περι-

770 1795 784 1810 Ε
853 1799 863 1813 ι

64 1798 359 1854 στατουμείὀις
380 1796 598 1854 ἀλλήλοις·
637 1797 740 1840 ἀλλ’
764 1813 917 1853 ομοιως
946 1794 1109 1847 ἑαυτοῖς
1137 1814 1180 1840 τε
1198 1798 1267 1840 καὶ
1286 1795 1481 1854 ἀλληλοις
1510 1798 1555 1849 ἐς

158 1898 193 1932 9.
218 1892 367 1932 κάκεῖνο
391 1895 491 1930 Boiv.
517 1908 580 1942 pro
603 1895 774 1943 κάκείνῳ.
847 1898 902 1933 11.
926 1894 967 1933 ἐκ
990 1895 1091 1931 Boiv.
1115 1907 1181 1942 pro
1204 1893 1256 1932 ἐν.
1327 1898 1384 1934 16.
1408 1894 1448 1933 ἐκ
1472 1900 1553 1932 ante

157 1945 315 1986 σκοπιᾶς
338 1943 419 1977 add.
435 1944 537 1978 Boiv.

65 2025 178 2073 plebis
197 2023 390 2059 hominibus
406 2024 510 2059 facile
529 2027 604 2066 est3
628 2036 672 2059 ex
689 2024 835 2060 tumultu
852 2035 937 2059 vero
952 2035 1092 2070 pacem,
1115 2035 1160 2059 ne
1177 2022 1455 2070 prudentissimis
1471 2023 1552 2070 qui-

65 2075 142 2108 dem
169 2072 271 2106 valde
298 2076 501 2118 promptum.
558 2072 711 2107 Alterum
736 2071 866 2118 quippe
891 2071 1066 2106 liberrimo
1094 2077 1239 2106 naturae
1264 2070 1394 2117 impetu
1417 2071 1551 2105 fertur:

64 2124 222 2155 naturam
245 2130 350 2165 porro
367 2117 597 2152 inordinatum
616 2119 778 2164 quiddam
796 2131 875 2153 esse
892 2124 1029 2153 constat
1046 2123 1082 2152 et
1099 2118 1299 2163 inaequale:
1322 2117 1466 2152 alterum
1487 2129 1553 2152 au-

65 2176 132 2202 tern
150 2170 245 2200 certo
264 2163 366 2199 animi
381 2164 509 2199 iudicio
527 2169 563 2199 et
577 2165 790 2212 sapientibus
806 2165 959 2200 consiliis
975 2165 1121 2210 regitur.
1153 2165 1276 2210 Itaque
1293 2164 1378 2199 illud
1399 2165 1550 2210 quidem,

63 2219 104 2248 ut
128 2212 343 2247 occasionem
367 2211 553 2246 discordiis
579 2214 769 2258 praebeat,
802 2223 925 2247 causas
943 2211 1210 2247 comminiscitur
1232 2211 1335 2247 etiam
1355 2223 1436 2253 em,
1461 2222 1552 2256 quae

63 2259 179 2295 nullae
201 2264 301 2293 sunt:
332 2258 427 2292 istud
445 2270 530 2293 vero
554 2259 658 2294 etiam
686 2271 768 2301 eaS‚
791 2271 883 2305 quae
905 2260 1069 2299 subsunt,
1092 2258 1249 2294 recidere
1267 2263 1430 2300 conatur3
1454 2258 1552 2292 velut

63 2306 232 2346 medicus,
248 2305 310 2351 qui
327 2306 458 2347 morbo,
482 2310 666 2352 antequam
682 2311 828 2347 crescat,
851 2306 887 2340 in
904 2305 980 2352 ipsa
997 2305 1119 2340 radice
1135 2305 1301 2340 medicam
1317 2305 1462 2339 adhibet
1475 2316 1551 2338 ma-

63 2365 156 2389 num.
202 2352 287 2397 (11.)
309 2352 398 2386 Mihi
421 2351 532 2397 igitur
550 2352 771 2397 tranquillam
791 2353 899 2387 vitam
926 2352 1058 2398 eligere
1082 2352 1189 2386 satius
1208 2351 1317 2389 visum
1337 2356 1411 2393 est,
1437 2357 1473 2385 et
1489 2351 1551 2387 illa

64 2399 254 2445 cogitanti,
279 2402 316 2434 et
335 2399 400 2433 hoc
416 2400 516 2433 simul
532 2399 684 2434 Zenonis
705 2399 796 2433 illius
819 2399 986 2445 sapientis
1005 2399 1259 2440 reminiscenti3
1282 2398 1343 2444 qui
1365 2397 1494 2432 celebri
1513 2397 1550 2432 in

65 2445 238 2488 convivio,
262 2456 339 2479 cum
357 2445 535 2480 ambitiose
557 2445 687 2481 caeteri
707 2445 903 2492 philosophi
922 2445 1014 2491 apud
1035 2446 1167 2491 legatos
1188 2444 1400 2491 Babylonios
1423 2444 1550 2489 dispu-

65 2497 199 2534 tarent,
221 2492 349 2527 silebat
364 2492 441 2537 ipse
461 2493 572 2535 solus,
590 2499 627 2527 et
645 2493 775 2527 silentii
793 2504 929 2527 causam
949 2492 1205 2527 sciscitantibus
1221 2492 1361 2537 legatis,
1384 2496 1426 2525 ut
1441 2491 1549 2525 babe-

65 2543 144 2574 rent
165 2538 294 2584 aliquid
314 2538 359 2572 de
378 2551 419 2573 eo
438 2539 538 2582 certi,
564 2539 655 2584 quod
671 2540 749 2584 regi
767 2539 1035 2574 renunciarent:
1058 2539 1223 2581 „Abite,”
1242 2538 1367 2583 inquit,
1391 2549 1468 2579 „ac
1488 2549 1549 2572 re-

65 2585 239 2626 nunciate,
262 2585 393 2620 vidisse
412 2597 478 2620 vos
497 2585 641 2622 Athenis
659 2597 736 2620 eum
754 2586 938 2628 hominem,
960 2585 1019 2631 qui
1040 2586 1143 2620 silere
1160 2586 1197 2620 in
1215 2584 1375 2620 convivio
1393 2583 1548 2630 posset.''

65 2631 169 2676 (111.)
192 2630 286 2666 Idem
307 2643 373 2677 ego
399 2643 474 2667 cum
494 2632 674 2675 fecissem,
706 2632 956 2678 prospiciebam
977 2637 1141 2678 tanquam
1166 2645 1186 2667 e
1211 2631 1355 2678 specula
1379 2643 1460 2672 eos,
1490 2629 1549 2676 qui

64 2678 229 2723 utrinque
257 2677 553 2721 effervescebant,
584 2685 654 2714 tam
682 2679 834 2713 civilium
863 2691 964 2724 quam
992 2678 1304 2714 ecclesiasticorum
1333 2677 1548 2722 negotiorum

63 2725 201 2766 fluctus,
225 2724 390 2760 acerrime
405 2727 498 2761 inter
515 2738 555 2760 se
569 2731 755 2767 certantes,
777 2726 898 2772 ecquis
914 2726 1074 2772 superior
1090 2725 1275 2766 evaderem
1297 2728 1403 2770 atque
1422 2724 1458 2758 in
1474 2735 1547 2758 me-

64 2770 124 2805 dio
142 2771 230 2805 duas
246 2771 354 2806 veluti
371 2782 497 2815 naves,
520 2772 615 2807 nulla
630 2773 709 2817 lege
721 2798 731 2816 ,
756 2772 849 2807 nullo
870 2772 992 2807 ordine
1011 2777 1151 2814 euntes,
1173 2772 1237 2806 sed
1255 2772 1385 2816 impetu
1403 2770 1547 2816 quodam

63 2821 226 2861 motuque
242 2819 448 2861 temerario,
470 2830 575 2854 caeco
598 2823 635 2853 et
653 2819 827 2864 inaequali
848 2820 1035 2864 abreptas,
1058 2819 1191 2865 qualem
1218 2818 1328 2852 efficit
1355 2828 1479 2858 casus;
1508 2820 1550 2851 ut

65 2875 131 2899 nec
149 2869 310 2910 possent,
333 2875 399 2901 nec
414 2865 543 2901 vellent
560 2865 723 2913 opitulari
740 2865 810 2901 sibi
828 2865 972 2901 invicem
996 2864 1260 2908 circumventis;
1284 2864 1344 2900 sed
1361 2863 1495 2913 pariter
1512 2867 1549 2898 et
