1794 3172
244 133 348 182 702
657 131 972 180 NICEPHORI
1001 129 1326 176 GREGORAE

22 243 70 293 μΑ.
86 261 130 292 M.
146 251 240 295 6852
251 253 368 307 ροῦσι
388 252 519 304 βῆμα,
551 242 708 294 πάντας
729 243 798 287 ἵνα
817 241 921 299 παρ’
947 241 1018 284 ἕνα
1038 242 1204 295 δεσμοῖς
1223 241 1290 282 καὶ
1305 247 1511 300 φρουραῖς
1529 242 1728 299 ἕγκλείειν,

75 308 144 339 md·
160 307 204 341 1²
252 319 403 368 ἄλλους
416 317 560 366 ἄλλαις
581 316 728 363 αἰτίαις
752 309 1133 366 καθυποβάλλοντα
1154 310 1196 360 ἐξ
1216 309 1485 366 αὐτοσχεδίου
1504 312 1579 356 τὸν
1599 316 1732 355 πιθα-

67 389 70 391 ’
214 387 429 445 Βνώτερον
460 384 628 443 τρόπον.
690 381 789 442 (H.)
828 379 1002 424 Τούτων
1031 379 1072 422 δ’
1100 377 1210 422 οὕτω
1232 379 1434 437 ῥυέντων,
1461 383 1530 424 καὶ
1547 381 1623 438 τὴν
1650 385 1734 424 τῶν

120 469 162 504 V.
174 468 243 504 356
255 457 463 514 δημοσίων
481 455 593 512 αὐτῷ
614 453 689 508 μὲν
710 453 906 507 διοίκησιν
926 449 1054 499 εὐθὺς
1075 450 1273 506 ἐγχειρίζει
1293 447 1546 507 πραγμάτων
1559 464 1569 475 ·
1607 449 1735 501 αὐτὸς

248 527 298 571 ’δ’
323 525 428 583 ἄρας
443 525 487 567 ἐκ
506 523 736 576 Βυζαντίου
768 520 843 564 σύν
864 536 906 577 γε
929 517 1163 576 πατριάρχῃ
1187 520 1254 561 καὶ
1278 523 1337 577 τῷ
1357 524 1525 575 βασιλεῖ
1537 524 1764 564 Παλαιο-5

252 594 360 654 λόγῳ
395 592 569 648 τάχιστα
609 589 750 648 ἐχώρει
786 589 889 647 πρὸς
931 590 1191 645 Πείρινθον,
1239 587 1452 647 πρόφασιν
1482 591 1558 646 μὲν
1589 588 1645 640 ὥς
1672 580 1737 632 ἐπὶ

250 661 596 718 ,Καντακουζηνὸν
628 657 908 717 ἐκστρατεύων
934 658 1006 701 τὸν
1033 657 1232 713 βασιλέα·
1276 663 1328 716 τῇ
1352 658 1399 702 δ’
1421 658 1600 719 ἀληθείᾳ
1623 661 1739 702 δυοῖν

253 730 638 791 πραγματευόμενος
666 728 875 786 θάτερον,
922 727 947 783 3}
971 732 1030 786 τῷ
1051 732 1135 771 τῶν
1151 726 1404 783 Ἐπιβατῶν,
1455 732 1490 772 εἴ
1519 729 1735 785 δυνηθείη,

217 803 498 860 Οσυγκλείσας
524 801 709 859 φρουρίῳ
729 800 803 859 βία
825 802 883 856 τῷ
909 801 1076 852 βασιλεῖ
1100 796 1175 853 τὴν
1193 798 1407 856 θυγατέρα
1437 800 1581 842 δοῦναι
1600 797 1736 856 γάμου

255 876 551 928 ξυναλλαγαῖς,
601 868 627 925 3}
661 867 732 912 τόν
764 885 807 924 γε
850 865 1040 925 δεύτερον
1073 865 1285 910 ἐλαύνοντι
1325 871 1457 911 πλοῦν
1485 872 1545 928 τῷ
1576 872 1794 923 βασιλεῖιο

254 941 588 999 Καντακουζηνῷ
621 938 678 981 δι’
713 937 850 981 αὐτῶν
883 954 982 980 ποτε
1008 939 1286 991 σπείσασθαι,
1338 937 1514 993 Λέσβον
1535 939 1604 981 καὶ
1628 939 1739 981 Χιόν

255 1010 548 1063 ἀλλαξαμένων
573 1012 691 1066 σφῶν
712 1009 753 1058 ἒς
777 1009 937 1063 διηνεκῆ
962 1024 1052 1049 τινα
1074 1011 1240 1064 κλῆρον.
1299 1006 1397 1066 (Θ.)
1437 1007 1588 1051 Ταῦθ’
1612 1004 1740 1064 δρῶσι

196 1067 201 1075 ’
255 1080 420 1137 μακρὰν
449 1086 534 1129 τοῖς
561 1077 846 1133 συνετωτέροις
878 1076 1068 1133 ἔκπληξιν
1104 1077 1271 1120 ἐνεποίει
1282 1110 1296 1130 ,
1345 1079 1414 1120 καὶ
1444 1074 1740 1133 ἀσυλλόγιστον

258 1145 387 1192 ἐδόκει
408 1148 455 1192 τὸ
485 1151 653 1205 πρᾶγμα
663 1181 677 1200 ,
715 1151 801 1197 πῶς
820 1150 878 1205 τῷ
896 1144 1093 1202 μανιώδει
1123 1150 1200 1203 τῆς
1217 1144 1384 1203 γνώμης
1401 1144 1567 1203 ἧἌννα
1589 1148 1741 1204 προδε-

214 1221 414 1262 Βδωκυΐα
444 1217 520 1273 τὴν
558 1222 642 1260 τῶν
670 1214 923 1274 πραγμάτων
954 1214 1172 1273 ἡγεμονίαν
1203 1214 1370 1260 πάντων
1403 1216 1627 1269 ἀπείπατο,
1665 1233 1740 1258 τυ-
1755 1222 1794 1258 15

258 1292 475 1347 φλωθεΐσα
503 1284 702 1337 καθάπαξ
739 1284 822 1328 ὑπὸ
857 1287 1102 1341 ζηλοτυπίας
1134 1287 1202 1328 καὶ
1230 1286 1409 1342 μηδενὸς
1439 1290 1521 1330 τῶν
1557 1302 1742 1342 πραττο-

259 1358 392 1414 μένων
413 1354 694 1400 αἰσθάνεσθαι
723 1356 932 1399 θέλουσα·
971 1355 1077 1398 ἀλλὰ
1110 1353 1304 1414 καθάπερ
1334 1356 1413 1408 ἔξω
1434 1359 1597 1411 στηλῶν
1610 1353 1744 1412 Ἡρα-

259 1429 401 1472 κλείων
427 1431 501 1482 τῆς
529 1423 735 1481 τοσαύτης
757 1425 962 1475 ἀπωλείας
985 1425 1319 1480 καθισταμένης,
1360 1424 1470 1470 οὕτω
1494 1424 1740 1480 διακειμένη.

256 1491 310 1551 ἦν
329 1496 407 1554 γὰρ
426 1497 467 1539 ἓν
488 1495 621 1538 ε’λπίσι
650 1499 725 1538 τοῦ
750 1494 902 1552 ἔρωτος
932 1495 1152 1546 πείθοντος
1174 1494 1226 1517 **
1241 1494 1260 1516 *
1296 1511 1351 1538 σα
1373 1496 1468 1552 βίον
1497 1494 1745 1539 τούντεῦθεν

258 1565 417 1609 ιῖίλυπον
438 1566 539 1617 ἕξειν
549 1598 563 1618 ,
601 1565 669 1607 καὶ
694 1565 916 1622 φροντίδος
938 1562 1103 1622 ἁπάσης
1120 1564 1167 1609 τό
1189 1563 1389 1622 παράπαν
1414 1563 1742 1621 ἀπηλλαγμένον.
1756 1567 1794 1602 2(

258 1635 374 1691 ψυχὴ
397 1635 475 1692 γὰρ
498 1632 839 1691 ἀπαιδαγώγητον
863 1633 1022 1692 ἄγουσα
1045 1635 1166 1690 βίον,
1204 1633 1392 1693 καὶξόψιν
1413 1634 1461 1678 οὗ
1480 1631 1597 1691 μάλα
1619 1630 1747 1686 κολά-

187 1727 194 1732 ·
217 1705 340 1757 Εζειν
357 1701 711 1763 προμελετήσασα,
737 1702 863 1748 ἔλαθε
891 1701 1088 1756 πολλάκις
1111 1702 1374 1761 αι’χμάλωτος
1395 1704 1652 1759 ἀπαχθεῖσα,
1669 1720 1746 1745 κα-

352 1814 408 1850 12.
442 1810 692 1859 ἀλλαξάμενος
715 1813 804 1849 coni.
827 1814 930 1852 Boiv.
1026 1811 1083 1852 14.
1114 1813 1156 1848 In
1190 1814 1267 1850 cod,
1297 1815 1381 1851 Vat.
1415 1814 1564 1860 spatium
1596 1813 1748 1860 quinque

351 1860 542 1896 litterarum
575 1867 629 1895 est
660 1861 752 1895 inter
785 1861 933 1906 γνώμης
966 1863 1004 1895 et
1033 1861 1309 1905 προδεδωκυῖα.
1364 1861 1501 1898 Nomen
1533 1860 1612 1896 add.
1646 1861 1746 1895 Boiv.

354 1909 411 1944 19.
436 1907 608 1943 Nonnulla
630 1907 666 1941 in
690 1907 766 1942 cod.
791 1908 873 1945 Vat.
895 1909 954 1944 hic
977 1908 1114 1943 desunt.

263 1998 439 2045 conspicui
459 2001 576 2037 curiae
591 2002 755 2039 subsellia
775 2001 968 2049 implerent,
989 1999 1186 2045 singulatim
1205 2011 1320 2035 omnes
1338 1999 1528 2036 coniiceret
1545 1999 1582 2035 in
1597 1998 1751 2041 vincula,

265 2052 302 2079 et
321 2045 356 2079 in
375 2047 546 2083 custodias
565 2049 685 2094 daret,
711 2050 796 2085 alios
819 2050 896 2084 aliis
915 2046 1112 2082 criminibus
1131 2053 1311 2082 accusatos
1335 2060 1379 2082 ex
1400 2051 1555 2093 tempore
1582 2046 1751 2087 confictis,

264 2096 369 2137 prout
387 2092 538 2128 futurum
560 2102 652 2130 esset
672 2096 895 2142 probabilius.
943 2094 1078 2139 (VIII.)
1103 2094 1203 2135 Quae
1221 2106 1298 2132 cum
1320 2093 1370 2128 ita
1388 2093 1661 2141 processissent,
1687 2103 1752 2137 pu·-

263 2138 427 2173 blicarum
449 2139 551 2176 etiam
571 2154 683 2178 rerum
710 2141 1036 2177 administrationem
1057 2140 1090 2174 ei
1111 2141 1228 2175 statim
1251 2140 1372 2176 tradit.
1421 2141 1500 2186 Ipse
1527 2145 1640 2175 autem
1669 2149 1752 2184 pro-

265 2184 376 2218 fectus
393 2185 563 2230 Byzantio
584 2200 659 2222 cum
680 2190 879 2234 patriarcha
896 2192 931 2223 et
955 2187 1162 2233 imperatore
1183 2187 1391 2233 Palaeologo
1417 2187 1620 2222 Perinthum
1649 2196 1752 2231 quam

265 2230 442 2265 celerrime
461 2234 653 2276 contendit;
677 2235 794 2280 specie
813 2235 949 2281 quidem
975 2240 1014 2268 ut
1033 2234 1223 2268 exercitum
1249 2233 1285 2269 in
1304 2234 1558 2279 expeditionem
1584 2232 1752 2267 adversus

265 2276 541 2314 cantacuzenum
566 2280 745 2323 educeret3
770 2293 809 2316 re
828 2287 940 2316 autem
962 2292 1045 2314 vera
1065 2280 1206 2315 duorum
1234 2281 1379 2317 alterum
1401 2286 1607 2320 conaturus,
1632 2283 1693 2313 aut
1714 2277 1752 2312 in

264 2323 491 2368 Epibatarum
502 2351 513 2367 ‚
537 2325 566 2360 si
583 2331 711 2371 posset,
728 2329 867 2363 castello
885 2327 1061 2362 includere
1081 2327 1336 2373 imperatorem,
1362 2327 1462 2373 eique
1481 2338 1544 2373 per
1562 2325 1630 2361 vim
1647 2325 1752 2360 filiam

265 2381 360 2403 suam
386 2376 529 2416 nuptum
554 2372 659 2415 dare,
684 2379 743 2407 aut
762 2375 882 2411 saltem
910 2385 985 2408 cum
1009 2374 1219 2419 imperatore
1242 2373 1486 2409 Cantacuzeno
1506 2384 1568 2417 per
1587 2373 1649 2406 hos
1674 2376 1754 2405 tan-

265 2415 342 2450 dem
359 2415 541 2462 aliquando
565 2419 617 2452 sic
635 2419 840 2464 transigere,
865 2427 905 2455 ut
919 2421 1012 2454 facta
1035 2420 1285 2466 permutatione
1305 2420 1428 2454 Chium
1449 2424 1485 2454 et
1501 2419 1650 2453 Lesbum
1670 2429 1754 2464 per-

264 2462 363 2516 petui
383 2463 521 2500 dominii
542 2464 617 2499 iure
635 2465 857 2511 possidendas
878 2466 1064 2512 acciperet.
1111 2467 1213 2511 (IX.)
1237 2467 1334 2501 Haec
1355 2478 1430 2502 cum
1451 2466 1611 2500 viderent
1630 2465 1669 2506 ii,
1694 2463 1754 2509 qui

264 2509 549 2554 uitelligentiores
570 2516 681 2553 erant,
703 2513 921 2548 vehementer
939 2514 1242 2557 obstupescebant,
1267 2525 1330 2547 nec
1348 2513 1484 2547 ratione
1501 2512 1569 2547 ulla
1590 2510 1754 2557 colligere

266 2560 440 2600 poterant,
465 2557 627 2602 quidnam
646 2562 759 2601 esset,
784 2560 876 2604 quod
896 2561 993 2594 Anna
1015 2559 1215 2604 imperatrix
1237 2571 1349 2595 rerum
1371 2558 1604 2604 gubernacula
1621 2558 1754 2591 furioso

267 2601 377 2636 animo
394 2603 618 2647 prodidisset,
642 2604 851 2650 penitusque
871 2617 891 2639 a
911 2618 948 2640 se
966 2607 1180 2647 removisset,
1205 2605 1400 2652 zelotypiae
1421 2605 1525 2642 semel
1543 2605 1671 2638 affectu
1691 2603 1757 2638 ob·—

265 2653 421 2691 caecata,
448 2655 485 2684 et
500 2650 581 2696 quid
599 2654 761 2695 ageretur
780 2652 962 2697 percipere
982 2651 1116 2687 omnino
1134 2652 1275 2694 nolens3
1300 2652 1361 2686 se'd
1382 2651 1527 2698 perinde
1547 2650 1689 2692 affecta,
1714 2661 1756 2684 ac

265 2693 296 2727 si
318 2694 408 2730 ultra
427 2695 590 2731 Herculis
610 2696 780 2732 columnas
800 2698 970 2743 pernicies
990 2698 1048 2732 illa
1069 2702 1279 2734 versaretur.
1312 2700 1468 2733 Venerat
1485 2698 1573 2732 enim
1593 2696 1630 2731 in
1647 2707 1756 2742 spem,

266 2740 427 2786 cupidine
447 2743 687 2788 persuadente,
712 2745 789 2779 fore
811 2749 850 2778 ut
870 2745 977 2779 vitam
998 2744 1161 2792 deinceps
1180 2749 1304 2789 ageret
1320 2745 1500 2779 molestiae
1514 2748 1630 2789 ‘atque
1647 2743 1757 2778 omnis

265 2798 406 2831 prorsus
427 2801 528 2827 curae
557 2795 746 2835 expertem.
800 2790 943 2825 Animus
973 2791 1102 2836 quippe
1119 2791 1220 2826 <nulla
1246 2791 1435 2836 disciplina*
1453 2791 1631 2834 excultus,
1665 2788 1758 2823 nulla

267 2834 572 2877 praemeditatione
598 2836 643 2872 ad
665 2837 885 2882 castigandos
908 2837 1025 2873 oculos
1050 2837 1228 2880 eruditus,
1252 2838 1303 2875 ita
1322 2850 1430 2886 saepe
1453 2837 1652 2886 imprudens
1677 2834 1758 2880 fuit,
