1794 3172
203 141 303 194 654
617 146 934 196 NICEPHORI
963 143 1295 192 GREGORAE

0 275 23 303 l.
42 270 86 302 M.
106 266 194 304 6851
205 259 371 321 γνώμην
400 258 614 317 δήπουθεν
646 258 760 317 αὐτῷ
790 257 844 301 τὰ
872 255 1097 315 πράγματα
1122 255 1327 316 ἂπαντᾷν.
1375 255 1705 313 πεποίηταιμέν-

27 316 98 350 lud*
114 317 158 352 ss
205 351 271 377 τοι
294 332 371 388 τὴν
401 328 663 388 ἀναχώρησιν
687 327 806 386 μέχρι
829 329 898 371 καὶ
934 328 975 378 ἒς
999 325 1119 371 πόλιν
1142 325 1219 382 τὴν
1250 327 1597 383 Στρουμμίτζαν,
1636 328 1707 370 καὶ

208 401 288 446 ὅσα
310 401 490 445 ἐπέκεινα
508 400 644 457 χωρία
663 393 715 454 ἦν
736 397 1057 452 ἀναπεπταμένα
1083 414 1126 440 τε
1156 397 1223 439 καὶ
1248 394 1483 452 ἱππήλατα·
1522 395 1630 440 ἔνθα
1651 397 1704 453 δὴ

208 474 277 518 καὶ
300 471 374 515 τὸν
393 467 569 528 Κράλην
590 469 770 524 Σερβίας
789 467 866 518 τὰς
885 466 1074 518 ἐπαύλεις
1095 470 1307 509 ποιεῖσθαι
1327 466 1430 517 τέως
1449 467 1700 522 συνέβαινεν.

209 541 305 602 (Β.)
340 538 416 591 Εἷς
443 540 491 583 δ’
527 535 579 595 ἦν
611 538 692 594 ἤδη
729 542 813 582 τῶν
837 538 950 596 αὐτῷ
984 536 1194 592 ἑπομένων
1212 538 1281 579 καὶ
1305 534 1473 580 ὅἈσὰν
1490 535 1700 594 Ἰωάννης.
1715 552 1739 587 5

209 611 230 655 ὃ
253 611 331 669 γὰρ
360 610 440 668 πρὸ
467 609 647 667 βραχέος
678 605 956 665 ἐπιτροπεύων
980 603 1031 664 ἦν
1050 607 1285 651 ]Ι·.’Ῑελενι’κου
1317 605 1548 666 φρούριον,
1587 608 1705 651 ἐντο-

163 683 297 732 Βλαΐς
315 685 391 724 νῦν
407 683 643 736 βασιλικαῖς
662 683 722 738 τῷ
743 678 888 736 Χρέλῃ
918 677 1228 735 παραδεδωκώς
1262 677 1368 736 πρὸς
1393 677 1572 733 βασιλέα
1602 677 1705 736 ἀφί-

204 768 295 794 κετο
307 784 321 805 ,
361 752 429 794 καὶ
452 749 617 793 διετέλει
640 748 777 792 συνὼν
801 747 914 807 αὐτῷ’
928 781 943 802 ,
985 751 1262 804 συσκηνοῦντι
1285 747 1395 798 τέως·
1407 752 1467 807 τῷ
1492 752 1578 792 τῶν
1601 752 1706 806 Τρι-

202 824 371 877 βαλλῶν
402 817 581 877 ἡγεμόνι.
653 816 744 877 (Γ.)
770 817 916 874 ’Ἐτυχε
950 818 995 861 δ’
1033 817 1236 876 ἀφιγμένη
1266 822 1496 875 τηνικαῦτα
1519 817 1598 861 κάκ
1624 816 1706 862 πό-

203 894 306 941 λεως
325 890 530 948 Βερῤοιάς
555 890 752 947 πρεσβεία
783 892 843 948 τῷ
872 885 1049 947 Κράλῃ,
1098 886 1245 945 λόγους
1272 890 1366 946 περὶ
1388 882 1446 932 ὧν
1463 886 1609 947 ἀπῄτει
1630 907 1705 932 κο-
1718 903 1764 938 10

204 962 381 1017 μίζουσα
417 961 485 1003 καὶ
528 961 708 1016 ζητοῦσα
742 962 898 1015 μαθεῖν
929 958 1136 1017 ἀκριβῶς,
1184 957 1212 1002 ἃ
1243 958 1352 1002 κατὰ
1383 956 1553 1017 γνώμην
1577 960 1702 1004 ἐστίν.

207 1029 351 1089 ἀπῄτει
372 1029 415 1073 ‹5‘
449 1026 633 1086 ὑπήκοον
654 1029 730 1086 τὴν
751 1027 871 1073 πόλιν
889 1027 1025 1089 τούτῳ
1044 1028 1239 1086 γενέσθαι
1262 1030 1333 1072 καὶ
1351 1027 1613 1087 ὑποχείριον,
1651 1034 1704 1088 τῇ

164 1098 427 1158 Εᾶκροπόλει
466 1099 656 1158 φρουρὰν
691 1102 941 1156 Τριβαλλῶν
972 1097 1196 1156 ἐμβαλόντι
1208 1133 1222 1153 ,
1277 1101 1375 1158 πρὶν
1412 1098 1464 1143 ἂν
1498 1099 1706 1143 ἀκουσίων

207 1170 348 1214 αὐτῶν
365 1170 546 1225 πολέμου
566 1168 708 1225 νόμοις
725 1171 1132 1228 ἕξανδραποὸίσηταί
1153 1187 1197 1214 τε
1217 1171 1286 1214 καὶ
1303 1168 1517 1229 διαρπάσῃ
1538 1171 1608 1214 καὶ
1626 1168 1707 1214 πό-

209 1244 273 1284 λιν
305 1242 373 1284 καὶ
413 1242 544 1291 οῗκίας
579 1239 668 1296 ἅμα
699 1241 769 1283 καὶ
800 1241 959 1298 γυναιξὶ
987 1242 1056 1284 καὶ
1087 1239 1255 1292 τέκνοις.
1307 1247 1397 1292 τοῖς
1431 1240 1574 1296 μέντοι
1605 1258 1706 1300 πρε·
1720 1254 1765 1290 15

209 1308 403 1366 σβεύουσι
429 1314 722 1367 καταπλαγεῖσι
751 1310 857 1369 πρὸς
885 1310 962 1367 τὴν
989 1315 1075 1355 τῶν
1102 1311 1330 1368 λεγομένων
1362 1312 1609 1369 ἓμβρίθειαν
1636 1312 1708 1355 καὶ

210 1380 440 1436 ἀποτομίαν
476 1379 588 1432 ἔδοξε
626 1380 790 1436 βέλτιον
827 1379 972 1439 λάθρα
1019 1379 1402 1439 κοινολογήσασθαι
1442 1386 1503 1442 τῷ
1544 1386 1715 1438 βασιλεῖ’

82 1450 121 1484 Ρ·
132 1447 570 1511 4081ίαντακουζηνῷ,
621 1453 690 1494 καὶ
715 1453 858 1495 δοῦναι
890 1452 1087 1511 λαμπρὰς
1115 1452 1192 1503 τὰς
1224 1450 1396 1510 ἐγγύας,
1442 1454 1478 1496 εἰ
1508 1450 1706 1508 βούλοιτο

208 1520 286 1577 τὴν
316 1523 514 1577 ταχίστην
545 1520 692 1565 λαθών
725 1526 1011 1579 παρεισελθεῖν
1040 1525 1109 1566 καὶ
1132 1527 1274 1579 λαβεῖν
1294 1523 1471 1580 ἀπονητὶ
1489 1523 1565 1580 τὴν
1587 1521 1709 1567 πόλιν

210 1588 349 1641 αὐτός.
388 1589 489 1635 εἶναι
522 1591 602 1650 γὰρ
631 1590 867 1648 μανιώδους
893 1597 1036 1650 ψυχῆς
1064 1595 1134 1637 καὶ
1154 1591 1348 1652 γνώμης,
1387 1593 1602 1652 αἱρεῖσθαι
1625 1592 1707 1650 πρὸ
1720 1606 1768 1641 20

210 1665 285 1704 τοῦ
306 1659 460 1719 ἡμέρου
480 1661 527 1705 τὸ
548 1660 793 1721 βάρβαρον,
832 1665 901 1706 καὶ
921 1669 1130 1725 προτιμᾷν
1147 1669 1225 1721 τῆς
1244 1661 1464 1723 ὁμοφύλου
1484 1664 1561 1721 τὴν
1580 1662 1710 1708 ἄλλο’-

212 1729 344 1788 φυλόν
376 1749 420 1775 τε
451 1733 519 1775 καὶ
547 1731 681 1777 νόθον
712 1731 944 1791 ἡγεμονίαν.
991 1732 1154 1779 τούτων
1190 1733 1302 1779 οὕτω
1335 1735 1711 1779 συσκευασθέντων

212 1802 280 1843 καὶ
301 1802 576 1859 κυρωθέντων
597 1805 693 1861 πρὶν
714 1803 949 1847 αἶσθέσθαι
977 1805 1076 1856 τοὺς
1099 1804 1392 1863 Τριβαλλοὺς,
1431 1803 1570 1863 λόγοις
1596 1805 1710 1849 ἄπα-

175 1875 354 1926 Βτηλοΐς
369 1888 450 1915 τισι
467 1875 787 1931 μετεωρίσαντες
807 1874 883 1931 τὴν
900 1879 976 1918 τοῦ
998 1873 1150 1934 Κράλη
1169 1874 1357 1919 διάνοιαν
1377 1875 1416 1920 οἳ
1433 1877 1483 1920 ἐκ
1503 1875 1711 1935 Βεῤῥοίας

209 1940 398 1998 πρέσβεις
433 1941 502 1984 ἐπ’
533 1942 647 1986 οἴκου
687 1942 980 2003 ἀνεχώρησαν,
1029 1945 1353 2004 ἀπαγγέλλοντες
1390 1953 1478 1998 τοῖς
1525 1947 1568 1990 ἐν
1599 1948 1708 2005 Βεῤ-
1721 1969 1769 2006 25

213 2039 257 2082 ea}
275 2028 448 2063 sententia
467 2041 525 2064 res
544 2032 788 2067 succedebant.
835 2033 958 2069 Rediit
974 2038 1089 2069 tamen
1111 2039 1208 2069 retro
1231 2035 1277 2070 ad
1297 2036 1418 2070 urbem
1442 2046 1555 2081 usque
1573 2034 1712 2069 Strum-

213 2079 373 2117 mitzam‚
407 2081 443 2110 et
472 2088 694 2124 quaecunque
721 2080 801 2115 illac
831 2087 959 2127 aperta
985 2087 1092 2128 atque
1117 2082 1323 2128 equitabilia
1350 2082 1427 2117 loca
1452 2086 1553 2124 sunt3
1588 2082 1650 2116 ubi
1676 2084 1715 2116 et

215 2121 338 2156 Crales
358 2122 503 2158 Serviae
527 2128 599 2159 tum
627 2126 720 2160 forte
743 2127 1003 2164 diversabatur.
1050 2129 1135 2174 (ΙΙ.)
1161 2129 1232 2164 Iam
1254 2134 1369 2164 autem
1388 2129 1482 2164 illum
1501 2130 1714 2175 sequebatur

219 2173 256 2203 et
274 2168 419 2203 Ioannes
436 2181 570 2215 quoque
587 2173 731 2207 Asanes.
769 2175 838 2210 Hic
861 2176 950 2210 enim
966 2176 1069 2222 paulo
1089 2181 1171 2211 ante
1189 2182 1351 2222 praeerat
1370 2176 1535 2211 Melenici
1557 2176 1713 2213 castello.

218 2214 305 2249 Mox
322 2226 399 2250 cum
415 2216 501 2251 illud
525 2217 742 2263 imperatoris
764 2221 862 2256 iussu
883 2223 1002 2257 Clu-eli
1021 2223 1239 2266 tradidisset,
1265 2224 1460 2267 contulerat
1480 2236 1518 2258 se
1539 2224 1585 2259 ad
1602 2223 1714 2269 impe-

217 2266 390 2304 ratorem,
414 2267 449 2297 et
467 2263 520 2305 ei,
546 2265 778 2303 Triballorum
797 2268 892 2314 regis
917 2270 1173 2314 contubernali,
1198 2283 1311 2306 comes
1334 2271 1560 2306 adhaerebat.
1608 2271 1714 2316 (ΙΙΙ.)

219 2306 328 2343 Forte
354 2321 396 2344 eo
421 2313 576 2356 tempore
597 2312 786 2349 advenerat
811 2327 854 2349 ex
873 2317 959 2351 urbe
976 2317 1156 2352 Berrhoea
1183 2318 1335 2364 legatio,
1361 2322 1485 2353 actura
1507 2330 1583 2354 cum
1607 2317 1714 2352 Crale

221 2354 266 2388 de
283 2354 328 2390 iis
346 2356 462 2399 rebus,
480 2368 570 2402 quae
587 2359 630 2392 ab
646 2371 686 2393 eo
698 2362 914 2406 petebantur,
933 2368 970 2398 et
987 2364 1147 2410 quidnam
1162 2365 1379 2400 decrevisset
1394 2365 1619 2400 sciscitatum
1635 2365 1718 2399 dili-

220 2404 358 2446 genter.
406 2403 554 2438 Petebat
581 2410 694 2440 autem
721 2407 800 2450 ille,
826 2413 865 2443 ut
886 2411 1003 2445 urbem
1025 2411 1063 2446 in
1086 2424 1151 2446 sua
1179 2417 1353 2458 potestate
1379 2416 1416 2447 et
1433 2423 1537 2447 manu
1552 2413 1714 2454 haberet,

221 2459 265 2483 ac
284 2448 513 2485 Triballicum
536 2453 746 2496 praesidium
771 2455 808 2489 in
837 2468 949 2491 arcem
978 2458 1236 2502 introduceret,
1272 2464 1458 2505 autequam
1487 2471 1550 2505 per
1581 2459 1651 2494 vim
1678 2465 1716 2494 et

220 2494 304 2529 belli
325 2494 401 2551 iure
418 2498 560 2539 urbem,
585 2498 723 2542 domos,
756 2502 917 2537 mulieres
949 2504 1148 2552 liberosque
1167 2507 1203 2541 in
1224 2506 1426 2541 servitutem
1450 2506 1631 2551 redigeret
1658 2510 1717 2541 at-

222 2552 290 2596 que
315 2542 494 2589 diriperet.
543 2547 589 2580 At
609 2545 756 2591 legatis,
781 2548 947 2584 dictorum
965 2552 1095 2587 duritia
1116 2559 1152 2587 et
1171 2553 1365 2588 acerbitate
1381 2554 1571 2600 perculsis,
1595 2553 1716 2588 melius

222 2599 334 2643 visum
361 2595 421 2644 est·
443 2590 529 2626 elam
556 2603 631 2627 cum
656 2593 896 2630 Cuntacuzeno
923 2597 1132 2643 imperatore
1158 2600 1329 2646 colloqui,
1360 2612 1402 2635 ac
1431 2600 1534 2635 fidem
1565 2601 1599 2635 ei
1618 2611 1716 2635 suam

224 2641 491 2690 emm-cannono
510 2639 751 2684 adstringere,
777 2642 807 2675 si
831 2642 866 2676 in
893 2645 1011 2679 urbem
1032 2646 1156 2681 furtim·
1171 2652 1208 2682 et
1225 2658 1327 2693 quam
1350 2647 1529 2682 celerrime
1550 2659 1628 2682 sese
1654 2647 1718 2682 in-

223 2683 419 2737 tromittere
451 2695 593 2731 eamque
627 2685 707 2732 ipse
731 2687 825 2722 nullo
852 2689 970 2725 labore
991 2703 1123 2737 capere
1145 2694 1263 2731 vellet.
1310 2694 1400 2729 Esse
1426 2695 1515 2729 enim
1545 2694 1649 2730 animi
1674 2705 1717 2729 ac

223 2734 416 2785 sententiae
439 2730 615 2774 furentis,
639 2733 834 2769 barbariem
862 2736 1067 2773 humanitati
1094 2742 1292 2785 praeferre,
1323 2740 1516 2788 gentilique
1541 2745 1718 2777 externam

224 2778 262 2828 et
284 2774 506 2833 xllegitxmam·
526 2783 746 2833 potestatem.
794 2782 860 2816 His
877 2783 928 2817 ita
945 2787 1165 2830 compositis,
1187 2801 1228 2823 ac
1249 2787 1447 2834 priusquam
1466 2788 1616 2823 Triballi
1636 2799 1718 2835 per-

224 2826 617 2876 ciperentconstitutns,
641 2826 757 2862 Cralis
773 2828 885 2862 mimo
905 2831 1072 2876 captiosis
1091 2834 1293 2878 quibusdam
1314 2835 1435 2869 verbis
1451 2847 1617 2880 suspenso
1629 2861 1640 2877 ‚
1662 2835 1718 2869 le-

223 2874 300 2913 gau
323 2868 581 2908 Berrhoeeusee
607 2871 742 2909 domum
770 2876 902 2911 reversi
936 2878 1007 2913 suis
1034 2879 1170 2916 civibus
1199 2881 1404 2917 renunciant
1426 2887 1462 2918 et
1489 2882 1578 2918 dura
1604 2882 1718 2918 Cralis
