1754 3164
547 129 1025 178 ANNOTATIONES.
1410 124 1434 170 1
1441 120 1507 172 25
1515 124 1539 172 1

12 235 64 275 de
81 235 224 276 'rm-cis
253 243 404 278 aestate
434 245 604 279 exeunte
631 244 878 292 reportatam
904 237 1101 288 affirmat,
1134 236 1257 290 idque
1281 242 1376 292 post
1391 237 1542 277 Aetoli-

12 307 101 333 cam
122 296 439 348 expeditionem,
471 296 520 336 de
549 310 628 349 qua
652 298 849 349 Gregoras
872 297 1003 348 capite
1018 296 1085 335 VI.
1104 294 1223 335 infra.
1279 309 1427 335 norvia.

123 350 223 406 Pag-
254 355 356 403 539,
388 355 427 396 5.
474 351 676 407 ’Όρχανος
706 353 732 396 ὅ
763 352 981 406 Ἀτουμοὶν]
1030 354 1123 403 Leg.
1162 352 1187 394 ὅ
1215 348 1382 403 Ἀτμοέν,
1423 353 1492 392 vel
1519 351 1544 394 o‘

10 405 177 462 Ὀτμᾶν,
207 410 312 449 filius
337 410 568 458 Othmanis,
600 412 804 451 orientalis
825 410 1037 463 Bithyniae
1063 417 1234 463 satrapa,
1265 410 1543 450 Cantacuzeno

16 466 89 505 lib.
107 467 177 506 111.
204 481 292 520 cap.
315 472 354 512 9.
404 469 517 508 Hanc
544 468 742 509 Orchanis
762 469 1058 522 expeditionem
1079 475 1217 508 contra
1235 468 1473 521 Byzantium
1492 467 1545 507 ad

23 537 172 563 annum
195 527 319 568 1330.
341 525 465 565 refert
483 527 650 566 loannes
671 527 873 566 Villaneus
892 526 966 566 lib.
987 527 1041 566 X.
1066 540 1156 580 cap.
1181 527 1272 570 152.
1311 539 1488 566 noema.

128 584 224 634 Pag-
255 582 360 633 539,
390 587 429 627 8.
493 582 577 638 Τήν
606 582 680 638 μὲν
700 584 741 634 ἐξ
761 583 908 639 Ἱεροῦ]
940 582 1009 623 Ab
1035 582 1184 634 Hiero,
1207 582 1315 634 hon,
1347 590 1393 623 ut
1413 589 1546 623 verte-

10 638 81 678 bat
113 638 304 690 wolfius,
344 655 370 679 a
400 640 558 697 templo.
616 641 718 682 Vide
754 648 945 682 annotata
985 655 1108 695 supra
1147 642 1198 681 ad
1232 655 1326 696 pag.
1366 642 1466 686 255.
1501 641 1545 681 C.

11 709 166 736 nomm.

126 752 228 806 Pag·
257 753 361 803 543,
392 757 432 796 9.
490 756 669 798 Πλεῖονα
696 755 773 810 τήν
803 754 977 812 στοργήν
997 755 1067 798 καὶ
1097 757 1225 806 στερό.
1256 753 1361 807 πρός
1387 753 1456 798 τὸν
1477 753 1546 797 σύ-

13 812 134 866 ζυγον
162 810 267 863 ἔσχε]
300 811 462 852 Maiore
490 824 527 853 et
537 815 724 868 firmiore
745 815 893 870 qff'ectu
924 815 1110 853 maritum
1140 813 1356 867 diligebat,
1386 828 1491 864 non,
1521 829 1548 852 a

12 869 158 908 marito
190 866 449 922 diligebatur,
479 878 526 910 ut
550 873 892 925 interpretabatur
922 871 1115 924 wolfius,
1158 873 1228 924 qui
1258 872 1415 924 legebat
1443 867 1547 926 πρὸς

12 923 90 979 τήν
117 921 201 974 σύζ.
259 939 418 966 notvm.

128 980 168 1021 P
165 998 230 1036 ug·
263 982 366 1035 544,
396 987 462 1028 20.
523 983 604 1027 Διοῖ
626 983 700 1039 τήν
727 989 803 1028 τοῦ
823 982 1019 1029 δεσπότου
1041 982 1179 1028 αὐτῶν
1197 982 1413 1040 τελευτὴν]
1445 985 1547 1024 Can-

12 1046 197 1080 tacuzen.
218 1041 288 1079 lib.
317 1040 360 1081 ΙΙ.
382 1055 470 1094 cap.
495 1046 564 1086 32.
586 1046 653 1087 33.
713 1059 887 1084 micare.

127 1096 167 1137 P
165 1113 229 1151 flg-
258 1098 362 1149 545,
396 1104 460 1143 16.
520 1098 798 1155 Νικομήδεια]
832 1102 962 1153 Quam
983 1101 1122 1154 paullo
1149 1106 1240 1139 ante
1270 1113 1392 1139 manu
1421 1105 1462 1139 et
1484 1114 1549 1139 ar—

13 1155 88 1194 mis
116 1155 467 1208 inexpugnabilem
490 1158 593 1197 fame
620 1173 850 1212 expugnare
878 1160 1044 1198 adortus
1066 1160 1197 1198 fuerat
1227 1157 1456 1207 Orchanes,
1485 1157 1549 1197 uti

15 1212 158 1251 scribit
186 1213 449 1256 Cantacuzen.
479 1216 549 1255 lib.
582 1217 630 1255 ΙΙ.
661 1231 749 1269 cap.
774 1221 842 1261 26.
903 1218 955 1256 Ut
983 1231 1108 1270 porro
1138 1216 1300 1255 tandem
1328 1216 1398 1255 illa
1431 1222 1549 1268 capta

15 1270 156 1320 suerit,
187 1279 323 1311 narrat
336 1273 603 1313 Leunclavius
626 1275 693 1314 lib.
712 1275 780 1315 IV.
801 1275 905 1314 Hist.
927 1275 1111 1314 Musulm.
1133 1288 1224 1327 pag.
1244 1277 1338 1317 186.
1370 1286 1546 1312 nucum.

127 1329 233 1380 Pssg·
262 1331 369 1380 545,
402 1335 468 1374 18.
533 1335 600 1388 Τῷ
630 1332 766 1386 μέντοι
790 1330 892 1374 notro}
920 1336 1046 1373 ταῦτα
1078 1332 1246 1387 ἐνιαυτῷ
1289 1327 1411 1373 ου’δὲν
1442 1330 1550 1371 ἴστο-

16 1385 106 1438 ρίας
117 1382 232 1434 ἄξιον
243 1386 480 1441 πέπρακται]
495 1389 622 1439 Anno,
634 1397 680 1429 ut
693 1389 791 1428 mihi
805 1390 976 1439 videtur,
990 1389 1130 1428 Mundi
1139 1389 1203 1430 VI.
1217 1387 1549 1429 MDCCCXLVII.

16 1443 130 1481 cuius
141 1443 231 1480 anni
243 1452 417 1497 quatuor
425 1446 546 1499 primi
556 1460 709 1487 menses
721 1449 921 1499 pertinent
932 1447 984 1486 ad
993 1446 1157 1488 an.Chr.
1169 1445 1549 1495 MCCCXXXVIII„

17 1506 109 1538 octo
132 1501 280 1551 reliqui
308 1503 360 1541 ad
385 1518 449 1545 an.
470 1504 801 1545 MCCCXXXIX.
858 1518 1010 1545 noxvm.

131 1556 234 1609 Pag-
265 1559 370 1610 545,
399 1565 468 1605 22.
532 1563 596 1617 Τῷ
626 1557 669 1603 δ’
703 1561 795 1615 ἑξῆς
827 1561 926 1614 ἔτει]
967 1562 1084 1600 Anno
1114 1560 1271 1599 scilieet
1301 1559 1442 1599 Mundi
1476 1558 1547 1598 vt.

15 1614 375 1658 MDCCCXLVIH.
397 1618 512 1657 cuius
531 1631 626 1671 pars
638 1619 767 1672 prima
782 1621 959 1673 pertinet
969 1620 1022 1659 ad
1034 1632 1095 1657 an.
1107 1618 1199 1659 Chr.
1211 1617 1547 1658 MCCCXXXIX.

18 1672 144 1711 altera
162 1671 212 1710 ad
231 1689 295 1714 an.
314 1676 538 1716 MCCCXL.
595 1690 748 1717 1301VIN.

136 1733 234 1781 Pag.
266 1732 373 1783 546,
403 1735 442 1775 9.
501 1730 665 1776 Αὕτόθι
691 1738 893 1775 κατοικεῖν
932 1732 1079 1788 ἔγνωκε
1109 1723 1185 1774 τοῦ
1214 1732 1384 1785 λοιποῦ]
1446 1731 1551 1771 Vide

16 1786 85 1828 lib.
107 1787 217 1828 XIII.
239 1790 343 1829 infra
363 1805 451 1844 cap.
470 1790 537 1831 VI.
561 1798 660 1831 sect.
682 1795 723 1834 3.
781 1805 932 1831 Bulvm.

134 1848 231 1900 Pflg·
260 1847 363 1899 546,
394 1852 461 1892 11-
497 1847 540 1890 Ὁ
560 1846 909 1904 Πρωτοστράτωρ]
941 1849 1203 1888 Cantacuzen.
1218 1847 1292 1887 lib.
1308 1846 1357 1888 IL
1371 1860 1460 1900 cap.
1478 1845 1549 1889 34.

16 1915 193 1943 nunno,

136 1963 233 2016 Pvg·
262 1963 367 2014 546,
399 1966 467 2007 18.
531 1962 615 2019 Τήν
646 1963 854 2020 θυγατέρα
892 1959 1044 2018 αὐτοῦ]
1102 1963 1368 2003 Cantacuzen.
1397 1961 1467 2001 lib.
1498 1961 1549 2003 11.

20 2031 111 2072 cap.
137 2019 206 2061 34.
262 2034 440 2061 nocane.

138 2078 233 2131 Pag·
265 2081 372 2129 548,
404 2082 442 2122 6.
504 2078 587 2119 Καὶ
606 2081 856 2120 καθιστῶσιν
878 2073 1058 2132 ’ἡγεμόνα
1075 2081 1150 2131 τῆς
1168 2075 1392 2129 πολιτείας]
1424 2076 1552 2115 Simo-

20 2147 112 2174 nem
133 2134 448 2188 Buccanegram.
486 2136 587 2175 Vide
614 2137 801 2176 Ioannem
821 2137 1048 2176 Villaneum
1070 2137 1140 2175 lib.
1163 2136 1234 2177 XI.
1254 2149 1340 2188 cap.
1367 2138 1459 2178 101.
1481 2133 1550 2173 lib.

19 2192 108 2231 ΧΠ·
131 2205 218 2244 Cap·
237 2197 305 2236 26.
335 2195 499 2234 Petrum
515 2195 721 2234 Bizarrum
747 2194 817 2234 lib.
839 2194 907 2234 VI.
926 2194 1126 2235 Historiae
1149 2193 1369 2234 Genuensis
1392 2192 1466 2232 sub
1485 2205 1552 2229 an-

20 2263 73 2288 no
100 2252 221 2293 1339.
265 2265 440 2292 nucho.

135 2306 173 2346 P
170 2322 235 2360 ag.
265 2310 367 2359 548,
396 2311 464 2353 24.
523 2308 608 2350 Καὶ
634 2309 865 2359 Βασίλειος]
904 2309 1008 2350 Vide
1037 2316 1203 2349 stemma
1231 2306 1551 2362 Trapezuntino-

21 2378 112 2404 rum
133 2373 432 2418 imperatorum.
491 2381 663 2406 onemo.

136 2421 235 2475 1³⁰3-
265 2426 370 2475 550,
403 2425 467 2468 15.
522 2423 678 2473 Ῥαΐσας
707 2422 844 2476 μέντοι
876 2421 1023 2479 μικρόν
1050 2423 1092 2474 ἐς
1116 2420 1380 2477 Ἀκαρνανίαν
1413 2414 1549 2475 ἐπῄει]

21 2480 132 2519 Haec
158 2481 283 2519 verba
308 2483 355 2521 ab
377 2483 596 2535 interprete
618 2495 692 2535 per
711 2482 1013 2533 incogitantiam
1037 2482 1179 2521 omissa
1202 2483 1368 2520 fuerant.
1396 2489 1554 2516 Boxvm.

144 2539 240 2590 1³03·
270 2541 350 2582 551
367 2570 378 2590 ,
412 2543 478 2583 13.
539 2539 624 2580 Καὶ
647 2539 689 2579 οἰ
720 2539 792 2592 μὲν
820 2535 1103 2594 προσεχώρουν
1126 2543 1183 2594 τῷ
1208 2535 1422 2591 Τζανυχίτῃ
1446 2531 1548 2584 etc.]

24 2595 126 2632 Cum
156 2593 219 2633 his
248 2597 528 2650 coniungenda
552 2611 598 2637 ea
631 2609 733 2649 quae
761 2597 951 2650 leguntur
980 2597 1088 2636 infra
1113 2596 1184 2636 lib.
1213 2594 1324 2634 XIII.
1356 2605 1447 2644 cap.
1475 2589 1549 2629 XI.

22 2664 179 2690 notvm.

139 2709 241 2762 Pag·
271 2710 372 2760 552,
402 2715 471 2755 20.
531 2710 614 2753 Καὶ
634 2708 709 2753 ’ὅσα
729 2709 806 2764 τήν
825 2710 1028 2765 Ῥωμαίων
1047 2709 1268 2764 ἡγεμονίαν
1294 2703 1552 2757 ἐνδοξοτέραν

25 2765 268 2818 καθίστησι]
299 2767 350 2806 Et
372 2784 624 2824 quaecunque
644 2770 806 2808 nomina
827 2767 1078 2809 illustriorem
1094 2767 1262 2824 faciunt
1280 2762 1458 2803 Romam*
1475 2763 1552 2800 im-

22 2824 123 2875 perii
153 2819 213 2878 (id
237 2831 310 2876 est,
339 2823 612 2868 Romanorum
634 2823 930 2882 imperatorum)
955 2824 1154 2881 gloriam.-
1184 2836 1277 2875 non,
1306 2827 1355 2861 ut
1371 2818 1553 2861 vertebat
