1794 3172
245 151 347 212 '678
658 164 973 212 NICEPHORI
1001 163 1326 209 GREGORAE

27 288 69 325 A.
87 287 133 321 M.
151 284 341 332 6852ταῒς
354 278 599 335 Ῥωμαϊκαῖς
618 273 845 335 ἄφηγήσεσι
867 277 1155 319 κοινωνοῦντα.
1194 271 1221 330 ἡ
1247 270 1328 333 γάρ
1352 291 1417 319 τοι
1448 269 1728 331 βασιλεύουσα

73 335 205 370 1nd.12
249 349 368 401 πόλις
396 348 500 406 αὕτη
536 347 649 404 κοινὴ
685 351 760 403 τῆς
798 345 897 402 ὅλης
922 347 1045 388 εἲπεῖν
1088 344 1328 400 οἰκουμένης
1363 345 1473 388 ἐστὶν
1516 342 1632 387 ἑστία
1660 345 1730 387 καὶ

251 420 385 464 κοινὸν
414 424 681 477 πρυτανεῖον·
725 417 792 459 καὶ
814 421 987 473 χορηγεῖ
1008 414 1083 470 μὲν
1110 415 1301 470 δαψιλῶς
1330 418 1469 458 πᾶσαν
1491 420 1579 463 τοῖς
1599 411 1730 459 ἅπασι

206 495 241 530 D
247 491 410 547 χρείαν·
446 491 668 545 γεωργοῦσι
697 485 742 529 δ’
775 485 879 543 αὐτῇ
906 482 1097 542 καθάπερ
1132 484 1325 542 δεσποίνῃ
1356 487 1472 527 πᾶσα
1501 487 1552 540 γῆ
1586 500 1631 526 τε
1661 484 1730 526 καὶ

248 558 448 603 θάλασσα
483 558 549 599 καὶ
578 554 727 606 πάντες
767 554 930 610 ἄνεμον
967 555 1035 598 καὶ
1062 552 1220 612 δρῶμεν
1237 551 1504 610 πανταχόθεν
1522 552 1598 610 τὴν
1616 557 1766 596 orco-5

248 629 432 684 πομπιάν
464 628 608 670 ἰοῦσαν
644 622 847 683 ἀφθόνως
881 626 1066 668 ἐνταῦθα
1086 627 1290 679 χειμῶνος
1321 625 1389 666 καὶ
1410 623 1592 681 θέρους,
1627 617 1732 681 ἦρός

248 716 293 742 τε
313 699 379 740 καὶ
399 693 672 754 φθινοπώρου
687 709 697 719 ·
734 697 802 738 καὶ
821 697 1120 738 ναυστολοῦσιν
1150 695 1207 744 εἷς
1225 691 1382 750 ταύτην
1407 691 1578 743 ὁλκάδες
1598 709 1640 735 τε
1663 694 1732 735 καὶ

250 765 428 826 τριήρεις
455 765 543 819 ἀεὶ,
589 769 757 822 καρπῶν
787 765 862 820 μὲν
889 762 1083 807 ἁπάντων
1114 762 1289 820 ἄγουσαι
1323 763 1470 821 γονὰς,
1508 767 1663 818 τεχνῶν
1687 762 1733 805 δὲ

250 838 528 882 παντοδαπῶν
545 837 806 890 ποικίλματα.
845 833 980 878 πάντα
1003 834 1081 892 γὰρ
1113 832 1192 877 ὅσα
1221 838 1347 877 πᾶσιν
1375 831 1605 888 ἑκασταχοῦ
1627 833 1732 889 γίνε-

249 925 318 950 ται
354 906 510 964 ἀτερπῆ
537 912 623 955 τοῖς
663 903 918 961 κεκτημένοις
942 902 1042 947 εἶναι
1065 906 1180 947 δοκεῖ
1193 921 1294 957 πως,
1334 905 1402 947 καὶ
1419 910 1586 962 φρονεῖν
1612 901 1732 945 οὐδέν
1746 904 1793 940 10

121 981 162 1015 Ρ.
174 977 245 1019 424
255 977 418 1032 οὐδαμῆ
437 982 617 1032 γενναΐον
648 973 867 1028 δύνανται,
915 976 1011 1032 πρὶν
1032 973 1082 1017 ἂν
1109 975 1149 1024 ἒς
1170 973 1217 1017 τὸ
1239 973 1344 1030 με’γα
1360 977 1486 1016 τοῦτο
1508 974 1574 1015 καὶ
1593 974 1733 1015 οἰκου-

251 1046 415 1104 μενικὸν
444 1041 519 1101 τῆς
546 1043 702 1095 πόλεως
731 1045 913 1102 θέατρον
942 1041 1211 1102 περίβλεπτόν
1246 1061 1339 1087 τινα
1369 1041 1622 1092 ποιήσωνται
1658 1041 1735 1098 τὴν

257 1117 457 1167 ἐπίδειξιν.
495 1114 554 1157 δι’
591 1113 618 1158 ἃ
649 1114 700 1171 δὴ
725 1115 792 1157 καὶ
816 1112 933 1170 ἡμεῖς
951 1115 1026 1165 τὰς
1047 1112 1243 1164 τοιαύτας
1266 1111 1586 1170 ἀναγκαζόμεθα
1607 1118 1735 1154 ποιεῖ-

259 1191 364 1230 σθαι
384 1185 693 1242 παρεκδρομὰς,
728 1186 798 1227 ἵνα
819 1184 877 1241 μὴ
901 1185 953 1228 τὰ
970 1189 1053 1228 τῶν
1075 1186 1200 1227 ἐνίοτε
1219 1186 1288 1227 καὶ
1310 1181 1527 1239 ε’νιαχόθεν
1553 1186 1735 1237 συμβαι-

258 1254 414 1299 νόντων
433 1252 749 1310 συμπτωμάτων
777 1254 887 1298 αἴτια
909 1259 960 1313 τῇ
982 1272 1023 1298 τε
1055 1252 1334 1312 βασιλευούσῃ
1365 1258 1448 1297 τῶν
1479 1250 1636 1296 πόλεων
1664 1253 1731 1295 καὶ
1748 1250 1793 1288 15

259 1332 346 1376 τοῖς
379 1326 565 1368 ἐνταῦθα
598 1322 808 1382 πράγμασι
818 1359 832 1378 ,
878 1325 936 1381 μὴ
967 1322 1329 1384 προγινωσκόμενα
1359 1330 1448 1374 τοῖς
1484 1319 1737 1379 ἐντυγχάνειν

123 1396 249 1436 v.344
261 1400 311 1453 τῇ
341 1395 503 1455 ἱστορία
535 1395 742 1450 μέλλουσι,
779 1393 970 1450 δύσβατα
1003 1413 1092 1447 πως
1123 1397 1191 1439 καὶ
1221 1391 1477 1453 φαραγγώδη
1520 1391 1649 1451 φάναι
1684 1391 1737 1435 τὰ

213 1463 407 1521 Βμεταξῦ
433 1465 567 1521 χωρία
605 1469 679 1508 τοῦ
729 1462 851 1521 λόγου
898 1467 1001 1524 δοκῇ
1046 1467 1115 1509 καὶ
1151 1469 1318 1524 μακρᾶς
1358 1480 1470 1514 τινος
1518 1463 1739 1521 εὖκρινειάς

253 1532 439 1590 δεόμενα.
496 1533 588 1593 (Β.)
625 1536 712 1578 Καὶ
732 1535 807 1590 μὲν
827 1535 878 1592 δὴ
901 1536 1061 1579 λεκτέον
1079 1533 1176 1592 ἡμῖν
1198 1533 1423 1595 πρότερον,
1464 1531 1599 1577 ὁπόσα
1621 1536 1740 1590 Τρα-

251 1604 499 1657 πεζουντίοις
521 1604 626 1647 κατὰ
645 1609 793 1648 τοῦτον
817 1604 1113 1650 συνεπεπτώκει
1135 1606 1207 1649 τὸν
1225 1603 1392 1663 χρόνον.
1429 1603 1535 1659 μετὰ
1567 1603 1646 1661 γὰρ
1667 1600 1794 1646 τόνὲῦ

251 1673 475 1730 Κομνηνόν
488 1673 666 1726 Ἀλέξων
676 1708 690 1728 ,
729 1675 801 1719 τὸν
823 1675 1073 1733 ἀδελφιδοῦν
1087 1676 1349 1734 Ἀνδρονίκου
1368 1678 1444 1719 τοῦ
1464 1678 1637 1732 γηραιοῦ
1657 1677 1742 1729 βα-

256 1744 401 1794 σιλέως
425 1741 639 1798 Ῥωμαίων
673 1749 749 1788 τοῦ
781 1744 1076 1803 Παλαιολόγου
1089 1780 1102 1800 ,
1152 1748 1374 1797 Βασίλειος
1404 1743 1536 1795 ὅυῖὂς
1562 1743 1637 1799 τὴν
1657 1747 1741 1787 τῶν

256 1814 596 1871 Τραπεζουντίων
627 1812 846 1871 ἡγεμονίαν
883 1815 1173 1872 διαδεξάμενος
1212 1816 1333 1873 ἔγημε
1365 1813 1498 1859 νόθον
1541 1818 1617 1858 τοῦ
1649 1814 1744 1857 νέου

219 1883 458 1938 Οβασιλέως
473 1882 744 1942 Ἀνδρονίκου
775 1890 849 1930 τοῦ
879 1884 1175 1944 Παλαιολόγου
1208 1886 1427 1946 θυγατέρα
1462 1882 1671 1944 Εἰρήνην·
1715 1877 1745 1943 ᾗ

257 1992 327 2048 nia·
343 1995 379 2028 et
402 1993 575 2030 Romanae
600 1994 766 2031 historiae
789 1997 890 2043 plane
913 1995 1105 2033 coniuncta.
1159 1996 1243 2044 Ipsa
1270 1996 1403 2044 quippe
1426 1996 1514 2031 haec
1537 1992 1747 2030 dominatrix

260 2042 385 2074 civitas
395 2048 575 2076 *commune
599 2047 652 2077 est
672 2043 780 2078 totius
802 2055 910 2090 paene
936 2044 1080 2080 dixerim
1107 2045 1201 2080 orbis
1229 2044 1434 2079 domicilium
1462 2055 1504 2078 ac
1529 2047 1748 2089 prytaneum.

258 2085 353 2121 Nam
371 2090 407 2120 et
427 2088 578 2142 omnious
605 2090 736 2133 omnia,
760 2095 866 2136 prout
891 2091 1015 2137 cuique
1036 2103 1119 2126 usus
1142 2097 1213 2134 est,
1238 2092 1374 2126 abunde
1395 2090 1618 2136 suppeditat3
1644 2094 1680 2123 et
1696 2087 1748 2122 illi

260 2133 596 2188 tanquam-dominae
614 2141 711 2171 terra
728 2137 907 2180 universa,
932 2150 1044 2181 mare,
1079 2142 1114 2173 et
1131 2150 1245 2173 omnes
1264 2138 1360 2173 venti
1378 2137 1614 2182 Qfamulanturz
1647 2135 1750 2170 vide-

261 2189 407 2224 musque
424 2179 504 2215 llluc
523 2181 718 2218 affluentem
735 2184 964 2230 undiquevim
982 2186 1145 2221 frumenti
1163 2197 1332 2232 magnam,
1347 2186 1469 2227 hieme,
1483 2189 1630 2226 aestate,
1650 2194 1748 2224 vere,

262 2229 301 2260 et
324 2229 508 2282 autumno}
533 2233 569 2262 et
587 2230 632 2263 ad
660 2241 732 2264 eam
760 2232 879 2266 urbem
905 2236 1076 2278 perpetuo
1106 2233 1273 2279 navigare
1295 2232 1471 2267 onerarias
1493 2241 1663 2275 navesac
1682 2229 1750 2263 tri-

261 2282 396 2315 remes,
420 2284 532 2308 omma
548 2275 717 2329 fructuum
736 2289 865 2322 genera
888 2283 923 2313 et
944 2279 1171 2325 quarumlibet
1193 2279 1317 2314 artium
1338 2279 1482 2314 inventa
1507 2281 1748 2324 apportantes,

262 2318 502 2373 Quaecunque
522 2332 611 2355 emm
627 2323 770 2368 singulis
790 2324 825 2358 in
844 2324 930 2359 locis
950 2325 1184 2372 unusquisque
1204 2327 1331 2369 habet,
1357 2337 1398 2360 ea
1414 2325 1554 2371 ingrata
1570 2334 1752 2371 possesso-

259 2366 358 2399 ribus
384 2377 461 2401 esse
486 2368 730 2423 quodammodo
751 2371 934 2416 videntur,
959 2383 1002 2406 ac
1026 2372 1113 2407 nihil
1141 2372 1303 2420 generosi
1323 2372 1486 2419 sapiunt,
1511 2374 1694 2417 antequam
1714 2369 1751 2404 in

254 2422 384 2466 magno
411 2416 446 2447 et
467 2424 638 2448 universm
658 2416 821 2470 gentibus
839 2418 996 2464 exposito
1016 2419 1160 2455 huiusce
1179 2419 1275 2454 urbis
1296 2420 1433 2454 theatro
1459 2419 1589 2453 clarum
1612 2415 1752 2463 aliquod

259 2469 315 2492 sul
342 2460 573 2515 spectaculum
591 2461 817 2499 exhibuerint.
866 2465 956 2500 Hinc
984 2465 1044 2508 fit,
1062 2471 1102 2501 ut
1118 2478 1179 2501 nos
1206 2465 1372 2501 eiusmodi
1393 2465 1615 2500 excursiones
1634 2465 1753 2498 facere

260 2515 448 2561 cogam-un·
468 2518 511 2540 ne
527 2518 556 2540 sl
575 2519 635 2550 ea,
661 2519 904 2564 quae-causam
924 2513 1157 2557 praebuerunt
1181 2525 1242 2548 cur
1263 2511 1446 2559 aliquando
1469 2516 1505 2546 et
1523 2511 1629 2546 certis
1647 2510 1682 2545 in
1701 2510 1754 2544 lo-

260 2561 311 2605 ,03³
331 2552 506 2607 qurdgnam
526 2554 668 2609 reginae
691 2556 767 2589 urbi
786 2561 821 2590 et
840 2558 917 2592 huic
938 2558 1081 2604 imperio
1104 2559 1300 2602 accideret,
1325 2559 1553 2606 praecognita
1573 2559 1663 2593 haud
1683 2558 1755 2592 sint

259 2608 320 2638 1¹³,
340 2608 402 2644 qul
423 2609 459 2654 ln
479 2599 565 2655 hanc
593 2601 771 2656 historiam
798 2603 976 2647 incident,
1002 2607 1111 2641 ardua
1127 2611 1163 2641 et
1190 2610 1230 2640 ut
1254 2606 1308 2640 ita
1332 2606 1443 2640 dicam
1463 2606 1692 2650 confragosa,
1718 2607 1756 2638 et

259 2647 423 2679 accurato
442 2645 563 2700 ludicii
581 2658 737 2702 examine
755 2649 912 2694 mdigere
928 2651 1112 2687 videantur
1130 2652 1313 2688 interiecta
1332 2652 1543 2687 narrationis
1561 2650 1755 2686 intervalla.

255 2689 343 2771 811.)
368 2691 419 2726 Ac
436 2702 579 2738 primum
594 2694 735 2748 guidem
754 2694 798 2730 de
816 2696 860 2730 iis
880 2698 982 2732 rebus
1004 2699 1130 2734 dicturi
1150 2710 1285 2741 sumus,
1310 2711 1402 2745 quae
1421 2698 1673 2745 'l'rapezuntiis
1691 2708 1756 2744 per

253 2747 268 2771 ι
284 2737 344 2770 lud
368 2739 745 2795 tempusnacclderunt.
793 2742 914 2777 Alexio
942 2744 1137 2787 Comneno,
1170 2745 1358 2781 Andronici
1384 2745 1529 2780 senioris
1553 2743 1756 2789 Palaeologi

254 2782 485 2840 Romanorum
509 2791 729 2842 rmperatons
751 2789 869 2834 nepoti
896 2802 939 2824 ex
963 2803 1101 2835 sorore,
1126 2793 1275 2828 Basilius
1300 2791 1389 2826 filius
1410 2793 1511 2827 heres
1533 2791 1701 2826 successit
1718 2791 1756 2824 in

255 2828 495 2887 Trapezuntis
522 2843 711 2888 imperium.
758 2835 794 2868 Is
819 2847 959 2870 uxorem
984 2837 1084 2873 duxit
1109 2839 1244 2882 Imnen,
1270 2838 1376 2873 filiam
1391 2837 1538 2873 iunioris
1565 2836 1756 2873 Andronici

254 2875 458 2924 Palaeologi
475 2889 638 2925 spuriam,
663 2892 728 2916 nec
744 2881 804 2917 diu
821 2892 895 2918 cum
914 2894 956 2919 ea
974 2884 1076 2928 vixit,
1101 2890 1138 2921 et
1158 2887 1234 2922 sine
1250 2885 1370 2921 liberis
1390 2885 1553 2922 decessit.
1601 2886 1647 2920 At
1668 2885 1755 2919 haec
