1794 3172
275 114 376 164 714
680 121 995 165 NICEPHORI
1030 121 1355 166 GREGORAE

55 245 89 275 A.
110 243 151 276 M.
173 222 263 280 6852
277 236 334 291 τῷ
355 232 491 291 μέτρῳ
524 230 820 287 κραταιοτέραν
842 228 1065 286 ποιούσης,
1104 234 1194 281 πῶς
1213 229 1263 274 οὗ
1286 232 1515 289 θεομηνιάς
1536 231 1587 278 ἂν
1603 232 1663 291 εἴη
1684 250 1762 278 σα-

98 292 166 325 Iud,
185 292 228 327 12

276 307 382 361 φοῦς
402 302 453 345 τὰ
475 303 518 344 ἐκ
542 306 623 344 τῶν
642 299 871 355 τοιούτων,·

232 383 265 419 Ι)
378 370 424 425 ζ’.
455 371 581 414 Ἀλλὰ
614 370 691 427 γὰρ
722 368 801 413 ὅσα
822 386 873 426 ,γε
909 370 953 412 ἐκ
992 372 1157 412 πολλῶν
1192 373 1277 412 τῶν
1314 368 1420 427 πρὸς
1450 367 1562 427 ’ἡμᾶς
1592 377 1667 428 τῆς
1687 378 1761 415 τοῦ

274 445 378 488 θεοῦ
401 438 704 498 φιλανθρώπου
728 441 795 493 καὶ
816 441 975 490 δικαίας
998 438 1122 496 ὀργῆς
1144 440 1322 495 σημείων
1347 439 1632 498 ε’ρανισάμενοι
1661 445 1760 500 τῇδε

271 515 323 568 τῇ
346 507 821 568 ἶστορίᾳσυνυφάναμέν
842 526 883 552 τε
906 510 971 552 καὶ
999 513 1338 566 συνυφανοῢμεν,
1375 511 1410 552 εἴ
1431 511 1501 567 ζῇν
1521 509 1618 567 ἡμῖν
1637 513 1756 568 ἐξείη,

268 577 427 636 μεγάλα
449 578 524 633 μέν
544 596 632 628 πως
652 577 802 630 δόξειεν
825 577 876 621 ἂν
894 585 983 628 ,τοῖς
1004 595 1046 631 τε
1064 582 1138 621 νῦν
1159 576 1310 636 ὁρῶσιν
1340 577 1506 623 ἅπανθ’
1549 578 1655 635 ὁμοῦ
1691 584 1761 624 καὶ

269 655 356 699 τοῖς
389 646 516 691 ἔπειτ’
545 648 843 703 ἐντευξομένοις
852 681 865 701 ,
904 650 970 691 καὶ
1003 645 1070 690 οἶα
1098 645 1224 703 μήπω
1242 650 1350 707 πρίν.
1389 647 1502 705 ὅμως
1527 645 1579 706 ἦν
1599 649 1649 694 ἄν
1672 668 1760 701 πως

271 717 460 775 φορητὰ,
492 719 527 760 εἴ
546 717 606 774 μὴ
632 723 780 771 πᾶσιν,
820 717 914 761 ἀλλ’
938 713 1011 760 οὖν
1037 715 1099 767 οἷς
1120 715 1145 773 ἡ
1166 721 1250 761 τῶν
1279 717 1535 776 πραγμάτων
1559 720 1759 764 ἕντέθεικε

229 795 392 845 Επεΐρα
413 784 598 841 σύνεσιν,
635 790 703 831 καὶ
726 787 798 838 οὓς
816 785 842 843 ἡ
865 792 938 843 τῆς
958 786 1312 844 ψυχῆςεύλάβεια
1330 788 1503 843 πέπεικε,
1541 797 1633 840 ταῖς
1655 808 1759 847 γρα-

270 863 370 915 φαῖς
390 855 634 912 ἑπομένους,
672 858 813 915 κυρίου
836 859 1025 901 παιδείαν
1045 856 1145 901 εἶναι
1173 859 1348 912 νομίζειν
1377 860 1446 901 καὶ
1466 863 1549 902 τῶν
1579 858 1757 917 συντρό-

270 944 362 984 φων
395 929 463 978 καὶ
494 925 699 982 ὁμηλίκων
729 929 906 982 κηλίδων
938 929 1121 990 ἰατρείαν
1139 927 1254 981 τινὰ,
1293 929 1328 971 εἶ
1346 928 1407 984 μὴ
1429 930 1496 971 καὶ
1520 929 1574 972 τὰ
1595 933 1669 985 τῆς
1689 931 1756 972 ἕκ-

269 997 441 1052 κλησίας
462 995 637 1053 ναυάγια
659 998 946 1052 προσετίθετο,
985 999 1053 1040 καὶ
1073 1002 1157 1041 τῶν
1175 995 1303 1040 πάλαι
1323 998 1607 1055 κοιμηθέντων
1628 1016 1757 1042 σκαν-

271 1064 409 1109 δάλων
442 1066 659 1124 ἅρτιγενεΐς
697 1065 849 1122 ὅμοίως
879 1066 1105 1125 ἐπεφύοντο
1143 1072 1287 1125 κῆρες,
1332 1067 1520 1125 μακροῦς
1554 1069 1757 1126 ὀλέθρους

269 1140 410 1192 ψυχῆς
452 1136 717 1194 ἐπιφέροι-σαι
753 1139 821 1179 καὶ
866 1137 1002 1197 ῥᾷστα
1028 1137 1138 1193 Ιπρὸς
1159 1137 1365 1193 ἀπωλείας
1387 1139 1607 1194 πυθμένας
1625 1156 1757 1182 κατα-

139 1215 179 1249 Ρ.
191 1207 552 1263 448βαπτίζουσαι.
617 1206 707 1265 (Β.)
736 1206 862 1250 Ἀλλὰ
892 1205 1053 1250 τούτων
1081 1207 1166 1250 ἔνια
1198 1209 1267 1250 καὶ
1297 1205 1396 1263 ἡμῖν
1425 1208 1526 1251 κατ’
1559 1208 1756 1266 ἐπιτομὴν

269 1276 456 1318 ἐνταῦθα
481 1275 693 1327 λελέξεται.
732 1275 966 1335 πάνταγὰρ
988 1275 1093 1333 ὃμοῦ
1117 1276 1316 1331 διεξιέναι,
1354 1277 1456 1335 πρὸς
1476 1277 1606 1335 ἄλλην
1627 1278 1752 1334 ἀσχο-

267 1345 481 1400 λουμένοις
510 1348 818 1403 πραγματείαν,
857 1345 1002 1407 ῥᾴδιον
1033 1347 1106 1391 ου’-κ
1128 1346 1180 1390 ἂν
1202 1347 1288 1403 εἴη,
1326 1346 1518 1404 μέγιστόν
1545 1366 1587 1391 τε
1619 1346 1665 1391 ὃν
1686 1348 1756 1407 ἴρ-

266 1431 339 1471 γον
372 1416 440 1457 καὶ
477 1417 670 1472 μεγίστης
708 1415 900 1472 δεόμενον
944 1418 1239 1474 πραγματείας.
1290 1419 1356 1471 καὶ
1391 1418 1659 1474 πρῶτονμὲν
1689 1419 1755 1461 ε’ν-

268 1488 422 1527 ταῦθα-
447 1486 602 1528 κείσθω
635 1478 814 1542 ὄιῆγημα
843 1491 926 1530 τῶν
959 1490 1050 1545 περὶ
1081 1487 1153 1530 τὸν
1171 1486 1292 1531 ’Άθω
1321 1486 1368 1531 τὸ
1404 1486 1502 1545 ὄρος
1532 1489 1574 1530 ἒν
1594 1485 1756 1538 τούτοις

267 1551 509 1597 ἑαλωκότων
529 1562 614 1605 τοῖς
636 1555 802 1613 χρόνοις
818 1560 1139 1600 ῘΠασσαλιανῶν
1158 1558 1225 1600 καὶ
1253 1558 1509 1614 Βογομίλων.
1559 1557 1648 1617 (Γ.)
1688 1555 1755 1601 Τά

229 1631 309 1665 Βτε
327 1624 404 1681 γὰρ
430 1623 535 1666 ἄλλα
556 1625 602 1668 τὸ
629 1625 726 1683 ὄρος
748 1625 924 1682 ὂἌθως
943 1625 1243 1683 θαυμάζεσθαι
1272 1626 1387 1679 ἄξιον
1410 1625 1511 1671 εἶναι
1539 1630 1655 1671 δοκεῖ
1663 1645 1751 1683 μοι,

266 1690 328 1735 ὅτι
351 1711 393 1736 τε
417 1693 520 1751 πρὸς
551 1694 653 1752 ἀέρα
685 1695 1020 1754 κέκραταιμπάνυ,
1048 1715 1112 1750 τοι
1142 1696 1307 1754 εὐφυῶς
1334 1699 1402 1740 καὶ
1426 1695 1488 1741 ὅτι
1517 1702 1651 1756 πολλῇ
1676 1716 1754 1740 τινι

141 1770 258 1810 V.363
268 1763 334 1805 καὶ
358 1766 603 1823 παντοδαπῇ
623 1770 674 1824 τῇ
703 1764 805 1825 χλόῃ
826 1774 1062 1823 κοσμεῖται,
1098 1769 1167 1811 καὶ
1189 1765 1356 1826 σφόδρα
1388 1769 1614 1826 φιλοτίμως
1632 1770 1755 1811 εἰπεῖν

264 1894 341 1929 vius
361 1906 462 1950 quam
481 1896 539 1931 vel
556 1897 691 1943 lapides
710 1899 767 1934 vel
786 1900 898 1935 fustes
914 1899 972 1935 vel
988 1900 1144 1936 flammae
1163 1913 1279 1936 omnes
1296 1900 1452 1936 damnum
1472 1901 1608 1945 afferat,
1633 1902 1755 1949 quidni

263 1942 373 1975 furori
391 1942 457 1976 Dei
474 1945 661 1979 manifesto
675 1946 983 1989 attribuantur-ea,
1001 1960 1089 1993 quae
1109 1949 1191 1983 inde
1208 1948 1396 1983 accidunt?
1433 1949 1436 1951 ’

355 1989 390 2042 J.
415 1990 577 2025 Sedenim
603 2004 826 2038 quaecunque
850 2006 894 2028 ex
911 1995 1026 2030 multis
1046 1995 1126 2041 piae
1145 2008 1187 2030 ac
1206 1995 1322 2030 iustae
1343 1995 1509 2030 adversus
1526 2007 1588 2030 nos
1597 1994 1666 2030 Dei
1684 1995 1755 2030 ira-

265 2034 416 2089 cundiae
434 2036 532 2079 signa
552 2039 703 2084 undique
725 2041 870 2082 collecta
892 2042 973 2076 huic
991 2042 1157 2077 historiae
1178 2042 1408 2084 intexuimus,
1433 2055 1474 2077 ac
1495 2054 1597 2088 porro
1618 2043 1755 2077 intexe-

265 2092 364 2135 rpus,
381 2093 419 2136 ‘si
442 2082 516 2116 vita
533 2085 630 2118 nobis
650 2088 770 2129 detur,
796 2099 838 2130 ea
857 2088 969 2123 omnia
987 2089 1107 2131 simul,
1138 2095 1206 2124 tam
1231 2089 1277 2123 iis
1295 2090 1355 2135 qui
1378 2101 1467 2124 nunc
1487 2089 1630 2134 legunt,
1654 2100 1755 2135 quam

264 2139 310 2162 ns
331 2129 456 2172 quibus
482 2136 602 2174 postea
628 2139 831 2176 occurrent,
855 2147 980 2181 magna
997 2137 1112 2171 videri
1137 2136 1276 2182 quidem
1296 2137 1448 2182 possint,
1473 2142 1510 2171 et
1529 2137 1645 2182 qualia
1669 2138 1754 2170 hac-

265 2178 367 2207 tenus
387 2175 490 2229 nulla.
537 2177 751 2214 Tolerabilis.
771 2185 884 2216 tamen
905 2183 1152 2228 quodammodo
1172 2184 1307 2218 isthaec
1323 2183 1485 2225 fuissent,
1511 2182 1540 2217 si
1558 2195 1627 2217 non
1645 2182 1754 2217 omni-

266 2219 354 2262 bus,
378 2226 415 2255 at
430 2234 473 2276 irs
499 2223 629 2266 saltem,
656 2227 779 2271 quibus
799 2229 1017 2273 prudentiam
1034 2230 1111 2276 ipse
1134 2241 1248 2265 rerum
1273 2242 1354 2264 usus
1370 2230 1571 2271 indidisset,
1596 2242 1636 2264 ac
1660 2241 1754 2264 mens

267 2271 370 2301 cauta
386 2273 520 2313 parlter
536 2276 572 2304 et
590 2271 755 2317 religiosa
770 2275 1001 2319 persuasisset
1025 2277 1080 2322 (id
1101 2277 1194 2323 quod
1214 2277 1322 2312 sacris
1340 2276 1522 2322 scripturis
1539 2288 1754 2322 consequens

266 2314 347 2355 est),
370 2325 444 2349 eam
461 2327 537 2351 esse
557 2316 705 2353 divinam
723 2321 996 2366 castigationem,
1016 2327 1052 2358 et
1068 2324 1236 2370 quandam
1250 2324 1363 2359 -veluti
1381 2324 1580 2358 coalitarum
1597 2328 1633 2358 et
1651 2335 1753 2357 coae-

264 2370 389 2415 varum
406 2362 505 2397 nobis
521 2364 725 2400 macularum
745 2367 964 2412 medicinam3
987 2370 1195 2413 tolerabilia,
1212 2371 1364 2416 inquam,
1377 2370 1437 2405 illa
1453 2370 1613 2411 fuissent,
1633 2370 1699 2403 nisi
1716 2373 1754 2404 et

266 2406 435 2462 ecclesiae
453 2410 641 2463 naufragia
672 2411 717 2446 ad
738 2425 779 2448 ea
796 2415 884 2449 mala
903 2416 1147 2459 accessissent,
1171 2422 1208 2452 et
1230 2417 1417 2463 sopitarum
1437 2417 1566 2462 pridem
1586 2415 1754 2450 offensio-

264 2463 342 2507 num
360 2454 542 2491 redivwae
559 2457 671 2492 denuo
690 2460 860 2495 excitatae
877 2462 1024 2498 fuissent
1041 2468 1170 2509 pestes,
1194 2463 1459 2499 funestissimam
1477 2463 1652 2498 animabus
1671 2474 1754 2508 per-

261 2509 385 2535 niciem
406 2501 586 2546 allaturae,
608 2515 648 2539 ac
663 2505 825 2540 facillime
842 2520 901 2543 eas
917 2509 954 2543 in
972 2511 1171 2546 barathrum
1192 2511 1290 2546 exitii
1307 2511 1540 2544 demersurae.
1577 2510 1662 2554 (ΙΙ.)
1676 2510 1752 2543 Ho-

261 2556 338 2599 rpm
354 2549 522 2592 quaedam
542 2561 563 2584 a
582 2551 682 2585 nobis
706 2564 843 2599 quoque
864 2557 1105 2602 compendiose
1124 2558 1188 2592 hoc
1205 2558 1280 2592 loco
1299 2557 1466 2591 dicentur.
1515 2557 1640 2591 Omnia
1662 2557 1752 2591 enim

262 2594 361 2648 simul
386 2605 611 2640 percensere,
634 2609 713 2632 cum
731 2599 767 2633 in
788 2600 930 2636 aliarum
955 2614 1064 2637 rerum
1086 2604 1296 2639 tractatione
1316 2615 1512 2645 versemur,
1535 2604 1638 2638 facile
1659 2603 1751 2637 haud

262 2637 387 2695 fuerit..
430 2641 582 2693 Maxima
599 2645 728 2690 quippe
750 2658 792 2680 ea
810 2652 846 2681 et
866 2650 1043 2693 permagni
1062 2650 1177 2696 operis
1195 2663 1252 2686 res
1272 2656 1336 2685 est.
1384 2651 1434 2685 Ac
1452 2650 1595 2695 primum
1613 2650 1752 2696 quidem

261 2684 389 2721 ‹hctun
412 2699 525 2723 sumus
550 2690 594 2725 de
610 2691 830 2727 Massalianis
849 2701 885 2728 et
903 2695 1110 2740 Bogomilis,
1135 2697 1194 2743 qui
1213 2697 1282 2732 illis
1306 2697 1520 2744 temporibus
1541 2697 1636 2731 circa
1655 2708 1752 2730 mon-

260 2734 331 2786 tem
358 2733 449 2768 Atho
474 2736 681 2790 deprehensi
707 2743 797 2774 sunt.
853 2741 953 2783 (ΙΙΙ.)
985 2742 1126 2789 Alioqui
1148 2755 1232 2778 vero
1258 2756 1353 2778 mons
1384 2744 1494 2779 Athos
1522 2743 1753 2778 admiratione

259 2777 384 2833 dignus
406 2792 483 2815 esse
502 2783 584 2817 mihi
601 2785 764 2827 videtur3
788 2791 861 2820 tum
878 2788 962 2832 quia
981 2789 1072 2823 a‘e'ris
1086 2791 1253 2835 temperie
1269 2791 1400 2826 fruitur
1418 2790 1518 2835 plane
1540 2789 1654 2832 felici;
1681 2795 1752 2824 tum

259 2835 341 2870 quia
356 2826 536 2864 herbarum
554 2831 591 2866 vi
613 2843 654 2867 ac
671 2830 843 2868 varietate
866 2835 973 2870 multa
990 2841 1130 2872 ornatus
1152 2848 1282 2881 eorum,
1304 2838 1368 2885 qui
1386 2838 1435 2873 ibi
1455 2842 1650 2879 versantur,
1672 2847 1753 2870 seu-

1771 520 1794 556 5

1772 869 1794 903 χι

1770 1218 1794 1252 1.

1766 1565 1794 1600 24
