1754 3164
573 149 1046 196 ANNOTATIONES.
1449 146 1578 195 1281

49 253 177 293 ratrix
203 268 225 294 a
245 254 471 308 patriarcha
501 256 668 296 alienata
691 257 767 306 sit,
796 255 982 310 pluribus
1006 256 1173 311 exponit
1193 257 1406 299 Cantacuz.
1423 258 1495 298 lib.
1510 258 1580 299 111.

52 324 139 364 cap.
163 315 230 355 98.
288 327 462 354 nucum.

166 371 263 423 Peg
292 373 398 420 768,
426 374 466 413 3.
523 368 603 412 Δια
624 368 701 424 τήν
719 387 792 413 του
812 367 938 424 τόμον
958 367 1199 423 κατάλυσιν]
1229 370 1287 410 De
1314 351 1395 425 quo
1417 372 1580 426 quidem

49 425 198 476 Tomo,
230 434 270 466 et
296 429 350 478 Sy
354 428 460 467 nodo
483 428 945 482 constantinopolitana,
976 435 1017 468 et
1046 428 1322 469 controversia
1348 430 1455 470 inter
1483 431 1581 471 Bar-

47 482 220 522 laamum
242 490 282 523 et
303 484 543 537 Gregorium
563 486 785 537 Palamam,
815 487 903 526 fuse
934 486 1013 538 egit
1036 487 1298 526 Cantacuzen.
1326 487 1397 527 lib.
1416 487 1472 528 Π.
1491 502 1578 542 cap.

48 543 118 583 39.
138 545 205 584 40.
222 541 291 580 ubi
316 543 583 582 consulendus
605 544 830 583 Gretserus.
887 557 1064 585 bucano.

165 601 261 652 Pag-
292 602 396 650 768,
426 600 468 643 4.
525 596 635 642 Ἐπεὶ
679 597 720 642 δ’
753 601 886 655 ἔτυχεν
918 631 1110 642 .......
1138 600 1302 654 δέσμιον
1342 600 1388 643 ἐκ
1424 604 1580 644 πολλου

48 653 268 707 κατέχουσα
295 653 362 696 τὸν
384 658 611 711 Παλαμᾶν]
642 658 810 698 Exstant
838 660 879 698 in
901 659 1049 698 Codice
1068 659 1192 710 Regio
1220 659 1346 702 2409.
1376 673 1469 699 cum
1500 660 1577 699 alia

48 712 173 751 multa
202 713 385 754 Palamae
416 715 565 767 sciipta
589 715 834 767 theologica,
873 723 960 755 tum
988 716 1179 769 epistolae
1209 715 1363 769 aliquot
1392 717 1578 769 apologe-

46 770 172 820 ticae,
202 770 243 808 in
266 771 411 823 quibus
431 773 612 811 Palamas
632 772 737 812 hanc
754 774 860 813 vitae
879 788 974 812 suae
996 780 1149 827 partem
1172 774 1258 812 fuse
1278 781 1448 813 enarrat.
1478 774 1577 813 Inde

46 840 145 876 nos,
174 841 277 879 quae
301 828 353 867 ad
377 828 682 881 chronolouiam
710 831 987 884 pertinebant,
1027 832 1173 870 selecta
1206 832 1401 883 quaedam
1438 846 1578 871 excer-

47 885 214 949 psimuS.
273 886 374 924 Sunt
406 895 537 926 autem
568 887 679 928 haec.
736 889 914 927 Palamas
950 888 1083 941 coepit
1111 894 1321 941 suspectus
1352 902 1437 928 esse
1469 889 1576 928 circa

45 941 161 981 initia
186 942 284 981 belli
311 944 442 983 civilis
461 945 505 985 A.
525 945 565 984 C.
584 945 845 985 MCCCXLIL
863 946 960 987 eod.
980 947 1071 998 Reg.
1091 945 1162 986 fol.
1180 949 1278 989 296.
1297 959 1337 984 v.
1370 947 1475 1000 Περί
1493 962 1575 988 που

45 996 95 1039 τοὶ
107 999 206 1052 μέσα
214 1002 294 1040 τῶν
311 998 391 1054 πρό
400 1017 471 1043 του
458 1003 685 1056 σωτηρίου
696 999 860 1052 πάθους
875 1004 1080 1056 νηστίμων
1090 1002 1263 1056 ἡμερῶν,
1281 1002 1408 1054 idest,
1419 1004 1576 1043 circiter·

45 1054 215 1096 mediam
238 1055 613 1112 Quadragesimam‚
643 1060 871 1113 patriarcha
889 1061 1073 1100 Palamae
1100 1059 1314 1112 significat,
1344 1068 1575 1113 suspectum

45 1127 136 1152 eum
158 1114 235 1153 sibi
262 1121 302 1154 et
327 1115 529 1181 Augustae
560 1131 666 1167 esse,
695 1119 876 1170 petitque
902 1118 951 1157 ab
982 1132 1051 1168 eo,
1082 1124 1126 1156 ut
1146 1131 1280 1156 seeum
1305 1118 1357 1156 ad
1384 1117 1488 1156 hanc
1507 1132 1574 1157 ve-

44 1171 142 1219 niat,
173 1171 363 1212 delendae
375 1174 459 1212 eius
470 1174 708 1226 suspicionis
719 1188 853 1225 causa,
874 1176 1050 1219 fol.295.
1061 1175 1186 1214 v.lin.
1201 1175 1273 1216 ult.
1312 1175 1353 1214 [ιι
1366 1175 1574 1215 Dominica

44 1228 268 1269 Palm-‘irum
294 1231 464 1296 appellit
491 1233 729 1284 Byzantium
757 1231 782 1274 ὅ
804 1236 991 1286 Πρῶτος,
1021 1233 1065 1271 id
1096 1240 1167 1282 est,
1200 1234 1354 1272 Primus
1375 1239 1573 1272 monaste-

43 1286 197 1326 riorum
216 1288 361 1326 montis
381 1288 489 1327 Atho
509 1290 751 1339 moderator,
779 1290 851 1329 fol.
878 1294 976 1334 296.
997 1303 1034 1329 v.
1058 1290 1127 1330 lin.
1146 1293 1184 1332 3.
1229 1289 1376 1329 Exacta
1397 1290 1573 1329 Domini-

45 1357 115 1383 cae
141 1345 339 1384 Passionis
374 1344 645 1397 hebdomade,
684 1361 731 1386 ac
765 1349 947 1400 sequenti
975 1347 1156 1396 ineunte,
1194 1347 1374 1386 Palamas
1400 1348 1571 1400 patriar-

44 1399 171 1471 cham?
193 1403 332 1442 invisit
365 1409 405 1442 et
433 1403 679 1456 Augustam,
718 1405 815 1444 ibid.
848 1405 918 1444 lin.
947 1408 984 1448 6.
1044 1405 1186 1444 Statim
1208 1411 1300 1457 post
1321 1405 1570 1444 Dominicam

42 1462 124 1499 τῶν
143 1457 272 1514 ἁγίων
290 1459 485 1514 πατέρων,
514 1462 621 1502 intra
641 1468 824 1501 octavam
842 1462 1112 1511 Ascensionis‚
1144 1463 1299 1501 confeit
1317 1476 1359 1501 se
1376 1461 1416 1500 in
1434 1477 1569 1501 mona-

43 1517 209 1556 sterium
238 1532 259 1557 e
285 1517 449 1568 iegione
482 1519 665 1571 Byzantii
690 1520 828 1567 situm,
857 1520 953 1558 ibid.
980 1518 1115 1557 infima
1146 1533 1238 1572 pag.
1295 1518 1412 1568 Inde,
1440 1532 1567 1559 verno

41 1579 243 1627 tempore,
272 1574 314 1613 in
334 1574 451 1614 aliam
477 1574 639 1615 domum
659 1592 682 1615 a
701 1577 877 1615 tumultu
900 1576 1062 1615 nautico
1086 1583 1280 1616 remotam
1299 1577 1464 1625 transit,
1495 1577 1567 1615 fol.

41 1634 141 1674 297.
161 1632 234 1671 lin.
255 1635 294 1674 3.
352 1633 494 1672 Paucis
514 1634 653 1674 diebus
673 1634 893 1673 interiectis
914 1634 1117 1686 quaesitus
1136 1649 1159 1672 a
1178 1633 1350 1687 quodam
1377 1634 1568 1674 ecclesiae

42 1688 248 1738 ministro,
278 1690 577 1741 necinventus,
610 1692 653 1730 in
674 1691 822 1731 Urbem
843 1691 967 1741 redit,
995 1691 1092 1730 ibid.
1118 1691 1187 1732 lin.
1210 1692 1250 1734 4.
1306 1692 1473 1730 Ineunte
1499 1704 1568 1730 au-

44 1752 210 1785 ctumno
231 1747 462 1786 Heracleam
487 1749 650 1798 secedit,
682 1755 721 1787 et
738 1749 792 1787 ibi
820 1762 893 1801 per
919 1754 1091 1800 quatuor
1111 1762 1263 1787 menses
1282 1754 1566 1798 commoratur,

40 1804 112 1842 fol.
132 1805 228 1847 285.
249 1804 322 1846 lin.
341 1808 380 1847 6.
399 1805 468 1846 sol.
489 1805 585 1848 284.
607 1820 647 1845 v.
668 1806 711 1844 in
728 1806 798 1845 ins.
820 1819 909 1858 pag.
931 1806 999 1844 sol.
1021 1809 1116 1849 299.
1135 1820 1174 1845 v·
1191 1806 1233 1844 in
1254 1805 1330 1844 fine
1351 1819 1438 1858 pag.
1467 1805 1566 1844 Inde

40 1861 91 1900 A.
114 1862 157 1901 C.
177 1862 459 1902 MCCCXLIII.
478 1877 675 1913 reversus,
706 1863 747 1902 in
770 1863 936 1901 aedibus
959 1865 999 1901 S.
1017 1862 1190 1915 Sophiae
1207 1869 1475 1902 commoratur
1491 1876 1566 1915 per

39 1918 242 1970 integrum
265 1919 436 1958 duorum
464 1922 656 1960 mensium
679 1921 877 1973 spatium,
909 1920 978 1959 fol.
997 1923 1093 1963 284.
1114 1933 1153 1958 v.
1179 1920 1283 1959 med.
1303 1933 1393 1972 pag.
1451 1921 1565 1958 Com-

39 1975 304 2029 prehenditur
325 1983 365 2015 et
382 1977 421 2015 in
441 1978 662 2017 custodiam
684 1978 802 2017 datur
824 1976 940 2030 ἔαρος
968 1980 1206 2030 μεσοῦντος,
1236 1976 1314 2016 hoc
1343 1983 1425 2028 est,
1457 1977 1565 2016 circa

39 2033 199 2073 initium
228 2034 373 2072 mensis
401 2034 507 2085 Maii,
539 2036 608 2075 fol.
638 2036 734 2078 285.
762 2035 832 2075 lin.
856 2038 897 2078 7.
954 2035 1149 2086 Ignatius,
1179 2033 1406 2087 patriarcha
1430 2035 1565 2073 Antio-

40 2091 206 2141 chenus,
234 2091 473 2143 Byzantium
498 2094 608 2132 venit
632 2106 737 2131 anno
757 2097 848 2144 post
869 2092 1086 2131 Andronici
1106 2092 1275 2131 iunioris
1297 2098 1465 2131 mortem
1486 2098 1564 2130 ter-

39 2149 98 2187 tio
118 2149 341 2201 completo,
370 2148 418 2187 A.
439 2150 481 2188 C.
501 2150 776 2191 MCCCXLIV.
795 2149 865 2187 fol.
883 2152 979 2193 283.
1000 2163 1039 2188 v.
1067 2150 1135 2188 lin.
1156 2153 1223 2191 20.
1280 2149 1479 2198 Palamas‚
1510 2149 1561 2188 ad

39 2205 258 2245 monachos
283 2207 430 2245 montis
459 2206 566 2246 Atho
598 2206 776 2246 scribens
804 2207 850 2245 A.
871 2206 912 2245 C.
938 2206 1233 2256 MCCCXLVI„
1263 2207 1319 2246 ait
1343 2221 1386 2246 se
1409 2222 1560 2259 neotus-

37 2262 272 2315 κλεισμένον
299 2260 469 2316 ἀκρίτως
496 2264 564 2305 ἐπεὶ
593 2264 710 2305 δυσὶν
740 2264 939 2311 ἐνιαυτοῖς
965 2261 1072 2317 ἤδη,
1112 2264 1155 2303 id
1188 2270 1268 2314 est,
1309 2278 1455 2303 annum
1482 2264 1559 2301 iam

39 2321 209 2359 alterum
241 2322 420 2374 elapsum
453 2335 557 2372 esse,
596 2335 647 2361 ex
681 2334 760 2374 quo
790 2321 969 2360 inclusus
1001 2328 1205 2371 teneatur,
1238 2321 1307 2360 sol.
1329 2325 1426 2365 299.
1454 2320 1560 2358 infra

38 2378 143 2417 med.
161 2391 250 2431 pag.
305 2378 490 2418 Nondum
510 2393 557 2418 eo
578 2385 759 2431 tempore
780 2385 918 2417 coacta
945 2385 1031 2418 erat
1053 2379 1096 2418 in
1117 2392 1207 2418 eum
1234 2378 1431 2432 SynoduS.
1460 2376 1558 2415 Ibid.

39 2435 233 2486 Ignatius,
260 2436 491 2488 patriarcha
515 2435 810 2485 Antiochenus,
839 2436 1032 2487 Byzantio
1052 2436 1234 2486 excedit,
1264 2435 1387 2475 literis
1408 2434 1460 2472 ad
1486 2447 1558 2485 pa-

38 2492 255 2532 triarcham
285 2494 770 2546 Constantinopolitanum
796 2499 935 2531 contra
953 2493 1151 2533 Palamam
1173 2494 1345 2546 scriptis,
1370 2491 1440 2529 fol.
1458 2493 1557 2532 282.

36 2562 77 2587 v.
95 2550 163 2590 lin.
189 2554 225 2592 1.
283 2551 393 2590 Haec
427 2552 572 2603 Regius
602 2552 670 2590 ille
692 2551 842 2589 Codex.
900 2550 1117 2602 Aliquanto
1143 2557 1238 2604 post
1263 2550 1440 2588 Palamas
1465 2560 1556 2585 car-

38 2620 129 2645 cere
147 2608 329 2656 emissus,
359 2623 461 2647 anno
480 2610 570 2662 ipso
592 2604 833 2663 (ut-opinor)
852 2606 1127 2649 MCCCXLVI.
1183 2609 1329 2646 Tamen
1355 2606 1555 2643 Cantacu-

36 2678 159 2702 zenus
177 2665 245 2703 lib.
263 2665 334 2704 ΠΙ.
356 2679 441 2719 cap.
459 2667 531 2705 ult.
548 2680 638 2719 pag.
656 2668 751 2709 699.
773 2664 932 2714 scribit,
961 2665 1159 2706 Palamam
1181 2663 1347 2703 adhuc*
1336 2677 1377 2701 ιιι
1394 2674 1556 2700 carcere

36 2721 160 2760 fuisse
179 2735 227 2760 eo
257 2728 436 2775 tempore
458 2738 536 2775 quo
559 2724 647 2776 ipse
674 2722 819 2761 Urbem
848 2722 977 2774 cepit3
1007 2731 1125 2776 atque
1147 2736 1259 2770 eum,
1290 2733 1379 2759 cum
1402 2718 1555 2758 Andro-

35 2778 129 2816 nico
151 2778 279 2817 Asane
301 2781 492 2819 eductum
520 2795 542 2820 e
568 2779 773 2830 custodia,
797 2778 957 2820 venisse
977 2780 1028 2820 ad
1059 2795 1101 2821 se
1121 2779 1178 2820 ait
1199 2751 1335 2818 Atinae
1354 2778 1554 2829 Augustae

37 2835 161 2874 missu
182 2836 367 2889 legatum.
423 2852 575 2878 solvus.
