<?xml version="1.0" encoding="UTF-8"?>
<!DOCTYPE html PUBLIC "-//W3C//DTD XHTML 1.0 Transitional//EN"
    "http://www.w3.org/TR/xhtml1/DTD/xhtml1-transitional.dtd">
<html xmlns="http://www.w3.org/1999/xhtml" xml:lang="en" lang="en">
 <head>
  <title>
</title>
<meta http-equiv="Content-Type" content="text/html;charset=utf-8" />
  <meta name='ocr-system' content='tesseract 3.04.00' />
  <meta name='ocr-capabilities' content='ocr_page ocr_carea ocr_par ocr_line ocrx_word'/>
</head>
<body>
  <div class='ocr_page' id='page_1' title='image "./corpusscriptorum39niebuoft_0043.png"; bbox 0 0 1794 3172; ppageno 0'>
   <div class='ocr_carea' id='block_1_1' title="bbox 359 152 1550 227">
    <p class='ocr_par' dir='ltr' id='par_1_1' title="bbox 359 152 1550 227">
     <span class='ocr_line' id='line_1_1' title="bbox 359 152 1550 227; baseline -0.001 -21"><span class='ocrx_word' id='word_1_1' title='bbox 359 159 676 227; x_wconf 73' lang='lat' dir='ltr'>msTomffl</span> <span class='ocrx_word' id='word_1_2' title='bbox 702 157 1077 211; x_wconf 77' lang='lat' dir='ltr'>BYzANTmAE</span> <span class='ocrx_word' id='word_1_3' title='bbox 1103 157 1203 205; x_wconf 78' lang='grc' dir='ltr'>ΧΠ.</span> <span class='ocrx_word' id='word_1_4' title='bbox 1234 162 1276 204; x_wconf 90' lang='lat'>8.</span> <span class='ocrx_word' id='word_1_5' title='bbox 1367 197 1373 202; x_wconf 84' lang='grc'><em>.</em></span> <span class='ocrx_word' id='word_1_6' title='bbox 1452 152 1550 205; x_wconf 67' lang='lat'>602</span> 
     </span>
    </p>
   </div>
   <div class='ocr_carea' id='block_1_2' title="bbox 10 263 1772 1922">
    <p class='ocr_par' dir='ltr' id='par_1_2' title="bbox 10 263 1772 1922">
     <span class='ocr_line' id='line_1_2' title="bbox 72 263 1770 329; baseline -0.001 -14"><span class='ocrx_word' id='word_1_7' title='bbox 72 273 178 326; x_wconf 82' lang='grc' dir='ltr'><strong><em>δεῖν,</em></strong></span> <span class='ocrx_word' id='word_1_8' title='bbox 216 269 314 317; x_wconf 59' lang='grc' dir='ltr'>οὔδ’</span> <span class='ocrx_word' id='word_1_9' title='bbox 332 267 405 329; x_wconf 71' lang='grc' dir='ltr'>ἔφ’</span> <span class='ocrx_word' id='word_1_10' title='bbox 431 268 542 324; x_wconf 75' lang='grc' dir='ltr'><strong><em>οὕτω</em></strong></span> <span class='ocrx_word' id='word_1_11' title='bbox 559 274 723 326; x_wconf 77' lang='grc' dir='ltr'><strong><em>μικροῖς</em></strong></span> <span class='ocrx_word' id='word_1_12' title='bbox 738 270 807 312; x_wconf 79' lang='grc' dir='ltr'><strong><em>καὶ</em></strong></span> <span class='ocrx_word' id='word_1_13' title='bbox 836 267 1031 329; x_wconf 73' lang='grc' dir='ltr'><strong><em>ψευδέσιν</em></strong></span> <span class='ocrx_word' id='word_1_14' title='bbox 1053 267 1143 321; x_wconf 72' lang='grc' dir='ltr'><strong><em>ἐμοὶ</em></strong></span> <span class='ocrx_word' id='word_1_15' title='bbox 1160 263 1457 325; x_wconf 84' lang='grc' dir='ltr'><strong><em>τερατεύεσθαι</em></strong></span> <span class='ocrx_word' id='word_1_16' title='bbox 1481 268 1549 310; x_wconf 74' lang='grc' dir='ltr'>καὶ</span> <span class='ocrx_word' id='word_1_17' title='bbox 1577 277 1664 312; x_wconf 77' lang='lat' dir='ltr'><strong>A.c.</strong></span> <span class='ocrx_word' id='word_1_18' title='bbox 1678 273 1770 314; x_wconf 77' lang='lat'>1341</span> 
     </span>
     <span class='ocr_line' id='line_1_3' title="bbox 71 325 1772 407; baseline -0.003 -23"><span class='ocrx_word' id='word_1_19' title='bbox 71 338 266 396; x_wconf 79' lang='grc' dir='ltr'><em>τοιαύτην</em></span> <span class='ocrx_word' id='word_1_20' title='bbox 284 337 481 398; x_wconf 77' lang='grc' dir='ltr'><em>ῥημάτων</em></span> <span class='ocrx_word' id='word_1_21' title='bbox 499 339 717 397; x_wconf 70' lang='grc' dir='ltr'><strong><em>προφέρειν</em></strong></span> <span class='ocrx_word' id='word_1_22' title='bbox 734 335 984 394; x_wconf 80' lang='grc' dir='ltr'><strong><em>κομψότητα</em></strong></span> <span class='ocrx_word' id='word_1_23' title='bbox 1000 336 1174 381; x_wconf 71' lang='grc' dir='ltr'><strong><em>εἴθιστο·</em></strong></span> <span class='ocrx_word' id='word_1_24' title='bbox 1211 336 1318 379; x_wconf 85' lang='grc' dir='ltr'><strong><em>ἀλλὰ</em></strong></span> <span class='ocrx_word' id='word_1_25' title='bbox 1338 341 1398 395; x_wconf 80' lang='grc' dir='ltr'><strong><em>τῷ</em></strong></span> <span class='ocrx_word' id='word_1_26' title='bbox 1417 325 1693 405; x_wconf 52' lang='grc' dir='ltr'><strong><em>ἧδρα-Ῑωξεξί·</em></strong></span> <span class='ocrx_word' id='word_1_27' title='bbox 1705 326 1772 407; x_wconf 51' lang='lat'>{²⁴</span> 
     </span>
     <span class='ocr_line' id='line_1_4' title="bbox 71 395 1694 469; baseline -0.001 -17"><span class='ocrx_word' id='word_1_28' title='bbox 71 410 206 469; x_wconf 80' lang='grc' dir='ltr'><strong><em>σμένῳ</em></strong></span> <span class='ocrx_word' id='word_1_29' title='bbox 234 414 310 453; x_wconf 81' lang='grc' dir='ltr'><strong><em>τοῦ</em></strong></span> <span class='ocrx_word' id='word_1_30' title='bbox 341 409 477 465; x_wconf 82' lang='grc' dir='ltr'><strong><em>ἤθους</em></strong></span> <span class='ocrx_word' id='word_1_31' title='bbox 506 409 814 466; x_wconf 75' lang='grc' dir='ltr'><strong><em>ἓγκαρτεροῦντι</em></strong></span> <span class='ocrx_word' id='word_1_32' title='bbox 845 408 1038 462; x_wconf 80' lang='grc' dir='ltr'><strong><em>διηνεκῶς</em></strong></span> <span class='ocrx_word' id='word_1_33' title='bbox 1066 404 1268 463; x_wconf 86' lang='grc' dir='ltr'><strong><em>φρούριον</em></strong></span> <span class='ocrx_word' id='word_1_34' title='bbox 1301 405 1403 461; x_wconf 71' lang='grc' dir='ltr'><strong><em>ἴχειν</em></strong></span> <span class='ocrx_word' id='word_1_35' title='bbox 1435 404 1589 451; x_wconf 81' lang='grc' dir='ltr'><strong><em>ἀθά-Ο</em></strong></span> <span class='ocrx_word' id='word_1_36' title='bbox 1684 395 1694 405; x_wconf 55' lang='lat'>⁸</span> 
     </span>
     <span class='ocr_line' id='line_1_5' title="bbox 70 474 1552 536; baseline -0.003 -14"><span class='ocrx_word' id='word_1_37' title='bbox 70 496 197 522; x_wconf 88' lang='grc' dir='ltr'><strong><em>νατον</em></strong></span> <span class='ocrx_word' id='word_1_38' title='bbox 230 480 300 526; x_wconf 82' lang='grc' dir='ltr'>καὶ</span> <span class='ocrx_word' id='word_1_39' title='bbox 329 477 511 536; x_wconf 75' lang='grc' dir='ltr'><strong><em>ἄγκυραν</em></strong></span> <span class='ocrx_word' id='word_1_40' title='bbox 543 477 712 535; x_wconf 78' lang='grc' dir='ltr'><em>ἀσφαλῆ</em></span> <span class='ocrx_word' id='word_1_41' title='bbox 745 480 912 534; x_wconf 87' lang='grc' dir='ltr'><strong><em>πρῶτον</em></strong></span> <span class='ocrx_word' id='word_1_42' title='bbox 941 476 1017 531; x_wconf 78' lang='grc' dir='ltr'><strong><em>μὲν</em></strong></span> <span class='ocrx_word' id='word_1_43' title='bbox 1047 475 1124 526; x_wconf 78' lang='grc' dir='ltr'>τὰς</span> <span class='ocrx_word' id='word_1_44' title='bbox 1153 475 1258 532; x_wconf 79' lang='grc' dir='ltr'><strong><em>πρὸς</em></strong></span> <span class='ocrx_word' id='word_1_45' title='bbox 1290 475 1393 518; x_wconf 83' lang='grc' dir='ltr'><strong><em>θεὸν</em></strong></span> <span class='ocrx_word' id='word_1_46' title='bbox 1416 474 1552 530; x_wconf 84' lang='grc' dir='ltr'><strong><em>ἀναμ-</em></strong></span> 
     </span>
     <span class='ocr_line' id='line_1_6' title="bbox 43 542 1553 606; baseline -0.002 -15"><span class='ocrx_word' id='word_1_47' title='bbox 43 546 359 606; x_wconf 81' lang='grc' dir='ltr'><strong><em>5φισβητήτους</em></strong></span> <span class='ocrx_word' id='word_1_48' title='bbox 386 548 577 600; x_wconf 80' lang='grc' dir='ltr'><strong><em>ε’λπίδας,</em></strong></span> <span class='ocrx_word' id='word_1_49' title='bbox 595 547 599 551; x_wconf 73' lang='grc'><strong>’</strong></span> <span class='ocrx_word' id='word_1_50' title='bbox 615 548 684 590; x_wconf 83' lang='grc' dir='ltr'>καὶ</span> <span class='ocrx_word' id='word_1_51' title='bbox 715 545 790 601; x_wconf 77' lang='grc' dir='ltr'>τὴν</span> <span class='ocrx_word' id='word_1_52' title='bbox 817 546 972 588; x_wconf 74' lang='grc' dir='ltr'><strong><em>ἐκεῖθεν</em></strong></span> <span class='ocrx_word' id='word_1_53' title='bbox 990 543 1199 601; x_wconf 76' lang='grc' dir='ltr'><strong><em>ἀκήρατον</em></strong></span> <span class='ocrx_word' id='word_1_54' title='bbox 1222 542 1411 599; x_wconf 86' lang='grc' dir='ltr'><strong><em>δύναμιν·</em></strong></span> <span class='ocrx_word' id='word_1_55' title='bbox 1445 545 1553 588; x_wconf 69' lang='grc' dir='ltr'><strong><em>ἔνθα</em></strong></span> 
     </span>
     <span class='ocr_line' id='line_1_7' title="bbox 69 604 1551 676; baseline -0.003 -16"><span class='ocrx_word' id='word_1_56' title='bbox 69 615 185 676; x_wconf 81' lang='grc' dir='ltr'><strong><em>μόνῳ</em></strong></span> <span class='ocrx_word' id='word_1_57' title='bbox 204 616 509 673; x_wconf 76' lang='grc' dir='ltr'><strong><em>γεωργουμένης</em></strong></span> <span class='ocrx_word' id='word_1_58' title='bbox 525 620 600 672; x_wconf 77' lang='grc' dir='ltr'>τῆς</span> <span class='ocrx_word' id='word_1_59' title='bbox 615 613 779 672; x_wconf 80' lang='grc' dir='ltr'><strong><em>γνώμης</em></strong></span> <span class='ocrx_word' id='word_1_60' title='bbox 797 619 857 673; x_wconf 80' lang='grc' dir='ltr'><strong><em>τῷ</em></strong></span> <span class='ocrx_word' id='word_1_61' title='bbox 875 619 959 657; x_wconf 87' lang='grc' dir='ltr'>τῶν</span> <span class='ocrx_word' id='word_1_62' title='bbox 981 612 1148 669; x_wconf 80' lang='grc' dir='ltr'><strong><em>ἀδήλων</em></strong></span> <span class='ocrx_word' id='word_1_63' title='bbox 1170 612 1326 672; x_wconf 81' lang='grc' dir='ltr'><strong><em>ε’πόπτῃ</em></strong></span> <span class='ocrx_word' id='word_1_64' title='bbox 1354 618 1463 673; x_wconf 79' lang='grc' dir='ltr'><strong><em>θεῷ,</em></strong></span> <span class='ocrx_word' id='word_1_65' title='bbox 1502 604 1551 657; x_wconf 82' lang='grc' dir='ltr'><strong><em>τὸ</em></strong></span> 
     </span>
     <span class='ocr_line' id='line_1_8' title="bbox 68 681 1547 744; baseline -0.001 -15"><span class='ocrx_word' id='word_1_66' title='bbox 68 691 144 742; x_wconf 81' lang='grc' dir='ltr'>τῆς</span> <span class='ocrx_word' id='word_1_67' title='bbox 169 686 397 744; x_wconf 83' lang='grc' dir='ltr'><strong><em>ἀσφαλείας</em></strong></span> <span class='ocrx_word' id='word_1_68' title='bbox 426 683 666 742; x_wconf 75' lang='grc' dir='ltr'><strong><em>ἀμάραντον</em></strong></span> <span class='ocrx_word' id='word_1_69' title='bbox 700 684 762 726; x_wconf 80' lang='grc' dir='ltr'><strong><em>ἀεὶ</em></strong></span> <span class='ocrx_word' id='word_1_70' title='bbox 789 683 967 738; x_wconf 80' lang='grc' dir='ltr'><strong><em>διαμένει</em></strong></span> <span class='ocrx_word' id='word_1_71' title='bbox 998 681 1259 737; x_wconf 79' lang='grc' dir='ltr'><strong><em>βλαστάνον,</em></strong></span> <span class='ocrx_word' id='word_1_72' title='bbox 1295 681 1406 738; x_wconf 77' lang='grc' dir='ltr'><strong><em>μήθ’</em></strong></span> <span class='ocrx_word' id='word_1_73' title='bbox 1428 682 1547 738; x_wconf 80' lang='grc' dir='ltr'><strong><em>ἥλιον</em></strong></span> 
     </span>
     <span class='ocr_line' id='line_1_9' title="bbox 68 750 1545 812; baseline -0.001 -14"><span class='ocrx_word' id='word_1_74' title='bbox 68 755 282 812; x_wconf 87' lang='grc' dir='ltr'><strong><em>περιμένον</em></strong></span> <span class='ocrx_word' id='word_1_75' title='bbox 315 754 391 811; x_wconf 76' lang='grc' dir='ltr'>τὴν</span> <span class='ocrx_word' id='word_1_76' title='bbox 419 758 495 797; x_wconf 84' lang='grc' dir='ltr'><strong><em>τοῦ</em></strong></span> <span class='ocrx_word' id='word_1_77' title='bbox 518 756 746 812; x_wconf 86' lang='grc' dir='ltr'><strong><em>κρείττονος</em></strong></span> <span class='ocrx_word' id='word_1_78' title='bbox 767 750 1070 808; x_wconf 70' lang='grc' dir='ltr'><strong><em>ἑρμηνεύσοντα</em></strong></span> <span class='ocrx_word' id='word_1_79' title='bbox 1091 754 1249 809; x_wconf 89' lang='grc' dir='ltr'><strong><em>κρίσιν,</em></strong></span> <span class='ocrx_word' id='word_1_80' title='bbox 1294 750 1399 808; x_wconf 80' lang='grc' dir='ltr'><strong><em>μήτε</em></strong></span> <span class='ocrx_word' id='word_1_81' title='bbox 1419 750 1545 796; x_wconf 85' lang='grc' dir='ltr'><strong><em>Πλά-</em></strong></span> 
     </span>
     <span class='ocr_line' id='line_1_10' title="bbox 68 819 1584 880; baseline -0.003 -13"><span class='ocrx_word' id='word_1_82' title='bbox 68 825 199 875; x_wconf 86' lang='grc' dir='ltr'><strong><em>τωνος</em></strong></span> <span class='ocrx_word' id='word_1_83' title='bbox 228 825 297 867; x_wconf 82' lang='grc' dir='ltr'>καὶ</span> <span class='ocrx_word' id='word_1_84' title='bbox 317 824 624 880; x_wconf 86' lang='grc' dir='ltr'><strong><em>Δημοσθένους</em></strong></span> <span class='ocrx_word' id='word_1_85' title='bbox 642 826 830 879; x_wconf 88' lang='grc' dir='ltr'><strong><em>γλῶτταν</em></strong></span> <span class='ocrx_word' id='word_1_86' title='bbox 850 819 986 878; x_wconf 79' lang='grc' dir='ltr'><strong><em>ἇβράν</em></strong></span> <span class='ocrx_word' id='word_1_87' title='bbox 1008 823 1076 864; x_wconf 81' lang='grc' dir='ltr'>καὶ</span> <span class='ocrx_word' id='word_1_88' title='bbox 1091 820 1207 875; x_wconf 90' lang='grc' dir='ltr'><strong><em>μάλα</em></strong></span> <span class='ocrx_word' id='word_1_89' title='bbox 1236 825 1436 877; x_wconf 79' lang='grc' dir='ltr'><strong><em>λαμπρῶς</em></strong></span> <span class='ocrx_word' id='word_1_90' title='bbox 1452 822 1584 865; x_wconf 65' lang='lat' dir='ltr'>{At-D</span> 
     </span>
     <span class='ocr_line' id='line_1_11' title="bbox 17 888 1553 947; baseline -0.002 -11"><span class='ocrx_word' id='word_1_91' title='bbox 17 900 64 936; x_wconf 84' lang='lat'>10</span> <span class='ocrx_word' id='word_1_92' title='bbox 75 895 306 946; x_wconf 83' lang='grc' dir='ltr'><strong><em>τικίζουσαν</em></strong></span> <span class='ocrx_word' id='word_1_93' title='bbox 318 907 329 918; x_wconf 88' lang='grc'><em>·</em></span> <span class='ocrx_word' id='word_1_94' title='bbox 367 892 455 936; x_wconf 82' lang='grc' dir='ltr'><strong><em>ἀλλ’</em></strong></span> <span class='ocrx_word' id='word_1_95' title='bbox 479 890 724 947; x_wconf 80' lang='grc' dir='ltr'><strong><em>αὐτομάτως</em></strong></span> <span class='ocrx_word' id='word_1_96' title='bbox 741 891 810 934; x_wconf 82' lang='grc' dir='ltr'>διὰ</span> <span class='ocrx_word' id='word_1_97' title='bbox 827 896 903 947; x_wconf 83' lang='grc' dir='ltr'>τῆς</span> <span class='ocrx_word' id='word_1_98' title='bbox 923 895 1006 934; x_wconf 88' lang='grc' dir='ltr'>τῶν</span> <span class='ocrx_word' id='word_1_99' title='bbox 1024 888 1277 947; x_wconf 71' lang='grc' dir='ltr'><strong><em>πραγμάτων</em></strong></span> <span class='ocrx_word' id='word_1_100' title='bbox 1296 890 1553 942; x_wconf 76' lang='grc' dir='ltr'><strong><em>ἀκολουθίας</em></strong></span> 
     </span>
     <span class='ocr_line' id='line_1_12' title="bbox 69 954 1551 1018; baseline -0.001 -13"><span class='ocrx_word' id='word_1_101' title='bbox 69 963 132 1005; x_wconf 71' lang='grc' dir='ltr'>ἐπὶ</span> <span class='ocrx_word' id='word_1_102' title='bbox 152 963 281 1018; x_wconf 80' lang='grc' dir='ltr'><strong><em>μέσης</em></strong></span> <span class='ocrx_word' id='word_1_103' title='bbox 309 961 357 1006; x_wconf 78' lang='grc' dir='ltr'><strong><em>τὸ</em></strong></span> <span class='ocrx_word' id='word_1_104' title='bbox 387 966 539 1016; x_wconf 78' lang='grc' dir='ltr'><strong><em>θαῦμα</em></strong></span> <span class='ocrx_word' id='word_1_105' title='bbox 564 962 785 1016; x_wconf 80' lang='grc' dir='ltr'><strong><em>μονονουχὶ</em></strong></span> <span class='ocrx_word' id='word_1_106' title='bbox 801 959 1004 1017; x_wconf 87' lang='grc' dir='ltr'><strong><em>κηρύττον</em></strong></span> <span class='ocrx_word' id='word_1_107' title='bbox 1026 964 1101 1015; x_wconf 88' lang='grc' dir='ltr'>τῆς</span> <span class='ocrx_word' id='word_1_108' title='bbox 1121 959 1372 1015; x_wconf 82' lang='grc' dir='ltr'><strong><em>οῗκουμένης.</em></strong></span> <span class='ocrx_word' id='word_1_109' title='bbox 1410 954 1453 1003; x_wconf 69' lang='grc' dir='ltr'><strong><em>ἓν</em></strong></span> <span class='ocrx_word' id='word_1_110' title='bbox 1474 962 1551 1015; x_wconf 71' lang='grc' dir='ltr'><strong><em>μὲν</em></strong></span> 
     </span>
     <span class='ocr_line' id='line_1_13' title="bbox 68 1027 1593 1090; baseline -0.003 -15"><span class='ocrx_word' id='word_1_111' title='bbox 68 1032 147 1090; x_wconf 79' lang='grc' dir='ltr'><strong><em>γὰρ</em></strong></span> <span class='ocrx_word' id='word_1_112' title='bbox 168 1039 259 1082; x_wconf 80' lang='grc' dir='ltr'><strong><em>ταῖς</em></strong></span> <span class='ocrx_word' id='word_1_113' title='bbox 287 1036 371 1076; x_wconf 87' lang='grc' dir='ltr'>τῶν</span> <span class='ocrx_word' id='word_1_114' title='bbox 391 1032 654 1088; x_wconf 86' lang='grc' dir='ltr'><strong><em>προσκαίρων</em></strong></span> <span class='ocrx_word' id='word_1_115' title='bbox 672 1034 867 1087; x_wconf 85' lang='grc' dir='ltr'><strong><em>φρουρῶν</em></strong></span> <span class='ocrx_word' id='word_1_116' title='bbox 889 1031 956 1072; x_wconf 81' lang='grc' dir='ltr'>καὶ</span> <span class='ocrx_word' id='word_1_117' title='bbox 974 1027 1260 1086; x_wconf 77' lang='grc' dir='ltr'><strong><em>πυργωμάτων</em></strong></span> <span class='ocrx_word' id='word_1_118' title='bbox 1283 1037 1463 1086; x_wconf 78' lang='grc' dir='ltr'><strong><em>τρυφαῖς</em></strong></span> <span class='ocrx_word' id='word_1_119' title='bbox 1480 1032 1551 1072; x_wconf 81' lang='grc' dir='ltr'><strong><em>καὶ.</em></strong></span> <span class='ocrx_word' id='word_1_120' title='bbox 1588 1030 1593 1033; x_wconf 76' lang='grc'><strong>’</strong></span> 
     </span>
     <span class='ocr_line' id='line_1_14' title="bbox 67 1097 1553 1157; baseline -0.002 -13"><span class='ocrx_word' id='word_1_121' title='bbox 67 1102 280 1156; x_wconf 83' lang='grc' dir='ltr'><strong><em>βλακείαις</em></strong></span> <span class='ocrx_word' id='word_1_122' title='bbox 311 1100 417 1156; x_wconf 78' lang='grc' dir='ltr'><strong><em>ταχὺ</em></strong></span> <span class='ocrx_word' id='word_1_123' title='bbox 448 1100 497 1144; x_wconf 79' lang='grc' dir='ltr'><strong><em>τὸ</em></strong></span> <span class='ocrx_word' id='word_1_124' title='bbox 530 1099 703 1157; x_wconf 82' lang='grc' dir='ltr'><strong><em>τερπνὸν</em></strong></span> <span class='ocrx_word' id='word_1_125' title='bbox 725 1097 979 1154; x_wconf 73' lang='grc' dir='ltr'><strong><em>ἀποθνήσκει</em></strong></span> <span class='ocrx_word' id='word_1_126' title='bbox 1006 1103 1081 1155; x_wconf 79' lang='grc' dir='ltr'>τῆς</span> <span class='ocrx_word' id='word_1_127' title='bbox 1100 1098 1212 1156; x_wconf 84' lang='grc' dir='ltr'><strong><em>ὥρας</em></strong></span> <span class='ocrx_word' id='word_1_128' title='bbox 1230 1097 1436 1156; x_wconf 73' lang='grc' dir='ltr'><strong><em>ἐφήμερον</em></strong></span> <span class='ocrx_word' id='word_1_129' title='bbox 1459 1099 1553 1154; x_wconf 73' lang='grc' dir='ltr'><strong><em>ἕχον</em></strong></span> 
     </span>
     <span class='ocr_line' id='line_1_15' title="bbox 68 1167 1551 1228; baseline -0.002 -15"><span class='ocrx_word' id='word_1_130' title='bbox 68 1171 145 1227; x_wconf 78' lang='grc' dir='ltr'>τὴν</span> <span class='ocrx_word' id='word_1_131' title='bbox 178 1170 304 1228; x_wconf 78' lang='grc' dir='ltr'><strong><em>ῥίζαν.</em></strong></span> <span class='ocrx_word' id='word_1_132' title='bbox 343 1170 422 1226; x_wconf 71' lang='grc' dir='ltr'>ἐγὼ</span> <span class='ocrx_word' id='word_1_133' title='bbox 455 1170 501 1213; x_wconf 77' lang='grc' dir='ltr'>δὲ</span> <span class='ocrx_word' id='word_1_134' title='bbox 531 1169 609 1220; x_wconf 83' lang='grc' dir='ltr'>τὰς</span> <span class='ocrx_word' id='word_1_135' title='bbox 637 1173 722 1212; x_wconf 86' lang='grc' dir='ltr'>τῶν</span> <span class='ocrx_word' id='word_1_136' title='bbox 763 1167 1001 1226; x_wconf 83' lang='grc' dir='ltr'><strong><em>ἀνθρώπων</em></strong></span> <span class='ocrx_word' id='word_1_137' title='bbox 1043 1168 1185 1224; x_wconf 82' lang='grc' dir='ltr'><strong><em>ψυχὰς</em></strong></span> <span class='ocrx_word' id='word_1_138' title='bbox 1223 1169 1390 1227; x_wconf 70' lang='grc' dir='ltr'><strong><em>ἐμαυτῷ</em></strong></span> <span class='ocrx_word' id='word_1_139' title='bbox 1428 1185 1551 1211; x_wconf 89' lang='grc' dir='ltr'><strong><em>κατε-</em></strong></span> 
     </span>
     <span class='ocr_line' id='line_1_16' title="bbox 13 1236 1587 1297; baseline -0.002 -15"><span class='ocrx_word' id='word_1_140' title='bbox 13 1247 58 1284; x_wconf 88' lang='grc'>15</span> <span class='ocrx_word' id='word_1_141' title='bbox 70 1238 251 1283; x_wconf 81' lang='grc' dir='ltr'><strong><em>σκεύασα</em></strong></span> <span class='ocrx_word' id='word_1_142' title='bbox 270 1237 451 1297; x_wconf 82' lang='grc' dir='ltr'><strong><em>φρούρια</em></strong></span> <span class='ocrx_word' id='word_1_143' title='bbox 485 1240 554 1282; x_wconf 80' lang='grc' dir='ltr'>καὶ</span> <span class='ocrx_word' id='word_1_144' title='bbox 582 1236 764 1295; x_wconf 78' lang='grc' dir='ltr'><strong><em>πύργους</em></strong></span> <span class='ocrx_word' id='word_1_145' title='bbox 784 1242 1051 1294; x_wconf 82' lang='grc' dir='ltr'><strong><em>παμπληθεῖς</em></strong></span> <span class='ocrx_word' id='word_1_146' title='bbox 1068 1255 1111 1280; x_wconf 91' lang='grc' dir='ltr'><strong><em>τε</em></strong></span> <span class='ocrx_word' id='word_1_147' title='bbox 1136 1239 1205 1280; x_wconf 83' lang='grc' dir='ltr'>καὶ</span> <span class='ocrx_word' id='word_1_148' title='bbox 1229 1237 1451 1295; x_wconf 82' lang='grc' dir='ltr'><strong><em>ἀσφαλεῖς,</em></strong></span> <span class='ocrx_word' id='word_1_149' title='bbox 1491 1238 1587 1288; x_wconf 77' lang='grc' dir='ltr'><strong><em>εῗςΕ</em></strong></span> 
     </span>
     <span class='ocr_line' id='line_1_17' title="bbox 69 1305 1552 1367; baseline -0.002 -14"><span class='ocrx_word' id='word_1_150' title='bbox 69 1308 142 1359; x_wconf 69' lang='grc' dir='ltr'><strong><em>οὓς</em></strong></span> <span class='ocrx_word' id='word_1_151' title='bbox 161 1309 395 1364; x_wconf 77' lang='grc' dir='ltr'><strong><em>ἓμβέβληκα</em></strong></span> <span class='ocrx_word' id='word_1_152' title='bbox 417 1308 554 1367; x_wconf 87' lang='grc' dir='ltr'><strong><em>φέρων</em></strong></span> <span class='ocrx_word' id='word_1_153' title='bbox 573 1308 699 1358; x_wconf 82' lang='grc' dir='ltr'><strong><em>αὐτὸς</em></strong></span> <span class='ocrx_word' id='word_1_154' title='bbox 716 1308 791 1364; x_wconf 81' lang='grc' dir='ltr'>τὴν</span> <span class='ocrx_word' id='word_1_155' title='bbox 812 1308 994 1362; x_wconf 73' lang='grc' dir='ltr'><strong><em>ἐμαυτοῦ</em></strong></span> <span class='ocrx_word' id='word_1_156' title='bbox 1013 1305 1167 1363; x_wconf 80' lang='grc' dir='ltr'><strong><em>ψυχήν.</em></strong></span> <span class='ocrx_word' id='word_1_157' title='bbox 1205 1309 1272 1350; x_wconf 78' lang='grc' dir='ltr'>καὶ</span> <span class='ocrx_word' id='word_1_158' title='bbox 1288 1305 1310 1350; x_wconf 81' lang='grc' dir='ltr'><em>ὃ</em></span> <span class='ocrx_word' id='word_1_159' title='bbox 1330 1307 1406 1362; x_wconf 74' lang='grc' dir='ltr'><strong><em>μὲν</em></strong></span> <span class='ocrx_word' id='word_1_160' title='bbox 1424 1305 1552 1350; x_wconf 83' lang='grc' dir='ltr'><strong><em>Πλά-</em></strong></span> 
     </span>
     <span class='ocr_line' id='line_1_18' title="bbox 67 1374 1550 1437; baseline -0.003 -15"><span class='ocrx_word' id='word_1_161' title='bbox 67 1396 150 1422; x_wconf 88' lang='grc' dir='ltr'><strong><em>των</em></strong></span> <span class='ocrx_word' id='word_1_162' title='bbox 174 1379 217 1421; x_wconf 79' lang='grc' dir='ltr'><strong><em>ἓν</em></strong></span> <span class='ocrx_word' id='word_1_163' title='bbox 252 1378 456 1437; x_wconf 82' lang='grc' dir='ltr'><strong><em>ἀλλοτρίῳ</em></strong></span> <span class='ocrx_word' id='word_1_164' title='bbox 482 1375 644 1432; x_wconf 82' lang='grc' dir='ltr'><strong><em>σώματι</em></strong></span> <span class='ocrx_word' id='word_1_165' title='bbox 675 1379 746 1435; x_wconf 81' lang='grc' dir='ltr'><strong><em>ζῇν</em></strong></span> <span class='ocrx_word' id='word_1_166' title='bbox 772 1376 847 1433; x_wconf 85' lang='grc' dir='ltr'>τὴν</span> <span class='ocrx_word' id='word_1_167' title='bbox 872 1381 949 1420; x_wconf 85' lang='grc' dir='ltr'><strong><em>τοῦ</em></strong></span> <span class='ocrx_word' id='word_1_168' title='bbox 980 1377 1157 1434; x_wconf 72' lang='grc' dir='ltr'><strong><em>ἐρῶντος</em></strong></span> <span class='ocrx_word' id='word_1_169' title='bbox 1177 1375 1256 1433; x_wconf 65' lang='grc' dir='ltr'>ἔφη</span> <span class='ocrx_word' id='word_1_170' title='bbox 1273 1374 1436 1432; x_wconf 79' lang='grc' dir='ltr'><strong><em>ψυχήν·</em></strong></span> <span class='ocrx_word' id='word_1_171' title='bbox 1473 1377 1550 1432; x_wconf 81' lang='grc' dir='ltr'>τὴν</span> 
     </span>
     <span class='ocr_line' id='line_1_19' title="bbox 68 1444 1597 1504; baseline -0.002 -14"><span class='ocrx_word' id='word_1_172' title='bbox 68 1447 114 1491; x_wconf 81' lang='grc' dir='ltr'>δ’</span> <span class='ocrx_word' id='word_1_173' title='bbox 147 1447 250 1504; x_wconf 71' lang='grc' dir='ltr'><strong><em>ἐμὴν</em></strong></span> <span class='ocrx_word' id='word_1_174' title='bbox 275 1447 417 1503; x_wconf 81' lang='grc' dir='ltr'><strong><em>ψυχὴν</em></strong></span> <span class='ocrx_word' id='word_1_175' title='bbox 448 1447 523 1491; x_wconf 82' lang='grc' dir='ltr'><strong><em>οὔκ</em></strong></span> <span class='ocrx_word' id='word_1_176' title='bbox 555 1448 599 1490; x_wconf 75' lang='grc' dir='ltr'><strong><em>ἓν</em></strong></span> <span class='ocrx_word' id='word_1_177' title='bbox 633 1446 862 1504; x_wconf 86' lang='grc' dir='ltr'><strong><em>ἀλλοτρίοις</em></strong></span> <span class='ocrx_word' id='word_1_178' title='bbox 886 1444 1096 1501; x_wconf 81' lang='grc' dir='ltr'><strong><em>σώμασιν,</em></strong></span> <span class='ocrx_word' id='word_1_179' title='bbox 1135 1446 1223 1488; x_wconf 78' lang='grc' dir='ltr'><strong><em>ἀλλ’</em></strong></span> <span class='ocrx_word' id='word_1_180' title='bbox 1246 1447 1290 1488; x_wconf 74' lang='grc' dir='ltr'><strong><em>ἓν</em></strong></span> <span class='ocrx_word' id='word_1_181' title='bbox 1311 1446 1549 1503; x_wconf 87' lang='grc' dir='ltr'><strong><em>ἀλλοτρίαις</em></strong></span> <span class='ocrx_word' id='word_1_182' title='bbox 1593 1479 1597 1483; x_wconf 90' lang='grc'>.</span> 
     </span>
     <span class='ocr_line' id='line_1_20' title="bbox 68 1513 1550 1575; baseline -0.001 -16"><span class='ocrx_word' id='word_1_183' title='bbox 68 1517 302 1573; x_wconf 72' lang='grc' dir='ltr'><strong><em>συνηνέχθη</em></strong></span> <span class='ocrx_word' id='word_1_184' title='bbox 331 1519 402 1575; x_wconf 78' lang='grc' dir='ltr'><strong><em>ζῇν</em></strong></span> <span class='ocrx_word' id='word_1_185' title='bbox 428 1523 520 1567; x_wconf 82' lang='grc' dir='ltr'><strong><em>ταῖς</em></strong></span> <span class='ocrx_word' id='word_1_186' title='bbox 546 1523 716 1572; x_wconf 82' lang='grc' dir='ltr'><strong><em>ψυχαῖς.</em></strong></span> <span class='ocrx_word' id='word_1_187' title='bbox 760 1516 867 1572; x_wconf 77' lang='grc' dir='ltr'><strong><em>μηδὲ</em></strong></span> <span class='ocrx_word' id='word_1_188' title='bbox 893 1516 973 1573; x_wconf 82' lang='grc' dir='ltr'><strong><em>γὰρ</em></strong></span> <span class='ocrx_word' id='word_1_189' title='bbox 994 1513 1227 1571; x_wconf 90' lang='grc' dir='ltr'><strong><em>σωμάτων,</em></strong></span> <span class='ocrx_word' id='word_1_190' title='bbox 1264 1515 1370 1558; x_wconf 81' lang='grc' dir='ltr'><strong><em>ἀλλὰ</em></strong></span> <span class='ocrx_word' id='word_1_191' title='bbox 1401 1520 1550 1570; x_wconf 85' lang='grc' dir='ltr'><strong><em>ψυχῶν</em></strong></span> 
     </span>
     <span class='ocr_line' id='line_1_21' title="bbox 10 1576 1547 1644; baseline -0.002 -15"><span class='ocrx_word' id='word_1_192' title='bbox 10 1584 266 1644; x_wconf 63' lang='grc' dir='ltr'><strong><em>Ξοῦπάρχων</em></strong></span> <span class='ocrx_word' id='word_1_193' title='bbox 297 1586 423 1636; x_wconf 76' lang='grc' dir='ltr'><strong><em>αὐτὸς</em></strong></span> <span class='ocrx_word' id='word_1_194' title='bbox 458 1576 665 1643; x_wconf 74' lang='grc' dir='ltr'><strong><em>ἐραστὴς,</em></strong></span> <span class='ocrx_word' id='word_1_195' title='bbox 706 1587 774 1628; x_wconf 82' lang='grc' dir='ltr'>καὶ</span> <span class='ocrx_word' id='word_1_196' title='bbox 805 1585 946 1640; x_wconf 82' lang='grc' dir='ltr'><strong><em>ψυχὰς</em></strong></span> <span class='ocrx_word' id='word_1_197' title='bbox 975 1585 1073 1635; x_wconf 68' lang='grc' dir='ltr'><strong><em>τούς</em></strong></span> <span class='ocrx_word' id='word_1_198' title='bbox 1100 1583 1279 1642; x_wconf 71' lang='grc' dir='ltr'><strong><em>ἐραστὰς</em></strong></span> <span class='ocrx_word' id='word_1_199' title='bbox 1316 1581 1547 1639; x_wconf 77' lang='grc' dir='ltr'><strong><em>εὐτύχησα·</em></strong></span> 
     </span>
     <span class='ocr_line' id='line_1_22' title="bbox 67 1651 1544 1712; baseline -0.001 -14"><span class='ocrx_word' id='word_1_200' title='bbox 67 1657 135 1698; x_wconf 81' lang='grc' dir='ltr'><strong><em>καὶ</em></strong></span> <span class='ocrx_word' id='word_1_201' title='bbox 155 1653 308 1712; x_wconf 86' lang='grc' dir='ltr'><strong><em>τρόπον</em></strong></span> <span class='ocrx_word' id='word_1_202' title='bbox 333 1655 470 1712; x_wconf 71' lang='grc' dir='ltr'><strong><em>ἕτερον</em></strong></span> <span class='ocrx_word' id='word_1_203' title='bbox 492 1652 706 1710; x_wconf 71' lang='grc' dir='ltr'><strong><em>ἐμψύχους</em></strong></span> <span class='ocrx_word' id='word_1_204' title='bbox 735 1654 811 1704; x_wconf 84' lang='grc' dir='ltr'>τὰς</span> <span class='ocrx_word' id='word_1_205' title='bbox 841 1658 925 1697; x_wconf 85' lang='grc' dir='ltr'>τῶν</span> <span class='ocrx_word' id='word_1_206' title='bbox 949 1655 1149 1697; x_wconf 86' lang='grc' dir='ltr'><strong><em>πλείστων</em></strong></span> <span class='ocrx_word' id='word_1_207' title='bbox 1181 1653 1370 1709; x_wconf 80' lang='grc' dir='ltr'><strong><em>πέπραχα</em></strong></span> <span class='ocrx_word' id='word_1_208' title='bbox 1390 1651 1544 1708; x_wconf 85' lang='grc' dir='ltr'><strong><em>ψυχάς.</em></strong></span> 
     </span>
     <span class='ocr_line' id='line_1_23' title="bbox 66 1720 1584 1783; baseline -0.003 -16"><span class='ocrx_word' id='word_1_209' title='bbox 66 1722 279 1774; x_wconf 84' lang='grc' dir='ltr'><strong><em>τοιούτους</em></strong></span> <span class='ocrx_word' id='word_1_210' title='bbox 301 1725 467 1783; x_wconf 72' lang='grc' dir='ltr'><strong><em>ἐμαυτῷ</em></strong></span> <span class='ocrx_word' id='word_1_211' title='bbox 494 1721 770 1766; x_wconf 83' lang='grc' dir='ltr'><strong><em>κατεσκεύακα</em></strong></span> <span class='ocrx_word' id='word_1_212' title='bbox 791 1720 970 1781; x_wconf 81' lang='grc' dir='ltr'><strong><em>πύργους</em></strong></span> <span class='ocrx_word' id='word_1_213' title='bbox 988 1722 1088 1779; x_wconf 75' lang='grc' dir='ltr'><strong><em>ἐγὼ,</em></strong></span> <span class='ocrx_word' id='word_1_214' title='bbox 1125 1723 1193 1765; x_wconf 81' lang='grc' dir='ltr'>καὶ</span> <span class='ocrx_word' id='word_1_215' title='bbox 1211 1721 1321 1766; x_wconf 76' lang='grc' dir='ltr'><strong><em>οὕτω</em></strong></span> <span class='ocrx_word' id='word_1_216' title='bbox 1338 1722 1444 1777; x_wconf 81' lang='grc' dir='ltr'><strong><em>μετὰ</em></strong></span> <span class='ocrx_word' id='word_1_217' title='bbox 1462 1721 1584 1764; x_wconf 66' lang='lat' dir='ltr'>nsi-1⁴*</span> 
     </span>
     <span class='ocr_line' id='line_1_24' title="bbox 66 1789 1547 1851; baseline -0.002 -14"><span class='ocrx_word' id='word_1_218' title='bbox 66 1811 143 1850; x_wconf 84' lang='grc' dir='ltr'><strong><em>σης</em></strong></span> <span class='ocrx_word' id='word_1_219' title='bbox 160 1791 343 1851; x_wconf 75' lang='grc' dir='ltr'><strong><em>γαλήνης</em></strong></span> <span class='ocrx_word' id='word_1_220' title='bbox 369 1795 438 1849; x_wconf 85' lang='grc' dir='ltr'>καὶ</span> <span class='ocrx_word' id='word_1_221' title='bbox 465 1790 619 1849; x_wconf 75' lang='grc' dir='ltr'><strong><em>ἡδονῆς</em></strong></span> <span class='ocrx_word' id='word_1_222' title='bbox 628 1826 642 1845; x_wconf 90' lang='grc'><strong><em>,</em></strong></span> <span class='ocrx_word' id='word_1_223' title='bbox 679 1794 748 1835; x_wconf 83' lang='grc' dir='ltr'>καὶ</span> <span class='ocrx_word' id='word_1_224' title='bbox 768 1793 863 1847; x_wconf 86' lang='grc' dir='ltr'><strong><em>δίχα</em></strong></span> <span class='ocrx_word' id='word_1_225' title='bbox 881 1796 1004 1836; x_wconf 88' lang='grc' dir='ltr'><strong><em>τινῶν</em></strong></span> <span class='ocrx_word' id='word_1_226' title='bbox 1031 1790 1277 1845; x_wconf 77' lang='grc' dir='ltr'><strong><em>ἕλεπόλεων,</em></strong></span> <span class='ocrx_word' id='word_1_227' title='bbox 1314 1791 1390 1842; x_wconf 82' lang='grc' dir='ltr'>τὰς</span> <span class='ocrx_word' id='word_1_228' title='bbox 1412 1789 1547 1834; x_wconf 75' lang='grc' dir='ltr'><strong><em>ἀπάν-</em></strong></span> 
     </span>
     <span class='ocr_line' id='line_1_25' title="bbox 64 1859 1550 1922; baseline -0.002 -15"><span class='ocrx_word' id='word_1_229' title='bbox 64 1880 149 1907; x_wconf 87' lang='grc' dir='ltr'><strong><em>των</em></strong></span> <span class='ocrx_word' id='word_1_230' title='bbox 175 1867 394 1921; x_wconf 82' lang='grc' dir='ltr'><strong><em>χειροῦμαι</em></strong></span> <span class='ocrx_word' id='word_1_231' title='bbox 426 1860 502 1906; x_wconf 85' lang='grc' dir='ltr'><strong><em>σύν</em></strong></span> <span class='ocrx_word' id='word_1_232' title='bbox 530 1878 575 1920; x_wconf 81' lang='grc' dir='ltr'>γε</span> <span class='ocrx_word' id='word_1_233' title='bbox 612 1866 701 1922; x_wconf 78' lang='grc' dir='ltr'>θεῷ</span> <span class='ocrx_word' id='word_1_234' title='bbox 733 1861 942 1912; x_wconf 73' lang='grc' dir='ltr'><strong><em>διαθέσεις</em></strong></span> <span class='ocrx_word' id='word_1_235' title='bbox 972 1861 1042 1905; x_wconf 81' lang='grc' dir='ltr'>καὶ</span> <span class='ocrx_word' id='word_1_236' title='bbox 1076 1859 1268 1919; x_wconf 81' lang='grc' dir='ltr'><strong><em>γνώμας·</em></strong></span> <span class='ocrx_word' id='word_1_237' title='bbox 1312 1862 1382 1904; x_wconf 83' lang='grc' dir='ltr'>καὶ</span> <span class='ocrx_word' id='word_1_238' title='bbox 1412 1859 1550 1912; x_wconf 78' lang='grc' dir='ltr'><strong><em>οὕτως</em></strong></span> 
     </span>
    </p>
   </div>
   <div class='ocr_carea' id='block_1_3' title="bbox 155 1966 1546 2020">
    <p class='ocr_par' dir='ltr' id='par_1_3' title="bbox 155 1966 1546 2020">
     <span class='ocr_line' id='line_1_26' title="bbox 155 1966 1546 2020; baseline -0.003 -9"><span class='ocrx_word' id='word_1_239' title='bbox 155 1975 191 2011; x_wconf 84' lang='grc'>1.</span> <span class='ocrx_word' id='word_1_240' title='bbox 215 1969 305 2010; x_wconf 69' lang='grc' dir='ltr'><strong><em>οὐδ’</em></strong></span> <span class='ocrx_word' id='word_1_241' title='bbox 319 1969 386 2020; x_wconf 75' lang='grc' dir='ltr'>ἐφ’</span> <span class='ocrx_word' id='word_1_242' title='bbox 401 1984 465 2008; x_wconf 87' lang='lat' dir='ltr'>em.</span> <span class='ocrx_word' id='word_1_243' title='bbox 482 1972 584 2008; x_wconf 81' lang='lat' dir='ltr'>Boiv.</span> <span class='ocrx_word' id='word_1_244' title='bbox 607 1983 671 2019; x_wconf 87' lang='lat' dir='ltr'>pro</span> <span class='ocrx_word' id='word_1_245' title='bbox 688 1970 735 2011; x_wconf 78' lang='grc' dir='ltr'><strong><em>σῦ</em></strong></span> <span class='ocrx_word' id='word_1_246' title='bbox 759 1966 803 2009; x_wconf 83' lang='grc' dir='ltr'>δ’</span> <span class='ocrx_word' id='word_1_247' title='bbox 821 1967 894 2019; x_wconf 80' lang='grc' dir='ltr'><strong><em>ἐφ’.</em></strong></span> <span class='ocrx_word' id='word_1_248' title='bbox 962 1972 998 2009; x_wconf 91' lang='grc'>7.</span> <span class='ocrx_word' id='word_1_249' title='bbox 1022 1967 1121 2020; x_wconf 75' lang='grc' dir='ltr'>μήθ’</span> <span class='ocrx_word' id='word_1_250' title='bbox 1141 1982 1230 2008; x_wconf 85' lang='lat' dir='ltr'>corr.</span> <span class='ocrx_word' id='word_1_251' title='bbox 1242 1970 1344 2007; x_wconf 81' lang='lat' dir='ltr'>Boiv.</span> <span class='ocrx_word' id='word_1_252' title='bbox 1362 1982 1427 2018; x_wconf 78' lang='lat' dir='ltr'>pro</span> <span class='ocrx_word' id='word_1_253' title='bbox 1438 1971 1546 2017; x_wconf 77' lang='grc' dir='ltr'><strong><em>μεθ’.</em></strong></span> 
     </span>
    </p>
   </div>
   <div class='ocr_carea' id='block_1_4' title="bbox 63 2062 1549 2902">
    <p class='ocr_par' dir='ltr' id='par_1_4' title="bbox 63 2062 1549 2902">
     <span class='ocr_line' id='line_1_27' title="bbox 64 2062 1547 2111; baseline -0.003 -9"><span class='ocrx_word' id='word_1_254' title='bbox 64 2066 222 2102; x_wconf 75' lang='lat' dir='ltr'>nimdam</span> <span class='ocrx_word' id='word_1_255' title='bbox 245 2065 329 2101; x_wconf 86' lang='lat' dir='ltr'>mihi</span> <span class='ocrx_word' id='word_1_256' title='bbox 354 2078 433 2102; x_wconf 84' lang='lat' dir='ltr'>esse</span> <span class='ocrx_word' id='word_1_257' title='bbox 453 2065 556 2108; x_wconf 82' lang='lat' dir='ltr'>duxi,</span> <span class='ocrx_word' id='word_1_258' title='bbox 586 2077 652 2100; x_wconf 91' lang='lat' dir='ltr'>nec</span> <span class='ocrx_word' id='word_1_259' title='bbox 672 2064 799 2101; x_wconf 89' lang='lat' dir='ltr'>talibus</span> <span class='ocrx_word' id='word_1_260' title='bbox 820 2065 1002 2101; x_wconf 83' lang='lat' dir='ltr'>verborum</span> <span class='ocrx_word' id='word_1_261' title='bbox 1029 2063 1232 2111; x_wconf 80' lang='lat' dir='ltr'>praestigiis</span> <span class='ocrx_word' id='word_1_262' title='bbox 1261 2073 1350 2098; x_wconf 80' lang='lat' dir='ltr'>eave</span> <span class='ocrx_word' id='word_1_263' title='bbox 1378 2062 1547 2098; x_wconf 81' lang='lat' dir='ltr'>orationis</span> 
     </span>
     <span class='ocr_line' id='line_1_28' title="bbox 64 2109 1547 2160; baseline -0.003 -12"><span class='ocrx_word' id='word_1_264' title='bbox 64 2125 189 2160; x_wconf 84' lang='lat' dir='ltr'>pompa</span> <span class='ocrx_word' id='word_1_265' title='bbox 215 2113 267 2148; x_wconf 87' lang='lat' dir='ltr'>uti</span> <span class='ocrx_word' id='word_1_266' title='bbox 290 2113 407 2156; x_wconf 84' lang='lat' dir='ltr'>soleo,</span> <span class='ocrx_word' id='word_1_267' title='bbox 437 2112 474 2147; x_wconf 89' lang='lat' dir='ltr'>in</span> <span class='ocrx_word' id='word_1_268' title='bbox 493 2113 597 2147; x_wconf 85' lang='lat' dir='ltr'>rebus</span> <span class='ocrx_word' id='word_1_269' title='bbox 622 2112 709 2147; x_wconf 83' lang='lat' dir='ltr'>adeo</span> <span class='ocrx_word' id='word_1_270' title='bbox 730 2113 867 2158; x_wconf 81' lang='lat' dir='ltr'>exiguis</span> <span class='ocrx_word' id='word_1_271' title='bbox 893 2117 998 2159; x_wconf 84' lang='lat' dir='ltr'>atque</span> <span class='ocrx_word' id='word_1_272' title='bbox 1023 2111 1215 2146; x_wconf 77' lang='lat' dir='ltr'>fallacibus.</span> <span class='ocrx_word' id='word_1_273' title='bbox 1262 2109 1335 2144; x_wconf 81' lang='lat' dir='ltr'>Sed</span> <span class='ocrx_word' id='word_1_274' title='bbox 1356 2109 1395 2144; x_wconf 89' lang='lat' dir='ltr'>in</span> <span class='ocrx_word' id='word_1_275' title='bbox 1415 2121 1547 2144; x_wconf 84' lang='lat' dir='ltr'>morum</span> 
     </span>
     <span class='ocr_line' id='line_1_29' title="bbox 65 2155 1549 2206; baseline -0.003 -11"><span class='ocrx_word' id='word_1_276' title='bbox 65 2160 258 2196; x_wconf 71' lang='lat' dir='ltr'>stabilitate</span> <span class='ocrx_word' id='word_1_277' title='bbox 291 2171 517 2206; x_wconf 80' lang='lat' dir='ltr'>perseverans</span> <span class='ocrx_word' id='word_1_278' title='bbox 550 2159 659 2194; x_wconf 87' lang='lat' dir='ltr'>babeo</span> <span class='ocrx_word' id='word_1_279' title='bbox 686 2170 749 2205; x_wconf 90' lang='lat' dir='ltr'>pro</span> <span class='ocrx_word' id='word_1_280' title='bbox 779 2159 962 2194; x_wconf 81' lang='lat' dir='ltr'><strong>immortali</strong></span> <span class='ocrx_word' id='word_1_281' title='bbox 986 2157 1182 2205; x_wconf 81' lang='lat' dir='ltr'>praesidio,</span> <span class='ocrx_word' id='word_1_282' title='bbox 1208 2155 1466 2201; x_wconf 86' lang='lat' dir='ltr'>firmissimaque</span> <span class='ocrx_word' id='word_1_283' title='bbox 1484 2167 1549 2191; x_wconf 85' lang='lat' dir='ltr'>an-</span> 
     </span>
     <span class='ocr_line' id='line_1_30' title="bbox 64 2202 1546 2253; baseline -0.003 -12"><span class='ocrx_word' id='word_1_284' title='bbox 64 2218 167 2249; x_wconf 87' lang='lat' dir='ltr'>cora,</span> <span class='ocrx_word' id='word_1_285' title='bbox 209 2206 318 2252; x_wconf 88' lang='lat' dir='ltr'>primo</span> <span class='ocrx_word' id='word_1_286' title='bbox 345 2218 427 2253; x_wconf 84' lang='lat' dir='ltr'>spes</span> <span class='ocrx_word' id='word_1_287' title='bbox 453 2206 490 2240; x_wconf 89' lang='lat' dir='ltr'>in</span> <span class='ocrx_word' id='word_1_288' title='bbox 516 2205 591 2240; x_wconf 87' lang='lat' dir='ltr'>Deo</span> <span class='ocrx_word' id='word_1_289' title='bbox 611 2210 748 2246; x_wconf 55' lang='lat' dir='ltr'>certam</span> <span class='ocrx_word' id='word_1_290' title='bbox 777 2210 848 2240; x_wconf 87' lang='lat' dir='ltr'>tum</span> <span class='ocrx_word' id='word_1_291' title='bbox 869 2207 975 2240; x_wconf 87' lang='lat' dir='ltr'>robur</span> <span class='ocrx_word' id='word_1_292' title='bbox 1000 2205 1082 2240; x_wconf 85' lang='lat' dir='ltr'>inde</span> <span class='ocrx_word' id='word_1_293' title='bbox 1109 2204 1285 2239; x_wconf 84' lang='lat' dir='ltr'>illibatum.</span> <span class='ocrx_word' id='word_1_294' title='bbox 1332 2202 1399 2237; x_wconf 86' lang='lat' dir='ltr'>His</span> <span class='ocrx_word' id='word_1_295' title='bbox 1419 2203 1546 2244; x_wconf 85' lang='lat' dir='ltr'>fretus,</span> 
     </span>
     <span class='ocr_line' id='line_1_31' title="bbox 64 2248 1546 2298; baseline -0.003 -11"><span class='ocrx_word' id='word_1_296' title='bbox 64 2253 140 2288; x_wconf 88' lang='lat' dir='ltr'>Deo</span> <span class='ocrx_word' id='word_1_297' title='bbox 166 2253 251 2295; x_wconf 83' lang='lat' dir='ltr'>soli,</span> <span class='ocrx_word' id='word_1_298' title='bbox 284 2253 344 2298; x_wconf 90' lang='lat' dir='ltr'>qui</span> <span class='ocrx_word' id='word_1_299' title='bbox 365 2253 500 2287; x_wconf 74' lang='lat' dir='ltr'>occulta</span> <span class='ocrx_word' id='word_1_300' title='bbox 521 2251 705 2298; x_wconf 84' lang='lat' dir='ltr'>perspicit,</span> <span class='ocrx_word' id='word_1_301' title='bbox 729 2258 874 2287; x_wconf 85' lang='lat' dir='ltr'>mentem</span> <span class='ocrx_word' id='word_1_302' title='bbox 897 2251 1029 2287; x_wconf 84' lang='lat' dir='ltr'>excolo.</span> <span class='ocrx_word' id='word_1_303' title='bbox 1077 2251 1170 2286; x_wconf 84' lang='lat' dir='ltr'>Hinc</span> <span class='ocrx_word' id='word_1_304' title='bbox 1195 2249 1256 2285; x_wconf 82' lang='lat' dir='ltr'>illa</span> <span class='ocrx_word' id='word_1_305' title='bbox 1279 2248 1439 2295; x_wconf 81' lang='lat' dir='ltr'>perennis</span> <span class='ocrx_word' id='word_1_306' title='bbox 1461 2248 1546 2283; x_wconf 88' lang='lat' dir='ltr'>mihi</span> 
     </span>
     <span class='ocr_line' id='line_1_32' title="bbox 64 2295 1547 2344; baseline -0.003 -9"><span class='ocrx_word' id='word_1_307' title='bbox 64 2299 244 2341; x_wconf 74' lang='lat' dir='ltr'>securitas,</span> <span class='ocrx_word' id='word_1_308' title='bbox 267 2311 356 2344; x_wconf 88' lang='lat' dir='ltr'>quae</span> <span class='ocrx_word' id='word_1_309' title='bbox 372 2311 436 2334; x_wconf 85' lang='lat' dir='ltr'>nec</span> <span class='ocrx_word' id='word_1_310' title='bbox 453 2299 557 2333; x_wconf 87' lang='lat' dir='ltr'>solem</span> <span class='ocrx_word' id='word_1_311' title='bbox 578 2303 759 2344; x_wconf 72' lang='lat' dir='ltr'>exspectat</span> <span class='ocrx_word' id='word_1_312' title='bbox 777 2299 918 2334; x_wconf 82' lang='lat' dir='ltr'>meliora</span> <span class='ocrx_word' id='word_1_313' title='bbox 932 2299 1200 2339; x_wconf 83' lang='lat' dir='ltr'>declaraturum,</span> <span class='ocrx_word' id='word_1_314' title='bbox 1224 2307 1290 2330; x_wconf 89' lang='lat' dir='ltr'>nec</span> <span class='ocrx_word' id='word_1_315' title='bbox 1309 2295 1466 2330; x_wconf 80' lang='lat' dir='ltr'>Platonis</span> <span class='ocrx_word' id='word_1_316' title='bbox 1484 2299 1547 2330; x_wconf 82' lang='lat' dir='ltr'>aut</span> 
     </span>
     <span class='ocr_line' id='line_1_33' title="bbox 63 2341 1546 2398; baseline -0.004 -18"><span class='ocrx_word' id='word_1_317' title='bbox 63 2345 307 2380; x_wconf 81' lang='lat' dir='ltr'>Demosthenis</span> <span class='ocrx_word' id='word_1_318' title='bbox 328 2345 479 2390; x_wconf 83' lang='lat' dir='ltr'>linguam</span> <span class='ocrx_word' id='word_1_319' title='bbox 496 2345 675 2380; x_wconf 76' lang='lat' dir='ltr'>delioetam</span> <span class='ocrx_word' id='word_1_320' title='bbox 693 2351 730 2380; x_wconf 87' lang='lat' dir='ltr'>et</span> <span class='ocrx_word' id='word_1_321' title='bbox 746 2345 870 2380; x_wconf 83' lang='lat' dir='ltr'>eximie</span> <span class='ocrx_word' id='word_1_322' title='bbox 887 2345 1059 2380; x_wconf 59' lang='lat' dir='ltr'>Atticam:</span> <span class='ocrx_word' id='word_1_323' title='bbox 1083 2344 1146 2378; x_wconf 86' lang='lat' dir='ltr'>sed</span> <span class='ocrx_word' id='word_1_324' title='bbox 1163 2343 1241 2398; x_wconf 80' lang='lat' dir='ltr'>ipsa</span> <span class='ocrx_word' id='word_1_325' title='bbox 1260 2353 1325 2389; x_wconf 84' lang='lat' dir='ltr'>per</span> <span class='ocrx_word' id='word_1_326' title='bbox 1342 2353 1382 2377; x_wconf 84' lang='lat' dir='ltr'>se</span> <span class='ocrx_word' id='word_1_327' title='bbox 1398 2341 1471 2376; x_wconf 81' lang='lat' dir='ltr'>solo</span> <span class='ocrx_word' id='word_1_328' title='bbox 1487 2353 1546 2375; x_wconf 87' lang='lat' dir='ltr'>re-</span> 
     </span>
     <span class='ocr_line' id='line_1_34' title="bbox 63 2389 1545 2438; baseline -0.004 -11"><span class='ocrx_word' id='word_1_329' title='bbox 63 2404 140 2427; x_wconf 89' lang='lat' dir='ltr'>rum</span> <span class='ocrx_word' id='word_1_330' title='bbox 162 2403 346 2437; x_wconf 81' lang='lat' dir='ltr'>progressu</span> <span class='ocrx_word' id='word_1_331' title='bbox 370 2391 628 2426; x_wconf 85' lang='lat' dir='ltr'>admirationem</span> <span class='ocrx_word' id='word_1_332' title='bbox 648 2391 726 2427; x_wconf 89' lang='lat' dir='ltr'>orbi</span> <span class='ocrx_word' id='word_1_333' title='bbox 744 2403 854 2438; x_wconf 84' lang='lat' dir='ltr'>paene</span> <span class='ocrx_word' id='word_1_334' title='bbox 871 2391 1004 2426; x_wconf 79' lang='lat' dir='ltr'>indicit.</span> <span class='ocrx_word' id='word_1_335' title='bbox 1052 2390 1125 2432; x_wconf 80' lang='lat' dir='ltr'>Qui</span> <span class='ocrx_word' id='word_1_336' title='bbox 1143 2401 1232 2425; x_wconf 83' lang='lat' dir='ltr'>emm</span> <span class='ocrx_word' id='word_1_337' title='bbox 1245 2389 1493 2436; x_wconf 78' lang='lat' dir='ltr'>praesidiorum</span> <span class='ocrx_word' id='word_1_338' title='bbox 1507 2391 1545 2422; x_wconf 89' lang='lat' dir='ltr'>et</span> 
     </span>
     <span class='ocr_line' id='line_1_35' title="bbox 63 2433 1549 2485; baseline -0.003 -12"><span class='ocrx_word' id='word_1_339' title='bbox 63 2438 393 2485; x_wconf 74' lang='lat' dir='ltr'>propugnaculorum</span> <span class='ocrx_word' id='word_1_340' title='bbox 418 2438 539 2472; x_wconf 83' lang='lat' dir='ltr'>insano</span> <span class='ocrx_word' id='word_1_341' title='bbox 568 2437 660 2472; x_wconf 78' lang='lat' dir='ltr'>fastu</span> <span class='ocrx_word' id='word_1_342' title='bbox 685 2438 918 2480; x_wconf 84' lang='lat' dir='ltr'>delectantur,</span> <span class='ocrx_word' id='word_1_343' title='bbox 939 2438 984 2472; x_wconf 87' lang='lat' dir='ltr'>iis</span> <span class='ocrx_word' id='word_1_344' title='bbox 1001 2437 1067 2472; x_wconf 80' lang='lat' dir='ltr'>flos</span> <span class='ocrx_word' id='word_1_345' title='bbox 1090 2436 1292 2471; x_wconf 73' lang='lat' dir='ltr'>deliciarum</span> <span class='ocrx_word' id='word_1_346' title='bbox 1314 2445 1452 2469; x_wconf 83' lang='lat' dir='ltr'>suarum</span> <span class='ocrx_word' id='word_1_347' title='bbox 1473 2433 1549 2481; x_wconf 31' lang='lat' dir='ltr'>cito·</span> 
     </span>
     <span class='ocr_line' id='line_1_36' title="bbox 65 2480 1545 2529; baseline -0.003 -10"><span class='ocrx_word' id='word_1_348' title='bbox 65 2486 228 2528; x_wconf 84' lang='lat' dir='ltr'>moritur,</span> <span class='ocrx_word' id='word_1_349' title='bbox 251 2485 403 2519; x_wconf 87' lang='lat' dir='ltr'>radicem</span> <span class='ocrx_word' id='word_1_350' title='bbox 427 2485 572 2519; x_wconf 81' lang='lat' dir='ltr'>sortitus</span> <span class='ocrx_word' id='word_1_351' title='bbox 593 2483 685 2518; x_wconf 79' lang='lat' dir='ltr'>haud</span> <span class='ocrx_word' id='word_1_352' title='bbox 706 2484 910 2519; x_wconf 82' lang='lat' dir='ltr'>diuturnam.</span> <span class='ocrx_word' id='word_1_353' title='bbox 956 2484 1035 2529; x_wconf 83' lang='lat' dir='ltr'>Ego</span> <span class='ocrx_word' id='word_1_354' title='bbox 1059 2494 1142 2519; x_wconf 82' lang='lat' dir='ltr'>vero</span> <span class='ocrx_word' id='word_1_355' title='bbox 1169 2481 1298 2516; x_wconf 81' lang='lat' dir='ltr'>animos</span> <span class='ocrx_word' id='word_1_356' title='bbox 1322 2480 1406 2516; x_wconf 87' lang='lat' dir='ltr'>mihi</span> <span class='ocrx_word' id='word_1_357' title='bbox 1422 2480 1545 2515; x_wconf 78' lang='lat' dir='ltr'>conci-</span> 
     </span>
     <span class='ocr_line' id='line_1_37' title="bbox 65 2526 1543 2577; baseline -0.003 -12"><span class='ocrx_word' id='word_1_358' title='bbox 65 2530 149 2565; x_wconf 83' lang='lat' dir='ltr'>liavi</span> <span class='ocrx_word' id='word_1_359' title='bbox 166 2531 356 2573; x_wconf 87' lang='lat' dir='ltr'>hominnm,</span> <span class='ocrx_word' id='word_1_360' title='bbox 382 2531 557 2576; x_wconf 85' lang='lat' dir='ltr'>praesidia</span> <span class='ocrx_word' id='word_1_361' title='bbox 574 2542 616 2565; x_wconf 89' lang='lat' dir='ltr'>ac</span> <span class='ocrx_word' id='word_1_362' title='bbox 636 2531 896 2577; x_wconf 83' lang='lat' dir='ltr'>propugnacula</span> <span class='ocrx_word' id='word_1_363' title='bbox 913 2542 1092 2565; x_wconf 80' lang='lat' dir='ltr'>numerosa</span> <span class='ocrx_word' id='word_1_364' title='bbox 1103 2554 1113 2571; x_wconf 95' lang='lat'><strong>‚</strong></span> <span class='ocrx_word' id='word_1_365' title='bbox 1137 2528 1324 2574; x_wconf 84' lang='lat' dir='ltr'>eademqne</span> <span class='ocrx_word' id='word_1_366' title='bbox 1338 2526 1543 2562; x_wconf 82' lang='lat' dir='ltr'>firmissima.</span> 
     </span>
     <span class='ocr_line' id='line_1_38' title="bbox 64 2573 1549 2624; baseline -0.003 -13"><span class='ocrx_word' id='word_1_367' title='bbox 64 2577 138 2611; x_wconf 81' lang='lat' dir='ltr'>Illis</span> <span class='ocrx_word' id='word_1_368' title='bbox 157 2589 265 2612; x_wconf 84' lang='lat' dir='ltr'>meum</span> <span class='ocrx_word' id='word_1_369' title='bbox 282 2577 359 2623; x_wconf 85' lang='lat' dir='ltr'>ipse</span> <span class='ocrx_word' id='word_1_370' title='bbox 374 2577 520 2612; x_wconf 88' lang='lat' dir='ltr'>animum</span> <span class='ocrx_word' id='word_1_371' title='bbox 538 2576 667 2612; x_wconf 88' lang='lat' dir='ltr'>addixi.</span> <span class='ocrx_word' id='word_1_372' title='bbox 712 2579 764 2612; x_wconf 82' lang='lat' dir='ltr'>Ac</span> <span class='ocrx_word' id='word_1_373' title='bbox 785 2577 886 2612; x_wconf 81' lang='lat' dir='ltr'>Plato</span> <span class='ocrx_word' id='word_1_374' title='bbox 910 2577 1046 2624; x_wconf 85' lang='lat' dir='ltr'>quidem</span> <span class='ocrx_word' id='word_1_375' title='bbox 1065 2576 1177 2611; x_wconf 81' lang='lat' dir='ltr'>alieno</span> <span class='ocrx_word' id='word_1_376' title='bbox 1197 2575 1235 2609; x_wconf 88' lang='lat' dir='ltr'>in</span> <span class='ocrx_word' id='word_1_377' title='bbox 1254 2584 1399 2620; x_wconf 87' lang='lat' dir='ltr'>corpore</span> <span class='ocrx_word' id='word_1_378' title='bbox 1422 2573 1549 2619; x_wconf 30' lang='lat' dir='ltr'>vivere·</span> 
     </span>
     <span class='ocr_line' id='line_1_39' title="bbox 64 2618 1544 2668; baseline -0.003 -10"><span class='ocrx_word' id='word_1_379' title='bbox 64 2624 226 2658; x_wconf 75' lang='lat' dir='ltr'>amatoris</span> <span class='ocrx_word' id='word_1_380' title='bbox 245 2624 388 2658; x_wconf 67' lang='lat' dir='ltr'>mximam</span> <span class='ocrx_word' id='word_1_381' title='bbox 406 2623 507 2658; x_wconf 80' lang='lat' dir='ltr'>dixit.</span> <span class='ocrx_word' id='word_1_382' title='bbox 552 2623 655 2658; x_wconf 85' lang='lat' dir='ltr'>Meae</span> <span class='ocrx_word' id='word_1_383' title='bbox 681 2628 795 2658; x_wconf 84' lang='lat' dir='ltr'>antem</span> <span class='ocrx_word' id='word_1_384' title='bbox 818 2624 950 2659; x_wconf 79' lang='lat' dir='ltr'>animae</span> <span class='ocrx_word' id='word_1_385' title='bbox 973 2623 1010 2658; x_wconf 87' lang='lat' dir='ltr'>id</span> <span class='ocrx_word' id='word_1_386' title='bbox 1031 2622 1178 2668; x_wconf 85' lang='lat' dir='ltr'>obtigit,</span> <span class='ocrx_word' id='word_1_387' title='bbox 1201 2625 1242 2655; x_wconf 88' lang='lat' dir='ltr'>nt</span> <span class='ocrx_word' id='word_1_388' title='bbox 1263 2620 1301 2654; x_wconf 87' lang='lat' dir='ltr'>in</span> <span class='ocrx_word' id='word_1_389' title='bbox 1325 2618 1449 2654; x_wconf 84' lang='lat' dir='ltr'>alienis</span> <span class='ocrx_word' id='word_1_390' title='bbox 1474 2630 1544 2654; x_wconf 88' lang='lat' dir='ltr'>non</span> 
     </span>
     <span class='ocr_line' id='line_1_40' title="bbox 65 2665 1544 2715; baseline -0.004 -10"><span class='ocrx_word' id='word_1_391' title='bbox 65 2669 265 2715; x_wconf 86' lang='lat' dir='ltr'>corporibus</span> <span class='ocrx_word' id='word_1_392' title='bbox 294 2669 356 2705; x_wconf 84' lang='lat' dir='ltr'>sed</span> <span class='ocrx_word' id='word_1_393' title='bbox 388 2669 508 2704; x_wconf 84' lang='lat' dir='ltr'>animis</span> <span class='ocrx_word' id='word_1_394' title='bbox 536 2669 685 2704; x_wconf 79' lang='lat' dir='ltr'>viveret.</span> <span class='ocrx_word' id='word_1_395' title='bbox 737 2671 825 2705; x_wconf 86' lang='lat' dir='ltr'>Cum</span> <span class='ocrx_word' id='word_1_396' title='bbox 850 2670 940 2706; x_wconf 89' lang='lat' dir='ltr'>enim</span> <span class='ocrx_word' id='word_1_397' title='bbox 967 2681 1034 2704; x_wconf 92' lang='lat' dir='ltr'>non</span> <span class='ocrx_word' id='word_1_398' title='bbox 1062 2678 1243 2714; x_wconf 87' lang='lat' dir='ltr'>corporum</span> <span class='ocrx_word' id='word_1_399' title='bbox 1268 2665 1332 2701; x_wconf 78' lang='lat' dir='ltr'>sed</span> <span class='ocrx_word' id='word_1_400' title='bbox 1356 2665 1544 2700; x_wconf 80' lang='lat' dir='ltr'>animorum</span> 
     </span>
     <span class='ocr_line' id='line_1_41' title="bbox 64 2711 1545 2759; baseline 0.003 -8"><span class='ocrx_word' id='word_1_401' title='bbox 64 2721 197 2751; x_wconf 80' lang='lat' dir='ltr'>amator</span> <span class='ocrx_word' id='word_1_402' title='bbox 215 2728 346 2759; x_wconf 79' lang='lat' dir='ltr'>essem,</span> <span class='ocrx_word' id='word_1_403' title='bbox 370 2716 501 2751; x_wconf 86' lang='lat' dir='ltr'>animos</span> <span class='ocrx_word' id='word_1_404' title='bbox 519 2715 622 2751; x_wconf 83' lang='lat' dir='ltr'>etiam</span> <span class='ocrx_word' id='word_1_405' title='bbox 645 2720 814 2751; x_wconf 76' lang='lat' dir='ltr'>amatores</span> <span class='ocrx_word' id='word_1_406' title='bbox 838 2718 906 2752; x_wconf 86' lang='lat' dir='ltr'>mei</span> <span class='ocrx_word' id='word_1_407' title='bbox 923 2716 1074 2751; x_wconf 80' lang='lat' dir='ltr'>lucratus</span> <span class='ocrx_word' id='word_1_408' title='bbox 1093 2726 1169 2749; x_wconf 89' lang='lat' dir='ltr'>sum</span> <span class='ocrx_word' id='word_1_409' title='bbox 1194 2712 1384 2758; x_wconf 73' lang='lat' dir='ltr'>effecique,</span> <span class='ocrx_word' id='word_1_410' title='bbox 1407 2716 1448 2746; x_wconf 71' lang='lat'>¹¹¹2</span> <span class='ocrx_word' id='word_1_411' title='bbox 1466 2711 1545 2746; x_wconf 70' lang='lat' dir='ltr'>ffli‘</span> 
     </span>
     <span class='ocr_line' id='line_1_42' title="bbox 64 2759 1546 2809; baseline -0.003 -12"><span class='ocrx_word' id='word_1_412' title='bbox 64 2767 237 2797; x_wconf 82' lang='lat' dir='ltr'>marentur</span> <span class='ocrx_word' id='word_1_413' title='bbox 255 2773 346 2797; x_wconf 82' lang='lat' dir='ltr'>nova</span> <span class='ocrx_word' id='word_1_414' title='bbox 363 2762 509 2809; x_wconf 84' lang='lat' dir='ltr'>quadam</span> <span class='ocrx_word' id='word_1_415' title='bbox 527 2762 662 2797; x_wconf 80' lang='lat' dir='ltr'>ratione</span> <span class='ocrx_word' id='word_1_416' title='bbox 679 2762 783 2798; x_wconf 84' lang='lat' dir='ltr'>animi</span> <span class='ocrx_word' id='word_1_417' title='bbox 799 2762 1028 2809; x_wconf 85' lang='lat' dir='ltr'>plurimorum.</span> <span class='ocrx_word' id='word_1_418' title='bbox 1074 2759 1254 2796; x_wconf 83' lang='lat' dir='ltr'>Eiusmodi</span> <span class='ocrx_word' id='word_1_419' title='bbox 1280 2770 1378 2795; x_wconf 80' lang='lat' dir='ltr'>arces</span> <span class='ocrx_word' id='word_1_420' title='bbox 1403 2768 1546 2803; x_wconf 80' lang='lat' dir='ltr'>compa-</span> 
     </span>
     <span class='ocr_line' id='line_1_43' title="bbox 63 2802 1545 2855; baseline -0.004 -12"><span class='ocrx_word' id='word_1_421' title='bbox 63 2808 141 2843; x_wconf 83' lang='lat' dir='ltr'>ravi</span> <span class='ocrx_word' id='word_1_422' title='bbox 160 2808 253 2843; x_wconf 83' lang='lat' dir='ltr'>mihi.</span> <span class='ocrx_word' id='word_1_423' title='bbox 301 2809 363 2844; x_wconf 89' lang='lat' dir='ltr'>Sic</span> <span class='ocrx_word' id='word_1_424' title='bbox 387 2821 454 2855; x_wconf 82' lang='lat' dir='ltr'>ego</span> <span class='ocrx_word' id='word_1_425' title='bbox 477 2820 553 2843; x_wconf 85' lang='lat' dir='ltr'>cnm</span> <span class='ocrx_word' id='word_1_426' title='bbox 575 2820 704 2844; x_wconf 81' lang='lat' dir='ltr'>summa</span> <span class='ocrx_word' id='word_1_427' title='bbox 718 2813 755 2844; x_wconf 83' lang='lat' dir='ltr'>et</span> <span class='ocrx_word' id='word_1_428' title='bbox 770 2809 1025 2855; x_wconf 84' lang='lat' dir='ltr'>tranquillitate</span> <span class='ocrx_word' id='word_1_429' title='bbox 1042 2812 1081 2843; x_wconf 84' lang='lat' dir='ltr'>et</span> <span class='ocrx_word' id='word_1_430' title='bbox 1098 2806 1277 2852; x_wconf 79' lang='lat' dir='ltr'>voluptate</span> <span class='ocrx_word' id='word_1_431' title='bbox 1298 2803 1444 2839; x_wconf 85' lang='lat' dir='ltr'>omnium</span> <span class='ocrx_word' id='word_1_432' title='bbox 1459 2802 1545 2838; x_wconf 76' lang='lat' dir='ltr'>mihi</span> 
     </span>
     <span class='ocr_line' id='line_1_44' title="bbox 64 2851 1544 2902; baseline -0.003 -13"><span class='ocrx_word' id='word_1_433' title='bbox 64 2860 101 2889; x_wconf 88' lang='lat' dir='ltr'>et</span> <span class='ocrx_word' id='word_1_434' title='bbox 116 2854 261 2890; x_wconf 73' lang='lat' dir='ltr'>affectus</span> <span class='ocrx_word' id='word_1_435' title='bbox 286 2859 324 2890; x_wconf 88' lang='lat' dir='ltr'>et</span> <span class='ocrx_word' id='word_1_436' title='bbox 348 2855 547 2902; x_wconf 74' lang='lat' dir='ltr'>yoluntates</span> <span class='ocrx_word' id='word_1_437' title='bbox 574 2854 739 2899; x_wconf 81' lang='lat' dir='ltr'>concili03</span> <span class='ocrx_word' id='word_1_438' title='bbox 761 2861 868 2902; x_wconf 77' lang='lat' dir='ltr'>atque</span> <span class='ocrx_word' id='word_1_439' title='bbox 886 2855 940 2892; x_wconf 84' lang='lat' dir='ltr'>ita</span> <span class='ocrx_word' id='word_1_440' title='bbox 964 2859 1111 2902; x_wconf 67' lang='lat' dir='ltr'>tropaea</span> <span class='ocrx_word' id='word_1_441' title='bbox 1134 2852 1242 2888; x_wconf 84' lang='lat' dir='ltr'>didici</span> <span class='ocrx_word' id='word_1_442' title='bbox 1267 2851 1449 2887; x_wconf 78' lang='lat' dir='ltr'>incruenta</span> <span class='ocrx_word' id='word_1_443' title='bbox 1468 2854 1544 2886; x_wconf 80' lang='lat' dir='ltr'>sta-</span> 
     </span>
    </p>
   </div>
   <div class='ocr_carea' id='block_1_5' title="bbox 155 2902 1267 2960">
    <p class='ocr_par' dir='ltr' id='par_1_5' title="bbox 155 2902 1267 2960">
     <span class='ocr_line' id='line_1_45' title="bbox 155 2902 1267 2960; baseline -0.003 -12"><span class='ocrx_word' id='word_1_444' title='bbox 155 2911 373 2958; x_wconf 66' lang='lat' dir='ltr'>zvtcepaeom</span> <span class='ocrx_word' id='word_1_445' title='bbox 399 2914 548 2960; x_wconf 71' lang='lat' dir='ltr'>angor.</span> <span class='ocrx_word' id='word_1_446' title='bbox 584 2914 661 2951; x_wconf 59' lang='grc' dir='ltr'><strong><em>τοι.</em></strong></span> <span class='ocrx_word' id='word_1_447' title='bbox 687 2914 736 2949; x_wconf 83' lang='grc' dir='ltr'>ιι.</span> <span class='ocrx_word' id='word_1_448' title='bbox 1208 2902 1267 2946; x_wconf 82' lang='grc'>39</span> 
     </span>
    </p>
   </div>
  </div>
 </body>
</html>
