1794 3172
257 164 392 214 1086
640 166 959 217 NICEPHORI
987 165 1316 214 GREGORAE

31 295 71 330 A.
88 295 134 329 M.
151 294 244 331 6859
254 279 404 340 ἣκιστα
422 280 580 338 ἐνοχλεῖ
593 284 646 339 τῇ
667 282 801 339 ψυχῇ,
832 277 941 336 μηδὲ
956 281 1031 323 νοῦ
1052 276 1269 337 βραδυτὴς
1287 276 1336 323 τὸ
1357 276 1552 338 θαρῥοῦν
1573 274 1739 334 ἀμβλύ-

92 339 316 423 ¹¹¹⁶·4Fva
345 356 423 409 τῆς
456 347 646 410 γνώμης,
683 346 938 400 ἀδεκάστους
971 346 1110 407 φέρειν
1148 347 1226 400 τὰς
1260 344 1447 406 ψήφους.
1521 346 1616 409 (Δ.)
1651 349 1741 392 Καὶ

253 426 421 481 πρῶτον
439 421 514 477 μὲν
535 420 588 476 δὴ
611 419 770 465 κείσθω
792 416 954 477 ζήτημα
973 419 1090 462 τουτὶ
1116 424 1209 469 ταῖς
1236 414 1470 476 παρούσαις
1486 419 1668 476 χρείαις·
1704 418 1740 461 εἲ

251 492 319 536 ἐπὶ
347 495 424 547 τῆς
451 487 588 546 ἁπλῆς
612 491 681 533 καὶ
710 486 939 546 ἀσωμάτου
967 485 1133 547 φύσεως
1167 487 1289 548 (λέγω
1309 487 1362 545 δὴ
1382 492 1459 532 τοῦ
1482 486 1608 545 θεοῦ)
1645 489 1740 530 δια-

100 561 142 596 P·
160 562 230 598 682
253 561 390 621 φορὰν
410 558 603 616 ἡντινοῦν
627 561 882 618 δογματίζειν
912 557 1057 609 οὗσίας
1078 559 1148 601 καὶ
1177 558 1378 616 ἐνεργείας
1407 557 1511 615 ἐξείη
1525 571 1536 583 ·
1573 554 1632 608 ὧς
1660 556 1768 613 τὴν5

251 631 328 688 μέν
350 629 496 674 οὖσίαν
522 628 755 685 ἆμέθεκτον
775 627 878 674 εἶναι
897 629 1117 684 κτίσμασιν
1137 625 1267 671 ἅπασι
1288 629 1438 686 κομιδῇ
1474 626 1636 687 (,,αὗτὴ
1658 626 1739 685 γὰρ

252 698 361 745 καθ’
392 697 576 756 αὗτὴν,”
611 701 762 758 φησὶν,
799 697 859 757 „vj
893 699 993 743 θεία
1011 696 1259 755 μετεχομένη
1280 715 1324 741 τε
1346 698 1415 741 καὶ
1443 696 1740 753 λαμβανομένη

252 767 380 831 φύσις
410 767 438 826 ἢ
466 768 634 828 φυρμὸν
666 770 871 824 πείσεται,
915 766 942 825 ἢ
973 767 1050 824 τὴν
1080 767 1280 824 παθητὴν
1309 764 1558 819 ἐξαναλώσει
1596 764 1738 824 φύσιν,

256 841 355 898 πρὶν
374 837 426 883 ἂν
446 842 620 898 ληφθῇ·
651 839 785 891 οὐδεὶς
808 838 912 897 γὰρ,
951 839 1105 897 φησὶν,
1143 836 1294 893 ὄψεται
1323 836 1372 881 τὸ
1398 834 1623 895 πρόσωπόν
1639 853 1739 892 μου,

255 911 325 953 καὶ
348 906 558 967 ζήσεται”)
593 909 671 966 τὴν
693 911 719 953 δ
726 909 739 926 ²
774 909 974 967 ἐνέργειαν
1001 904 1134 964 μόνην
1165 905 1296 951 ἅπασι
1328 907 1524 963 κτίσμασι
1551 906 1741 964 γίνεσθαι
1754 917 1794 953 10

218 978 479 1036 Βμεθεκτὴν,
510 976 625 1038 μόνῳ
645 980 722 1035 μὲν
744 983 805 1039 τῷ
824 978 1004 1038 ἀκτίστῳ
1022 977 1154 1033 μηδὲν
1171 977 1323 1034 ἐκείνης
1340 976 1622 1035 διαφέρουσαν
1636 990 1647 1001 ·
1685 974 1743 1027 ὥς

256 1048 302 1092 δ’
327 1049 464 1092 αἰτίαν
484 1045 775 1106 ὑπερκειμένην
800 1048 977 1104 ἔχουσαν
1000 1047 1153 1103 ἐκείνην
1161 1080 1175 1101 ,
1213 1045 1349 1107 τούτῳ
1371 1047 1417 1090 δὲ
1436 1045 1741 1105 διαφέρουσαν·

256 1115 361 1162 εἶναι
390 1118 437 1161 δὲ
455 1117 532 1174 τὴν
554 1117 755 1177 ἐνέργειαν
780 1119 837 1169 εἷς
866 1117 954 1173 εἶ’δη
987 1115 1301 1174 διαιρουμένην,
1335 1117 1513 1174 σοφίαν,
1551 1114 1741 1172 δύναμιν,

257 1187 380 1244 ζωὴν,
411 1185 628 1244 ἀλήθειαν,
661 1185 878 1244 βούλησιν,
909 1184 1126 1243 ἄγιασμὸν,
1155 1187 1224 1230 καὶ
1244 1184 1324 1230 ὅσα
1347 1186 1479 1244 μυρία
1497 1191 1585 1236 τοΐς
1601 1187 1745 1243 ἐντυγ-

105 1264 151 1301 V.
168 1264 239 1301 550
258 1255 436 1314 χάνουσι
464 1263 556 1308 ταῖς
588 1256 718 1301 αὐτοῦ
747 1256 990 1314 διαιρέσεσιν
1011 1253 1141 1307 ἔξεστι
1161 1253 1439 1313 διαγινώσκειν
1466 1254 1736 1313 σαφέστερον,
1754 1265 1794 1302 15

221 1326 411 1382 Οόψεσιν
437 1324 607 1384 ἄγουσιν
631 1316 795 1377 οἲκείαις
815 1327 871 1376 εἰς
894 1326 1031 1368 πίστιν
1050 1322 1224 1376 ἑαυτοὺς
1243 1324 1408 1383 ἀκριβῆ.
1465 1324 1554 1384 (Ε.)
1577 1324 1741 1382 Ἐπειδὴ

258 1397 399 1441 τοίνυν
417 1396 461 1439 ἔκ
481 1399 566 1439 τῶν
587 1394 712 1453 ἁγίων
728 1394 848 1452 ἡμῶν
867 1392 1128 1438 διδασκάλων
1147 1393 1249 1438 οὔθ’
1275 1392 1297 1439 ὅ
1317 1392 1514 1452 ὑμέτερος
1533 1393 1635 1452 ἔγνω
1652 1412 1743 1438 πει-

259 1470 419 1522 σθῆναι
451 1463 704 1517 διδάσκαλος
742 1468 983 1519 Παλαμᾶς,
1027 1462 1131 1507 οὗθ’
1162 1462 1279 1520 ὑμεῖς
1311 1464 1448 1524 ἐκείνῳ
1485 1462 1739 1520 πειθόμενοι,

259 1535 511 1592 διαμαρτίας
545 1532 623 1595 (ὥς
642 1534 764 1593 ἔοικε)
804 1534 950 1585 λέξεων
972 1531 1268 1590 καταγνόντες,
1297 1533 1395 1592 φέρε
1412 1531 1511 1585 τούς
1526 1551 1570 1578 τε
1590 1534 1743 1586 ἄλλους

257 1602 534 1661 μιμησόμεθα
563 1607 632 1648 καὶ
651 1603 769 1662 ἡμεῖς
788 1605 934 1655 θείους
954 1603 1158 1662 πατέρας,
1197 1601 1254 1655 ὥς
1281 1603 1463 1661 εἴρηται,
1495 1605 1563 1647 καὶ
1593 1604 1647 1661 δὴ
1673 1605 1794 1652 καὶΞο

254 1674 479 1718 Ἶουστΐνον
500 1673 575 1718 τὸν
593 1679 713 1719 θεῖον
732 1676 801 1718 καὶ
821 1671 1067 1732 σοφώτατον
1090 1672 1224 1732 ἄνδρα
1234 1706 1248 1727 ,
1282 1675 1350 1716 καὶ
1379 1672 1510 1731 με’γαν
1532 1677 1607 1730 τῆς
1627 1673 1744 1718 εὗσε-

223 1744 380 1800 Ββείας
404 1740 602 1803 μάρτυρα
620 1746 691 1789 καὶ
713 1741 919 1801 ἀθλητήν.
966 1741 1067 1788 εἶναι
1086 1743 1165 1802 γὰρ
1187 1747 1272 1787 τῶν
1293 1744 1445 1787 ἐκείνου
1467 1744 1644 1798 βιβλίων
1673 1745 1745 1788 καὶ

351 1857 388 1892 7.
413 1855 549 1903 φησὶν,
574 1855 670 1903 quod
695 1858 778 1904 post
800 1852 1023 1903 μετεχομὲνη
1045 1867 1086 1893 τε
1111 1854 1148 1891 in
1173 1865 1297 1903 apogr.
1317 1855 1390 1900 est,
1413 1852 1544 1891 delevit
1566 1853 1678 1902 Capp.
1703 1857 1743 1890 ut

354 1914 662 1950 supervacaneum.
1578 1914 1580 1920 ’

263 1996 376 2032 ditate
394 1995 610 2031 alacritatem
625 1995 751 2031 mentis
768 1994 963 2031 hebetatam
980 1993 1183 2037 habuerint,
1205 1993 1262 2029 his
1279 1994 1411 2028 rectum
1427 1993 1549 2029 licebit
1567 1996 1672 2039 atque
1690 1994 1745 2029 in-

263 2051 465 2088 corruptum
479 2044 573 2077 ferre
590 2042 766 2077 iudicium.
813 2042 914 2088 (IV.)
939 2042 988 2076 Et
1005 2041 1162 2087 quidem,
1185 2040 1222 2076 in
1243 2040 1388 2075 huiusce
1408 2041 1659 2076 commoditatis
1685 2052 1744 2076 ar-

263 2090 389 2132 ticulo,
411 2089 525 2135 prima
547 2089 635 2124 haec
661 2094 873 2135 proponatur
900 2088 1075 2134 quaestio:
1098 2091 1212 2123 utrum
1237 2086 1274 2122 in
1302 2086 1449 2133 simplici
1462 2092 1512 2132 ,et
1539 2088 1744 2134 incorporea

262 2140 387 2171 natura
407 2136 471 2181 (de
489 2135 608 2171 divina
623 2134 765 2181 loquor)
785 2135 925 2180 aliquod
944 2134 1162 2170 substantiae
1181 2138 1219 2169 et‘
1237 2133 1449 2180 operationis
1468 2134 1650 2169 discrimen
1670 2140 1743 2169 sta-

263 2187 366 2218 tuere
390 2183 516 2224 liceat3
538 2181 624 2217 adeo
649 2185 689 2216 ut
717 2181 911 2216 substantia
930 2181 1067 2227 quidem
1093 2193 1115 2217 a
1133 2181 1230 2216 nulla
1254 2185 1416 2215 creatura
1435 2181 1550 2226 possit
1573 2181 1743 2216 ullatenus

263 2228 470 2276 participari
490 2228 655 2273 („divina
670 2228 759 2262 enim
777 2227 936 2270 natura‚’'
953 2228 1076 2274 inquit,
1094 2228 1151 2271 „si
1168 2227 1246 2273 ipsa
1263 2238 1326 2273 per
1342 2238 1380 2261 se
1392 2227 1501 2272 ipsam
1512 2227 1745 2273 participetur

265 2279 303 2311 et
320 2276 523 2321 recipiatur,
541 2278 602 2309 aut
619 2273 814 2309 mixtionem
831 2274 997 2321 patietur,
1010 2279 1070 2309 aut
1086 2274 1263 2330 patibilem
1281 2277 1440 2308 naturam
1458 2273 1625 2317 absumet,
1644 2280 1744 2309 ante-

265 2333 369 2369 quam
386 2324 529 2368 recepta
545 2321 662 2356 fuerit.
705 2320 817 2358 Nemo
839 2321 968 2368 quippe
983 2321 1118 2356 videbit
1135 2321 1261 2356 faciem
1278 2331 1406 2364 meam,
1430 2323 1467 2355 et
1484 2319 1634 2365 vivet'')‚
1661 2333 1746 2366 ope-

264 2368 357 2404 ratio
379 2380 462 2404 vero
487 2368 561 2402 sola
589 2367 699 2414 possit
723 2368 768 2402 ab
792 2368 945 2403 omnibus
967 2367 1137 2403 creaturis
1163 2365 1382 2423 participari:
1411 2369 1448 2400 et
1463 2370 1598 2408 tamen,
1622 2372 1746 2413 quate-

265 2426 332 2450 nus
357 2414 594 2450 increataest
612 2413 768 2460 praecise
796 2418 832 2449 et
859 2415 1073 2457 formaliter,
1104 2413 1192 2448 nihil
1218 2425 1240 2447 a
1266 2412 1460 2447 substantia
1487 2413 1650 2456 differat3
1682 2414 1747 2448 sed

266 2466 439 2508 quatenus
456 2472 530 2496 eam
553 2464 592 2495 ut
611 2460 664 2495 sui
685 2472 822 2496 causam
847 2466 883 2497 et
897 2473 936 2497 se
956 2461 1034 2507 ipsa
1059 2460 1271 2507 superiorem
1290 2458 1471 2504 agnoscit,
1496 2463 1640 2494 eatenus
1657 2460 1748 2494 dun-
1782 2466 1787 2470 ’

267 2512 368 2543 taxat
388 2509 433 2544 ab
458 2519 503 2543 ea
522 2507 648 2550 distet,
672 2510 708 2542 et
724 2507 761 2542 in
779 2508 900 2544 multas
919 2508 1096 2543 dividatur
1120 2505 1276 2553 species3
1300 2505 1457 2540 nimirum
1475 2505 1511 2540 in
1529 2507 1746 2552 sapientiam,

266 2555 476 2600 potentiam,
506 2554 632 2595 vitam,
663 2553 864 2598 veritatem,
896 2555 1129 2596 voluntatem,
1160 2551 1487 2594 sanctificationem,
1518 2558 1556 2587 et
1581 2558 1747 2588 sexcenta

267 2601 481 2644 huiusmodi3
513 2612 604 2647 quae
631 2600 846 2636 manifestius
868 2605 1031 2647 poterunt
1058 2598 1338 2645 deprehendere,
1370 2598 1430 2645 qui
1455 2599 1644 2634 divisiones
1669 2600 1745 2634 eius

266 2647 440 2692 legerint,
463 2651 500 2683 et
516 2646 666 2694 propriis
684 2647 791 2682 oculis
808 2648 943 2694 plenam
963 2647 1029 2683 sibi
1046 2646 1115 2693 ipsi
1132 2646 1235 2680 fidem
1255 2643 1416 2679 fecerint.
1463 2645 1547 2690 (V.)
1572 2646 1658 2680 Cum
1675 2645 1746 2691 igi-

265 2698 325 2728 tur
341 2706 362 2728 a
380 2694 509 2730 sanctis
531 2693 731 2729 doctoribus
753 2694 881 2729 nostris
898 2693 1100 2740 persuaderi
1115 2691 1183 2727 sibi
1199 2691 1365 2737 magister
1379 2694 1497 2727 vester
1506 2691 1665 2726 Palamas
1682 2704 1745 2726 no—

267 2739 331 2782 lit,
355 2741 448 2776 sicut
467 2753 531 2776 nec
545 2752 608 2776 vos
630 2739 740 2775 eidem
758 2741 1013 2786 obsequentem
1036 2739 1100 2786 qui
1128 2738 1253 2781 etiam,
1277 2741 1317 2772 ut
1332 2736 1495 2781 videtur,
1518 2743 1658 2774 sanctos
1678 2740 1748 2774 Pa-

266 2789 340 2821 tres
355 2788 546 2832 accusatis,
569 2787 664 2834 quod
683 2786 756 2821 suis
780 2786 815 2821 in
835 2787 951 2822 verbis
970 2785 1186 2822 aber-tarint:
1212 2796 1299 2830 age,
1324 2795 1400 2819 cum
1417 2783 1505 2819 alios
1521 2790 1659 2820 sanctos
1675 2786 1747 2820 Pa-

266 2835 357 2874 tres,
381 2838 420 2868 ut
443 2834 572 2869 dictum
593 2837 667 2876 est,
690 2833 881 2876 imitemur,
904 2836 977 2868 tum
1005 2833 1150 2868 maxime
1172 2832 1363 2873 Iustinum,
1386 2829 1543 2866 divinum
1561 2831 1746 2878 sapientis-

266 2877 453 2927 simumque
472 2880 603 2924 virum,
627 2884 663 2916 et
692 2891 849 2926 maguum
874 2879 1016 2928 pietatis
1041 2882 1226 2926 martyrem
1244 2890 1286 2915 ac
1305 2881 1607 2925 propugnatorem.
1653 2877 1745 2915 Nam
