<?xml version="1.0" encoding="UTF-8"?>
<!DOCTYPE html PUBLIC "-//W3C//DTD XHTML 1.0 Transitional//EN"
    "http://www.w3.org/TR/xhtml1/DTD/xhtml1-transitional.dtd">
<html xmlns="http://www.w3.org/1999/xhtml" xml:lang="en" lang="en">
 <head>
  <title>
</title>
<meta http-equiv="Content-Type" content="text/html;charset=utf-8" />
  <meta name='ocr-system' content='tesseract 3.04.00' />
  <meta name='ocr-capabilities' content='ocr_page ocr_carea ocr_par ocr_line ocrx_word'/>
</head>
<body>
  <div class='ocr_page' id='page_1' title='image "./corpusscriptorum39niebuoft_0362.png"; bbox 0 0 1794 3172; ppageno 0'>
   <div class='ocr_carea' id='block_1_1' title="bbox 262 125 1336 177">
    <p class='ocr_par' dir='ltr' id='par_1_1' title="bbox 262 125 1336 177">
     <span class='ocr_line' id='line_1_1' title="bbox 262 125 1336 177; baseline 0.002 -3"><span class='ocrx_word' id='word_1_1' title='bbox 262 125 366 174; x_wconf 77' lang='lat'>920</span> <span class='ocrx_word' id='word_1_2' title='bbox 664 129 986 177; x_wconf 83' lang='lat' dir='ltr'>NlCEPHORl</span> <span class='ocrx_word' id='word_1_3' title='bbox 1009 130 1336 176; x_wconf 88' lang='lat' dir='ltr'><strong>GREGORAE</strong></span> 
     </span>
    </p>
   </div>
   <div class='ocr_carea' id='block_1_2' title="bbox 42 239 1794 1838">
    <p class='ocr_par' dir='ltr' id='par_1_2' title="bbox 42 239 1794 1838">
     <span class='ocr_line' id='line_1_2' title="bbox 42 239 1740 302; baseline 0.002 -19"><span class='ocrx_word' id='word_1_4' title='bbox 42 248 252 285; x_wconf 79' lang='lat' dir='ltr'><strong>A.M.6859</strong></span> <span class='ocrx_word' id='word_1_5' title='bbox 265 242 497 287; x_wconf 79' lang='grc' dir='ltr'><em>διαθέουσα</em></span> <span class='ocrx_word' id='word_1_6' title='bbox 526 242 604 294; x_wconf 75' lang='grc' dir='ltr'>τὰς</span> <span class='ocrx_word' id='word_1_7' title='bbox 633 244 717 285; x_wconf 84' lang='grc' dir='ltr'>τῶν</span> <span class='ocrx_word' id='word_1_8' title='bbox 748 244 916 284; x_wconf 81' lang='grc' dir='ltr'><em>πολλῶν</em></span> <span class='ocrx_word' id='word_1_9' title='bbox 947 239 1097 294; x_wconf 80' lang='grc' dir='ltr'><em>ἀκοὰς,</em></span> <span class='ocrx_word' id='word_1_10' title='bbox 1136 240 1218 298; x_wconf 75' lang='grc' dir='ltr'>ὀψὲ</span> <span class='ocrx_word' id='word_1_11' title='bbox 1248 243 1317 286; x_wconf 82' lang='grc' dir='ltr'>καὶ</span> <span class='ocrx_word' id='word_1_12' title='bbox 1340 240 1397 294; x_wconf 81' lang='grc' dir='ltr'><em>ὥς</em></span> <span class='ocrx_word' id='word_1_13' title='bbox 1424 240 1535 300; x_wconf 80' lang='grc' dir='ltr'><em>ἦμᾶς</em></span> <span class='ocrx_word' id='word_1_14' title='bbox 1555 243 1740 302; x_wconf 83' lang='grc' dir='ltr'><em>ἀφίκετο,</em></span> 
     </span>
     <span class='ocr_line' id='line_1_3' title="bbox 111 296 1744 378; baseline 0 -21"><span class='ocrx_word' id='word_1_15' title='bbox 111 298 179 331; x_wconf 64' lang='lat' dir='ltr'><strong>Ind‘</strong></span> <span class='ocrx_word' id='word_1_16' title='bbox 195 296 256 378; x_wconf 75' lang='lat'>413</span> <span class='ocrx_word' id='word_1_17' title='bbox 267 315 452 370; x_wconf 79' lang='grc' dir='ltr'><em>δηλοῦσα</em></span> <span class='ocrx_word' id='word_1_18' title='bbox 471 313 544 356; x_wconf 83' lang='grc' dir='ltr'>τὸν</span> <span class='ocrx_word' id='word_1_19' title='bbox 566 310 800 369; x_wconf 79' lang='grc' dir='ltr'><em>Βαρλαὰμ,</em></span> <span class='ocrx_word' id='word_1_20' title='bbox 837 311 879 354; x_wconf 76' lang='grc' dir='ltr'><em>ἐν</em></span> <span class='ocrx_word' id='word_1_21' title='bbox 906 312 1189 370; x_wconf 80' lang='grc' dir='ltr'><em>Θεσσαλονίκῃ</em></span> <span class='ocrx_word' id='word_1_22' title='bbox 1219 310 1356 369; x_wconf 79' lang='grc' dir='ltr'><em>λόγοις</em></span> <span class='ocrx_word' id='word_1_23' title='bbox 1385 315 1490 357; x_wconf 77' lang='grc' dir='ltr'><em>τισὶν</em></span> <span class='ocrx_word' id='word_1_24' title='bbox 1522 312 1744 370; x_wconf 74' lang='grc' dir='ltr'><strong><em>ἐντυχόντα</em></strong></span> 
     </span>
     <span class='ocr_line' id='line_1_4' title="bbox 263 379 1745 440; baseline -0.001 -13"><span class='ocrx_word' id='word_1_25' title='bbox 263 387 340 427; x_wconf 84' lang='grc' dir='ltr'>τοῦ</span> <span class='ocrx_word' id='word_1_26' title='bbox 360 386 566 438; x_wconf 84' lang='grc' dir='ltr'><em>Παλαμᾶ,</em></span> <span class='ocrx_word' id='word_1_27' title='bbox 602 381 876 436; x_wconf 72' lang='grc' dir='ltr'><em>ἐπιλαβέσθαι</em></span> <span class='ocrx_word' id='word_1_28' title='bbox 898 379 1127 440; x_wconf 73' lang='grc' dir='ltr'><em>διαρρήδην</em></span> <span class='ocrx_word' id='word_1_29' title='bbox 1158 379 1393 439; x_wconf 83' lang='grc' dir='ltr'><em>γράφοντος</em></span> <span class='ocrx_word' id='word_1_30' title='bbox 1422 382 1551 426; x_wconf 80' lang='grc' dir='ltr'><em>αὐτοῦ</em></span> <span class='ocrx_word' id='word_1_31' title='bbox 1582 386 1649 426; x_wconf 83' lang='grc' dir='ltr'>καὶ</span> <span class='ocrx_word' id='word_1_32' title='bbox 1677 383 1745 426; x_wconf 78' lang='grc' dir='ltr'><em>λε’-</em></span> 
     </span>
     <span class='ocr_line' id='line_1_5' title="bbox 258 449 1744 512; baseline -0.001 -15"><span class='ocrx_word' id='word_1_33' title='bbox 258 470 405 511; x_wconf 88' lang='grc' dir='ltr'><em>γοντος</em></span> <span class='ocrx_word' id='word_1_34' title='bbox 416 485 429 506; x_wconf 95' lang='grc'><em>,</em></span> <span class='ocrx_word' id='word_1_35' title='bbox 468 457 719 507; x_wconf 82' lang='grc' dir='ltr'><em>σωματικοῖς</em></span> <span class='ocrx_word' id='word_1_36' title='bbox 744 450 984 508; x_wconf 74' lang='grc' dir='ltr'><em>ὀφθαλμοῖς</em></span> <span class='ocrx_word' id='word_1_37' title='bbox 1004 449 1107 512; x_wconf 78' lang='grc' dir='ltr'><em>ὃρᾷν</em></span> <span class='ocrx_word' id='word_1_38' title='bbox 1127 456 1202 494; x_wconf 89' lang='grc' dir='ltr'>τοῦ</span> <span class='ocrx_word' id='word_1_39' title='bbox 1226 456 1331 495; x_wconf 89' lang='grc' dir='ltr'><em>θεοῦ</em></span> <span class='ocrx_word' id='word_1_40' title='bbox 1352 452 1428 509; x_wconf 79' lang='grc' dir='ltr'>τὴν</span> <span class='ocrx_word' id='word_1_41' title='bbox 1451 453 1610 497; x_wconf 80' lang='grc' dir='ltr'><em>οὐσίαν.</em></span> <span class='ocrx_word' id='word_1_42' title='bbox 1648 453 1744 495; x_wconf 76' lang='grc' dir='ltr'><em>ἴσα-</em></span> 
     </span>
     <span class='ocr_line' id='line_1_6' title="bbox 261 519 1771 578; baseline -0.002 -11"><span class='ocrx_word' id='word_1_43' title='bbox 261 539 328 567; x_wconf 91' lang='grc' dir='ltr'>σιν</span> <span class='ocrx_word' id='word_1_44' title='bbox 358 521 536 573; x_wconf 81' lang='grc' dir='ltr'><em>ἅπαντες</em></span> <span class='ocrx_word' id='word_1_45' title='bbox 563 519 729 571; x_wconf 89' lang='grc' dir='ltr'><em>πάντως</em></span> <span class='ocrx_word' id='word_1_46' title='bbox 757 525 1052 578; x_wconf 79' lang='grc' dir='ltr'><em>μαρτυροῦντα</em></span> <span class='ocrx_word' id='word_1_47' title='bbox 1083 521 1203 565; x_wconf 74' lang='grc' dir='ltr'><em>τοῦτ’</em></span> <span class='ocrx_word' id='word_1_48' title='bbox 1234 521 1337 565; x_wconf 76' lang='grc' dir='ltr'><em>αὐτὸ</em></span> <span class='ocrx_word' id='word_1_49' title='bbox 1367 524 1434 565; x_wconf 82' lang='grc' dir='ltr'>καὶ</span> <span class='ocrx_word' id='word_1_50' title='bbox 1465 521 1511 566; x_wconf 79' lang='grc' dir='ltr'><em>ὃν</em></span> <span class='ocrx_word' id='word_1_51' title='bbox 1539 521 1560 566; x_wconf 83' lang='grc' dir='ltr'><em>ὅ</em></span> <span class='ocrx_word' id='word_1_52' title='bbox 1587 527 1771 566; x_wconf 88' lang='grc' dir='ltr'><em>Παλα-5</em></span> 
     </span>
     <span class='ocr_line' id='line_1_7' title="bbox 259 589 1744 649; baseline -0.001 -13"><span class='ocrx_word' id='word_1_53' title='bbox 259 597 345 649; x_wconf 83' lang='grc' dir='ltr'><em>μᾶς</em></span> <span class='ocrx_word' id='word_1_54' title='bbox 374 594 431 643; x_wconf 81' lang='grc' dir='ltr'>εἷς</span> <span class='ocrx_word' id='word_1_55' title='bbox 460 593 671 635; x_wconf 70' lang='grc' dir='ltr'><em>δικαίωσιν</em></span> <span class='ocrx_word' id='word_1_56' title='bbox 701 589 852 634; x_wconf 66' lang='grc' dir='ltr'><em>ἑαυτοῦ</em></span> <span class='ocrx_word' id='word_1_57' title='bbox 889 589 1169 648; x_wconf 79' lang='grc' dir='ltr'><em>προβάλλεται</em></span> <span class='ocrx_word' id='word_1_58' title='bbox 1201 590 1342 647; x_wconf 87' lang='grc' dir='ltr'><em>τόμον.</em></span> <span class='ocrx_word' id='word_1_59' title='bbox 1403 590 1630 636; x_wconf 80' lang='grc' dir='ltr'><em>Τοσούτων</em></span> <span class='ocrx_word' id='word_1_60' title='bbox 1657 593 1744 635; x_wconf 90' lang='grc' dir='ltr'><em>τοί-</em></span> 
     </span>
     <span class='ocr_line' id='line_1_8' title="bbox 259 659 1741 720; baseline -0.001 -14"><span class='ocrx_word' id='word_1_61' title='bbox 259 681 334 706; x_wconf 84' lang='grc' dir='ltr'>νυν</span> <span class='ocrx_word' id='word_1_62' title='bbox 361 662 532 719; x_wconf 75' lang='grc' dir='ltr'><em>ἐλέγχων</em></span> <span class='ocrx_word' id='word_1_63' title='bbox 562 659 714 705; x_wconf 74' lang='grc' dir='ltr'><em>οὑτωσὶ</em></span> <span class='ocrx_word' id='word_1_64' title='bbox 746 660 826 718; x_wconf 84' lang='grc' dir='ltr'>πρὸ</span> <span class='ocrx_word' id='word_1_65' title='bbox 858 663 1000 704; x_wconf 84' lang='grc' dir='ltr'><em>ποδῶν</em></span> <span class='ocrx_word' id='word_1_66' title='bbox 1038 661 1267 716; x_wconf 70' lang='grc' dir='ltr'><em>ἱσταμένων</em></span> <span class='ocrx_word' id='word_1_67' title='bbox 1301 663 1345 704; x_wconf 75' lang='grc' dir='ltr'><em>ἐκ</em></span> <span class='ocrx_word' id='word_1_68' title='bbox 1373 666 1449 705; x_wconf 84' lang='grc' dir='ltr'>τοῦ</span> <span class='ocrx_word' id='word_1_69' title='bbox 1484 667 1741 720; x_wconf 78' lang='grc' dir='ltr'><em>προφανοῦς,</em></span> 
     </span>
     <span class='ocr_line' id='line_1_9' title="bbox 223 729 1744 791; baseline -0.001 -15"><span class='ocrx_word' id='word_1_70' title='bbox 223 735 331 777; x_wconf 80' lang='grc' dir='ltr'><em>Οκαὶ</em></span> <span class='ocrx_word' id='word_1_71' title='bbox 352 734 447 790; x_wconf 81' lang='grc' dir='ltr'><em>πρὶν</em></span> <span class='ocrx_word' id='word_1_72' title='bbox 467 736 648 791; x_wconf 78' lang='grc' dir='ltr'><em>φανῆναι</em></span> <span class='ocrx_word' id='word_1_73' title='bbox 666 731 878 787; x_wconf 81' lang='grc' dir='ltr'><em>Βαρλαὰμ</em></span> <span class='ocrx_word' id='word_1_74' title='bbox 898 732 940 774; x_wconf 76' lang='grc' dir='ltr'><em>ἐν</em></span> <span class='ocrx_word' id='word_1_75' title='bbox 960 729 1072 788; x_wconf 84' lang='grc' dir='ltr'><em>ὅροις</em></span> <span class='ocrx_word' id='word_1_76' title='bbox 1095 729 1345 788; x_wconf 77' lang='grc' dir='ltr'><em>Ἑλληνικοῖς</em></span> <span class='ocrx_word' id='word_1_77' title='bbox 1375 731 1616 776; x_wconf 73' lang='grc' dir='ltr'><em>δεικνύντων</em></span> <span class='ocrx_word' id='word_1_78' title='bbox 1644 731 1744 788; x_wconf 61' lang='grc' dir='ltr'><em>ἔχειν</em></span> 
     </span>
     <span class='ocr_line' id='line_1_10' title="bbox 259 800 1744 862; baseline -0.001 -16"><span class='ocrx_word' id='word_1_79' title='bbox 259 802 338 859; x_wconf 85' lang='grc' dir='ltr'>τὴν</span> <span class='ocrx_word' id='word_1_80' title='bbox 367 800 491 862; x_wconf 77' lang='grc' dir='ltr'><em>νόσον</em></span> <span class='ocrx_word' id='word_1_81' title='bbox 515 803 702 844; x_wconf 72' lang='grc' dir='ltr'><em>ἐνταῦθα</em></span> <span class='ocrx_word' id='word_1_82' title='bbox 731 801 803 844; x_wconf 86' lang='grc' dir='ltr'>τὸν</span> <span class='ocrx_word' id='word_1_83' title='bbox 825 804 1060 856; x_wconf 80' lang='grc' dir='ltr'><em>ῙΙαλαμᾶν,</em></span> <span class='ocrx_word' id='word_1_84' title='bbox 1098 803 1161 852; x_wconf 91' lang='grc' dir='ltr'>τίς</span> <span class='ocrx_word' id='word_1_85' title='bbox 1188 801 1326 857; x_wconf 73' lang='grc' dir='ltr'><em>ὄνησις</em></span> <span class='ocrx_word' id='word_1_86' title='bbox 1356 801 1523 858; x_wconf 78' lang='grc' dir='ltr'><em>ἀληθὴς</em></span> <span class='ocrx_word' id='word_1_87' title='bbox 1551 809 1641 852; x_wconf 81' lang='grc' dir='ltr'><em>ταῖς</em></span> <span class='ocrx_word' id='word_1_88' title='bbox 1669 806 1744 845; x_wconf 83' lang='grc' dir='ltr'>τοῦ</span> 
     </span>
     <span class='ocr_line' id='line_1_11' title="bbox 260 871 1794 931; baseline -0.001 -15"><span class='ocrx_word' id='word_1_89' title='bbox 260 875 454 928; x_wconf 82' lang='grc' dir='ltr'><em>Παλαμᾶ</em></span> <span class='ocrx_word' id='word_1_90' title='bbox 488 871 695 930; x_wconf 74' lang='grc' dir='ltr'><em>περιέσται</em></span> <span class='ocrx_word' id='word_1_91' title='bbox 724 872 1012 928; x_wconf 75' lang='grc' dir='ltr'><em>κατηγορίαις,</em></span> <span class='ocrx_word' id='word_1_92' title='bbox 1049 872 1112 914; x_wconf 72' lang='grc' dir='ltr'><em>ἐπὶ</em></span> <span class='ocrx_word' id='word_1_93' title='bbox 1139 875 1290 931; x_wconf 77' lang='grc' dir='ltr'><em>σαθρῷ</em></span> <span class='ocrx_word' id='word_1_94' title='bbox 1319 872 1497 931; x_wconf 75' lang='grc' dir='ltr'><em>θεμελίῳ</em></span> <span class='ocrx_word' id='word_1_95' title='bbox 1519 872 1649 927; x_wconf 77' lang='grc' dir='ltr'><em>συχνὰ</em></span> <span class='ocrx_word' id='word_1_96' title='bbox 1669 889 1743 914; x_wconf 87' lang='grc' dir='ltr'>κα-</span> <span class='ocrx_word' id='word_1_97' title='bbox 1759 881 1794 914; x_wconf 73' lang='grc'>1(</span> 
     </span>
     <span class='ocr_line' id='line_1_12' title="bbox 111 939 1746 1000; baseline -0.001 -14"><span class='ocrx_word' id='word_1_98' title='bbox 111 950 152 986; x_wconf 86' lang='lat' dir='ltr'>V.</span> <span class='ocrx_word' id='word_1_99' title='bbox 170 947 240 989; x_wconf 84' lang='lat'>469</span> <span class='ocrx_word' id='word_1_100' title='bbox 263 940 507 1000; x_wconf 80' lang='grc' dir='ltr'><em>ταφεύγειν,</em></span> <span class='ocrx_word' id='word_1_101' title='bbox 546 940 733 996; x_wconf 75' lang='grc' dir='ltr'><em>τοῦνομα</em></span> <span class='ocrx_word' id='word_1_102' title='bbox 768 941 871 998; x_wconf 84' lang='grc' dir='ltr'><em>λε’γω</em></span> <span class='ocrx_word' id='word_1_103' title='bbox 902 945 977 984; x_wconf 87' lang='grc' dir='ltr'>τοῦ</span> <span class='ocrx_word' id='word_1_104' title='bbox 1009 940 1247 999; x_wconf 86' lang='grc' dir='ltr'><em>Βαρλαάμ;</em></span> <span class='ocrx_word' id='word_1_105' title='bbox 1284 939 1452 991; x_wconf 87' lang='grc' dir='ltr'><em>πάντως</em></span> <span class='ocrx_word' id='word_1_106' title='bbox 1494 942 1562 984; x_wconf 72' lang='grc' dir='ltr'>διὰ</span> <span class='ocrx_word' id='word_1_107' title='bbox 1593 942 1640 985; x_wconf 80' lang='grc' dir='ltr'><em>τὸ</em></span> <span class='ocrx_word' id='word_1_108' title='bbox 1672 946 1746 997; x_wconf 78' lang='grc' dir='ltr'>τῆς</span> 
     </span>
     <span class='ocr_line' id='line_1_13' title="bbox 261 1010 1746 1070; baseline -0.002 -13"><span class='ocrx_word' id='word_1_109' title='bbox 261 1014 489 1070; x_wconf 74' lang='grc' dir='ltr'><em>θρησκείας</em></span> <span class='ocrx_word' id='word_1_110' title='bbox 509 1015 743 1067; x_wconf 72' lang='grc' dir='ltr'><em>μισηθῆναι</em></span> <span class='ocrx_word' id='word_1_111' title='bbox 766 1013 833 1053; x_wconf 85' lang='grc' dir='ltr'>καὶ</span> <span class='ocrx_word' id='word_1_112' title='bbox 852 1012 1083 1068; x_wconf 73' lang='grc' dir='ltr'><em>διωχθῆναι</em></span> <span class='ocrx_word' id='word_1_113' title='bbox 1101 1011 1174 1054; x_wconf 80' lang='grc' dir='ltr'>τὸν</span> <span class='ocrx_word' id='word_1_114' title='bbox 1194 1010 1435 1068; x_wconf 77' lang='grc' dir='ltr'><em>ἄνθρωπον,</em></span> <span class='ocrx_word' id='word_1_115' title='bbox 1468 1013 1637 1062; x_wconf 70' lang='grc' dir='ltr'><em>ἐλπίσας</em></span> <span class='ocrx_word' id='word_1_116' title='bbox 1658 1011 1746 1055; x_wconf 64' lang='grc' dir='ltr'><em>ἔσε-</em></span> 
     </span>
     <span class='ocr_line' id='line_1_14' title="bbox 257 1079 1746 1137; baseline -0.001 -11"><span class='ocrx_word' id='word_1_117' title='bbox 257 1083 373 1126; x_wconf 87' lang='grc' dir='ltr'><em>σθαί</em></span> <span class='ocrx_word' id='word_1_118' title='bbox 399 1098 439 1125; x_wconf 88' lang='grc' dir='ltr'>τι</span> <span class='ocrx_word' id='word_1_119' title='bbox 467 1083 536 1125; x_wconf 86' lang='grc' dir='ltr'>καὶ</span> <span class='ocrx_word' id='word_1_120' title='bbox 561 1085 686 1124; x_wconf 88' lang='grc' dir='ltr'><em>τοῦτο</em></span> <span class='ocrx_word' id='word_1_121' title='bbox 709 1079 916 1137; x_wconf 80' lang='grc' dir='ltr'><em>βοήθημα</em></span> <span class='ocrx_word' id='word_1_122' title='bbox 950 1081 1057 1124; x_wconf 73' lang='grc' dir='ltr'><em>καθ’</em></span> <span class='ocrx_word' id='word_1_123' title='bbox 1084 1079 1228 1137; x_wconf 74' lang='grc' dir='ltr'><em>ἡμῶν,</em></span> <span class='ocrx_word' id='word_1_124' title='bbox 1268 1082 1746 1137; x_wconf 72' lang='grc' dir='ltr'><em>συνδιαβληθησομένων</em></span> 
     </span>
     <span class='ocr_line' id='line_1_15' title="bbox 262 1148 1747 1212; baseline -0.001 -17"><span class='ocrx_word' id='word_1_125' title='bbox 262 1153 414 1212; x_wconf 73' lang='grc' dir='ltr'><em>ἐκείνῳ.</em></span> <span class='ocrx_word' id='word_1_126' title='bbox 459 1148 733 1208; x_wconf 69' lang='grc' dir='ltr'><em>εὐπροσώπου</em></span> <span class='ocrx_word' id='word_1_127' title='bbox 764 1151 843 1208; x_wconf 79' lang='grc' dir='ltr'>γὰρ</span> <span class='ocrx_word' id='word_1_128' title='bbox 874 1148 901 1207; x_wconf 77' lang='grc' dir='ltr'>ἡ</span> <span class='ocrx_word' id='word_1_129' title='bbox 931 1152 1054 1193; x_wconf 84' lang='grc' dir='ltr'><em>κακία</em></span> <span class='ocrx_word' id='word_1_130' title='bbox 1088 1149 1338 1209; x_wconf 73' lang='grc' dir='ltr'><em>προφάσεως</em></span> <span class='ocrx_word' id='word_1_131' title='bbox 1365 1149 1633 1208; x_wconf 82' lang='grc' dir='ltr'><em>εὖπορήσασα</em></span> <span class='ocrx_word' id='word_1_132' title='bbox 1669 1151 1747 1210; x_wconf 75' lang='grc' dir='ltr'>ῥᾳ-</span> 
     </span>
     <span class='ocr_line' id='line_1_16' title="bbox 220 1219 1794 1277; baseline -0.001 -12"><span class='ocrx_word' id='word_1_133' title='bbox 220 1223 362 1273; x_wconf 78' lang='grc' dir='ltr'><em>Βδίως</em></span> <span class='ocrx_word' id='word_1_134' title='bbox 384 1223 450 1265; x_wconf 75' lang='grc' dir='ltr'><em>ἐπὶ</em></span> <span class='ocrx_word' id='word_1_135' title='bbox 469 1220 516 1264; x_wconf 83' lang='grc' dir='ltr'><em>τὸ</em></span> <span class='ocrx_word' id='word_1_136' title='bbox 539 1219 782 1276; x_wconf 76' lang='grc' dir='ltr'><em>’ψεύδεσθαί</em></span> <span class='ocrx_word' id='word_1_137' title='bbox 797 1238 841 1263; x_wconf 93' lang='grc' dir='ltr'>τε</span> <span class='ocrx_word' id='word_1_138' title='bbox 863 1222 929 1263; x_wconf 82' lang='grc' dir='ltr'>καὶ</span> <span class='ocrx_word' id='word_1_139' title='bbox 953 1219 1188 1276; x_wconf 73' lang='grc' dir='ltr'><em>διαβάλλειν</em></span> <span class='ocrx_word' id='word_1_140' title='bbox 1220 1222 1288 1264; x_wconf 81' lang='grc' dir='ltr'>καὶ</span> <span class='ocrx_word' id='word_1_141' title='bbox 1316 1219 1571 1277; x_wconf 74' lang='grc' dir='ltr'><em>πραγμάτιον</em></span> <span class='ocrx_word' id='word_1_142' title='bbox 1590 1225 1745 1277; x_wconf 81' lang='grc' dir='ltr'><em>χειμῶ-</em></span> <span class='ocrx_word' id='word_1_143' title='bbox 1759 1229 1794 1264; x_wconf 71' lang='grc' dir='ltr'>Ιξ</span> 
     </span>
     <span class='ocr_line' id='line_1_17' title="bbox 262 1288 1744 1348; baseline 0 -13"><span class='ocrx_word' id='word_1_144' title='bbox 262 1309 339 1342; x_wconf 91' lang='grc' dir='ltr'>νας</span> <span class='ocrx_word' id='word_1_145' title='bbox 361 1292 521 1348; x_wconf 67' lang='grc' dir='ltr'><em>ἐγείρειν</em></span> <span class='ocrx_word' id='word_1_146' title='bbox 549 1297 686 1348; x_wconf 82' lang='grc' dir='ltr'><em>χωρεῖ.</em></span> <span class='ocrx_word' id='word_1_147' title='bbox 729 1288 856 1345; x_wconf 74' lang='grc' dir='ltr'><em>Οἶμαι</em></span> <span class='ocrx_word' id='word_1_148' title='bbox 878 1290 957 1347; x_wconf 76' lang='grc' dir='ltr'>γὰρ</span> <span class='ocrx_word' id='word_1_149' title='bbox 984 1289 1040 1341; x_wconf 79' lang='grc' dir='ltr'><em>ὥς</em></span> <span class='ocrx_word' id='word_1_150' title='bbox 1060 1293 1094 1333; x_wconf 84' lang='grc' dir='ltr'>εἷ</span> <span class='ocrx_word' id='word_1_151' title='bbox 1121 1289 1229 1333; x_wconf 89' lang='grc' dir='ltr'><em>πάνυ</em></span> <span class='ocrx_word' id='word_1_152' title='bbox 1250 1289 1380 1333; x_wconf 72' lang='grc' dir='ltr'><em>πολὺν</em></span> <span class='ocrx_word' id='word_1_153' title='bbox 1402 1288 1561 1334; x_wconf 77' lang='grc' dir='ltr'><em>ἐσκόπει</em></span> <span class='ocrx_word' id='word_1_154' title='bbox 1576 1289 1744 1348; x_wconf 81' lang='grc' dir='ltr'><em>χρόνον,</em></span> 
     </span>
     <span class='ocr_line' id='line_1_18' title="bbox 262 1358 1747 1417; baseline 0 -12"><span class='ocrx_word' id='word_1_155' title='bbox 262 1366 354 1412; x_wconf 83' lang='grc' dir='ltr'>πῶς</span> <span class='ocrx_word' id='word_1_156' title='bbox 379 1361 430 1404; x_wconf 75' lang='grc' dir='ltr'><em>ἂν</em></span> <span class='ocrx_word' id='word_1_157' title='bbox 450 1360 666 1403; x_wconf 75' lang='grc' dir='ltr'><em>ἐπαινέσειε</em></span> <span class='ocrx_word' id='word_1_158' title='bbox 684 1361 760 1416; x_wconf 72' lang='grc' dir='ltr'><em>μὲν</em></span> <span class='ocrx_word' id='word_1_159' title='bbox 780 1360 853 1403; x_wconf 83' lang='grc' dir='ltr'>τὸν</span> <span class='ocrx_word' id='word_1_160' title='bbox 877 1363 1022 1404; x_wconf 83' lang='grc' dir='ltr'><em>οῗκεῖον</em></span> <span class='ocrx_word' id='word_1_161' title='bbox 1043 1360 1197 1417; x_wconf 70' lang='grc' dir='ltr'><em>ἐχθρὸν</em></span> <span class='ocrx_word' id='word_1_162' title='bbox 1220 1359 1431 1417; x_wconf 76' lang='grc' dir='ltr'><em>Βαρλαὰμ</em></span> <span class='ocrx_word' id='word_1_163' title='bbox 1457 1358 1477 1403; x_wconf 81' lang='grc' dir='ltr'>ὅ</span> <span class='ocrx_word' id='word_1_164' title='bbox 1508 1362 1657 1415; x_wconf 80' lang='grc' dir='ltr'><em>σεμνὸς</em></span> <span class='ocrx_word' id='word_1_165' title='bbox 1674 1360 1747 1405; x_wconf 80' lang='grc' dir='ltr'><em>οὗ-</em></span> 
     </span>
     <span class='ocr_line' id='line_1_19' title="bbox 262 1422 1748 1488; baseline 0.001 -14"><span class='ocrx_word' id='word_1_166' title='bbox 262 1433 356 1475; x_wconf 84' lang='grc' dir='ltr'><em>τοσὶ</em></span> <span class='ocrx_word' id='word_1_167' title='bbox 375 1422 590 1485; x_wconf 77' lang='grc' dir='ltr'><em>Παλαμᾶς</em></span> <span class='ocrx_word' id='word_1_168' title='bbox 603 1463 616 1483; x_wconf 97' lang='grc'><em>,</em></span> <span class='ocrx_word' id='word_1_169' title='bbox 656 1428 806 1473; x_wconf 72' lang='grc' dir='ltr'><em>ἑαυτοῦ</em></span> <span class='ocrx_word' id='word_1_170' title='bbox 832 1431 856 1472; x_wconf 88' lang='grc' dir='ltr'><em>δ</em></span> <span class='ocrx_word' id='word_1_171' title='bbox 863 1429 876 1445; x_wconf 78' lang='lat'>²</span> <span class='ocrx_word' id='word_1_172' title='bbox 904 1429 1054 1474; x_wconf 83' lang='grc' dir='ltr'><em>οὗτωσὶ</em></span> <span class='ocrx_word' id='word_1_173' title='bbox 1074 1435 1262 1488; x_wconf 77' lang='grc' dir='ltr'><em>φανερῶς</em></span> <span class='ocrx_word' id='word_1_174' title='bbox 1281 1429 1379 1479; x_wconf 71' lang='grc' dir='ltr'><em>τοὺς</em></span> <span class='ocrx_word' id='word_1_175' title='bbox 1397 1429 1584 1486; x_wconf 74' lang='grc' dir='ltr'><em>ἐλέγχους</em></span> <span class='ocrx_word' id='word_1_176' title='bbox 1610 1433 1748 1482; x_wconf 78' lang='grc' dir='ltr'><em>δείξειε</em></span> 
     </span>
     <span class='ocr_line' id='line_1_20' title="bbox 263 1498 1748 1558; baseline 0 -14"><span class='ocrx_word' id='word_1_177' title='bbox 263 1505 341 1556; x_wconf 80' lang='grc' dir='ltr'>τῆς</span> <span class='ocrx_word' id='word_1_178' title='bbox 363 1500 605 1554; x_wconf 81' lang='grc' dir='ltr'><em>δυσσεβείας</em></span> <span class='ocrx_word' id='word_1_179' title='bbox 625 1499 810 1558; x_wconf 74' lang='grc' dir='ltr'><em>ἄφυκτον</em></span> <span class='ocrx_word' id='word_1_180' title='bbox 829 1498 930 1555; x_wconf 64' lang='grc' dir='ltr'><em>ἔχειν</em></span> <span class='ocrx_word' id='word_1_181' title='bbox 956 1502 1024 1543; x_wconf 85' lang='grc' dir='ltr'>καὶ</span> <span class='ocrx_word' id='word_1_182' title='bbox 1043 1499 1205 1555; x_wconf 80' lang='grc' dir='ltr'><em>ἄμαχον</em></span> <span class='ocrx_word' id='word_1_183' title='bbox 1227 1499 1303 1556; x_wconf 85' lang='grc' dir='ltr'>τὴν</span> <span class='ocrx_word' id='word_1_184' title='bbox 1322 1498 1462 1555; x_wconf 74' lang='grc' dir='ltr'><em>ἰσχὺν,</em></span> <span class='ocrx_word' id='word_1_185' title='bbox 1487 1499 1562 1542; x_wconf 79' lang='grc' dir='ltr'>οὐκ</span> <span class='ocrx_word' id='word_1_186' title='bbox 1582 1498 1633 1543; x_wconf 76' lang='grc' dir='ltr'><em>ἂν</em></span> <span class='ocrx_word' id='word_1_187' title='bbox 1648 1505 1748 1554; x_wconf 83' lang='grc' dir='ltr'><em>βελ-</em></span> 
     </span>
     <span class='ocr_line' id='line_1_21' title="bbox 199 1566 1794 1633; baseline -0.001 -19"><span class='ocrx_word' id='word_1_188' title='bbox 199 1627 203 1633; x_wconf 17' lang='lat'>¹</span> <span class='ocrx_word' id='word_1_189' title='bbox 264 1571 341 1614; x_wconf 84' lang='grc' dir='ltr'>τίω</span> <span class='ocrx_word' id='word_1_190' title='bbox 368 1588 411 1614; x_wconf 87' lang='grc' dir='ltr'>τε</span> <span class='ocrx_word' id='word_1_191' title='bbox 440 1571 508 1613; x_wconf 84' lang='grc' dir='ltr'>καὶ</span> <span class='ocrx_word' id='word_1_192' title='bbox 534 1570 846 1627; x_wconf 58' lang='grc' dir='ltr'><em>καθαρωτέραν,</em></span> <span class='ocrx_word' id='word_1_193' title='bbox 868 1567 1023 1626; x_wconf 80' lang='grc' dir='ltr'><em>ταύτης</em></span> <span class='ocrx_word' id='word_1_194' title='bbox 1054 1569 1261 1627; x_wconf 73' lang='grc' dir='ltr'><em>εἴληφὲναι</em></span> <span class='ocrx_word' id='word_1_195' title='bbox 1288 1570 1388 1612; x_wconf 78' lang='grc' dir='ltr'><em>ποτὲ</em></span> <span class='ocrx_word' id='word_1_196' title='bbox 1418 1566 1641 1626; x_wconf 86' lang='grc' dir='ltr'><em>πρόφασιν.</em></span> <span class='ocrx_word' id='word_1_197' title='bbox 1697 1570 1745 1615; x_wconf 77' lang='grc' dir='ltr'><em>τὸ</em></span> <span class='ocrx_word' id='word_1_198' title='bbox 1758 1579 1794 1614; x_wconf 79' lang='grc'>2(</span> 
     </span>
     <span class='ocr_line' id='line_1_22' title="bbox 225 1637 1745 1697; baseline 0.001 -15"><span class='ocrx_word' id='word_1_199' title='bbox 225 1640 346 1697; x_wconf 81' lang='grc' dir='ltr'><em>Εγάρ</em></span> <span class='ocrx_word' id='word_1_200' title='bbox 378 1644 549 1683; x_wconf 80' lang='grc' dir='ltr'><em>πλεῖστα</em></span> <span class='ocrx_word' id='word_1_201' title='bbox 573 1637 760 1695; x_wconf 86' lang='grc' dir='ltr'><em>καμόντα</em></span> <span class='ocrx_word' id='word_1_202' title='bbox 789 1638 920 1696; x_wconf 81' lang='grc' dir='ltr'><em>ἀρχὴν</em></span> <span class='ocrx_word' id='word_1_203' title='bbox 946 1640 1127 1697; x_wconf 80' lang='grc' dir='ltr'><em>εὐπρεπῆ</em></span> <span class='ocrx_word' id='word_1_204' title='bbox 1157 1646 1248 1689; x_wconf 79' lang='grc' dir='ltr'><em>ταῖς</em></span> <span class='ocrx_word' id='word_1_205' title='bbox 1278 1638 1517 1694; x_wconf 82' lang='grc' dir='ltr'><em>ἀπολογίαις</em></span> <span class='ocrx_word' id='word_1_206' title='bbox 1538 1643 1624 1682; x_wconf 86' lang='grc' dir='ltr'>τῶν</span> <span class='ocrx_word' id='word_1_207' title='bbox 1645 1640 1745 1684; x_wconf 73' lang='grc' dir='ltr'><em>κατ’</em></span> 
     </span>
     <span class='ocr_line' id='line_1_23' title="bbox 266 1708 1747 1768; baseline 0.001 -16"><span class='ocrx_word' id='word_1_208' title='bbox 266 1710 397 1754; x_wconf 77' lang='grc' dir='ltr'><em>αὐτοῦ</em></span> <span class='ocrx_word' id='word_1_209' title='bbox 427 1708 653 1766; x_wconf 72' lang='grc' dir='ltr'><em>λεγομένων</em></span> <span class='ocrx_word' id='word_1_210' title='bbox 680 1713 924 1767; x_wconf 72' lang='grc' dir='ltr'><em>προθεῖναι,</em></span> <span class='ocrx_word' id='word_1_211' title='bbox 961 1709 1099 1752; x_wconf 64' lang='grc' dir='ltr'><em>ἔπειτα</em></span> <span class='ocrx_word' id='word_1_212' title='bbox 1126 1708 1185 1765; x_wconf 83' lang='grc' dir='ltr'>μὴ</span> <span class='ocrx_word' id='word_1_213' title='bbox 1223 1708 1483 1764; x_wconf 74' lang='grc' dir='ltr'><em>δυνηθέντα,</em></span> <span class='ocrx_word' id='word_1_214' title='bbox 1520 1713 1672 1768; x_wconf 80' lang='grc' dir='ltr'><em>σαθρῷ</em></span> <span class='ocrx_word' id='word_1_215' title='bbox 1703 1711 1747 1761; x_wconf 72' lang='grc' dir='ltr'>ἐξ</span> 
     </span>
     <span class='ocr_line' id='line_1_24' title="bbox 266 1776 1745 1838; baseline 0.001 -16"><span class='ocrx_word' id='word_1_216' title='bbox 266 1777 446 1838; x_wconf 75' lang='grc' dir='ltr'><em>ἀνάγκης</em></span> <span class='ocrx_word' id='word_1_217' title='bbox 466 1780 698 1838; x_wconf 75' lang='grc' dir='ltr'><em>ἐρείδεσθαι</em></span> <span class='ocrx_word' id='word_1_218' title='bbox 723 1776 891 1837; x_wconf 81' lang='grc' dir='ltr'><em>ψεύδει,</em></span> <span class='ocrx_word' id='word_1_219' title='bbox 930 1784 1010 1824; x_wconf 90' lang='grc' dir='ltr'>ποῦ</span> <span class='ocrx_word' id='word_1_220' title='bbox 1033 1779 1107 1823; x_wconf 76' lang='grc' dir='ltr'>οὐκ</span> <span class='ocrx_word' id='word_1_221' title='bbox 1128 1776 1178 1822; x_wconf 76' lang='grc' dir='ltr'><em>ἂν</em></span> <span class='ocrx_word' id='word_1_222' title='bbox 1196 1776 1356 1822; x_wconf 82' lang='grc' dir='ltr'><em>ἀτόπου</em></span> <span class='ocrx_word' id='word_1_223' title='bbox 1376 1776 1562 1836; x_wconf 83' lang='grc' dir='ltr'><em>γλώττης</em></span> <span class='ocrx_word' id='word_1_224' title='bbox 1578 1778 1745 1836; x_wconf 77' lang='grc' dir='ltr'><em>ἤλασεν,</em></span> 
     </span>
    </p>
   </div>
   <div class='ocr_carea' id='block_1_3' title="bbox 259 1955 1752 2892">
    <p class='ocr_par' dir='ltr' id='par_1_3' title="bbox 259 1955 1752 2892">
     <span class='ocr_line' id='line_1_25' title="bbox 265 1955 1748 2004; baseline -0.002 -11"><span class='ocrx_word' id='word_1_225' title='bbox 265 1956 363 2002; x_wconf 80' lang='lat' dir='ltr'>vulgi</span> <span class='ocrx_word' id='word_1_226' title='bbox 382 1960 618 2003; x_wconf 83' lang='lat' dir='ltr'>pervagatus,</span> <span class='ocrx_word' id='word_1_227' title='bbox 642 1958 776 1993; x_wconf 87' lang='lat' dir='ltr'>demum</span> <span class='ocrx_word' id='word_1_228' title='bbox 800 1957 844 1994; x_wconf 81' lang='lat' dir='ltr'>ad</span> <span class='ocrx_word' id='word_1_229' title='bbox 872 1969 934 1993; x_wconf 86' lang='lat' dir='ltr'>nos</span> <span class='ocrx_word' id='word_1_230' title='bbox 960 1968 1096 2004; x_wconf 87' lang='lat' dir='ltr'>quoque</span> <span class='ocrx_word' id='word_1_231' title='bbox 1118 1956 1298 2002; x_wconf 83' lang='lat' dir='ltr'>pervenit:</span> <span class='ocrx_word' id='word_1_232' title='bbox 1322 1955 1558 1997; x_wconf 84' lang='lat' dir='ltr'>Barlaamum,</span> <span class='ocrx_word' id='word_1_233' title='bbox 1584 1955 1748 2001; x_wconf 85' lang='lat' dir='ltr'>quasdam</span> 
     </span>
     <span class='ocr_line' id='line_1_26' title="bbox 265 2002 1749 2050; baseline -0.003 -10"><span class='ocrx_word' id='word_1_234' title='bbox 265 2004 430 2040; x_wconf 84' lang='lat' dir='ltr'>Palamae</span> <span class='ocrx_word' id='word_1_235' title='bbox 450 2005 622 2040; x_wconf 81' lang='lat' dir='ltr'>orationes</span> <span class='ocrx_word' id='word_1_236' title='bbox 642 2005 911 2040; x_wconf 84' lang='lat' dir='ltr'>Thessalonicae</span> <span class='ocrx_word' id='word_1_237' title='bbox 930 2009 1063 2039; x_wconf 83' lang='lat' dir='ltr'>nactum</span> <span class='ocrx_word' id='word_1_238' title='bbox 1075 2030 1086 2046; x_wconf 92' lang='lat'>,</span> <span class='ocrx_word' id='word_1_239' title='bbox 1110 2004 1374 2050; x_wconf 83' lang='lat' dir='ltr'><strong>reprehendisse</strong></span> <span class='ocrx_word' id='word_1_240' title='bbox 1393 2016 1485 2045; x_wconf 89' lang='lat' dir='ltr'>eum,</span> <span class='ocrx_word' id='word_1_241' title='bbox 1512 2002 1642 2037; x_wconf 81' lang='lat' dir='ltr'><strong>diserte</strong></span> <span class='ocrx_word' id='word_1_242' title='bbox 1661 2002 1749 2037; x_wconf 84' lang='lat' dir='ltr'>scri-</span> 
     </span>
     <span class='ocr_line' id='line_1_27' title="bbox 267 2049 1749 2098; baseline -0.002 -12"><span class='ocrx_word' id='word_1_243' title='bbox 267 2052 402 2086; x_wconf 86' lang='lat' dir='ltr'>bentem</span> <span class='ocrx_word' id='word_1_244' title='bbox 420 2051 656 2098; x_wconf 84' lang='lat' dir='ltr'>dicentemque</span> <span class='ocrx_word' id='word_1_245' title='bbox 677 2064 715 2087; x_wconf 85' lang='lat' dir='ltr'>se</span> <span class='ocrx_word' id='word_1_246' title='bbox 733 2052 842 2087; x_wconf 89' lang='lat' dir='ltr'>oculis</span> <span class='ocrx_word' id='word_1_247' title='bbox 868 2052 1046 2097; x_wconf 87' lang='lat' dir='ltr'>corporeis</span> <span class='ocrx_word' id='word_1_248' title='bbox 1068 2050 1291 2086; x_wconf 79' lang='lat' dir='ltr'>substantiam</span> <span class='ocrx_word' id='word_1_249' title='bbox 1311 2051 1380 2086; x_wconf 91' lang='lat' dir='ltr'>Dei</span> <span class='ocrx_word' id='word_1_250' title='bbox 1401 2051 1531 2085; x_wconf 87' lang='lat' dir='ltr'>videre.</span> <span class='ocrx_word' id='word_1_251' title='bbox 1580 2049 1620 2084; x_wconf 91' lang='lat' dir='ltr'>ld</span> <span class='ocrx_word' id='word_1_252' title='bbox 1636 2050 1749 2094; x_wconf 85' lang='lat' dir='ltr'>ipsum</span> 
     </span>
     <span class='ocr_line' id='line_1_28' title="bbox 265 2096 1750 2144; baseline 0 -13"><span class='ocrx_word' id='word_1_253' title='bbox 265 2108 374 2141; x_wconf 81' lang='lat' dir='ltr'>vero,</span> <span class='ocrx_word' id='word_1_254' title='bbox 398 2102 438 2131; x_wconf 81' lang='lat' dir='ltr'>ut</span> <span class='ocrx_word' id='word_1_255' title='bbox 456 2109 572 2133; x_wconf 84' lang='lat' dir='ltr'>omnes</span> <span class='ocrx_word' id='word_1_256' title='bbox 589 2099 722 2141; x_wconf 78' lang='lat' dir='ltr'>sciunt,</span> <span class='ocrx_word' id='word_1_257' title='bbox 743 2102 894 2133; x_wconf 87' lang='lat' dir='ltr'>testatur</span> <span class='ocrx_word' id='word_1_258' title='bbox 911 2099 942 2132; x_wconf 88' lang='lat' dir='ltr'>is</span> <span class='ocrx_word' id='word_1_259' title='bbox 959 2099 1088 2132; x_wconf 86' lang='lat' dir='ltr'>Tomus</span> <span class='ocrx_word' id='word_1_260' title='bbox 1100 2123 1111 2140; x_wconf 90' lang='lat'>‚</span> <span class='ocrx_word' id='word_1_261' title='bbox 1136 2110 1238 2144; x_wconf 88' lang='lat' dir='ltr'>quem</span> <span class='ocrx_word' id='word_1_262' title='bbox 1259 2098 1303 2132; x_wconf 87' lang='lat' dir='ltr'>ad</span> <span class='ocrx_word' id='word_1_263' title='bbox 1321 2098 1376 2132; x_wconf 86' lang='lat' dir='ltr'>sui</span> <span class='ocrx_word' id='word_1_264' title='bbox 1396 2097 1626 2132; x_wconf 80' lang='lat' dir='ltr'>defensionem</span> <span class='ocrx_word' id='word_1_265' title='bbox 1644 2096 1750 2131; x_wconf 81' lang='lat' dir='ltr'>Pala-</span> 
     </span>
     <span class='ocr_line' id='line_1_29' title="bbox 266 2143 1750 2192; baseline -0.002 -13"><span class='ocrx_word' id='word_1_266' title='bbox 266 2155 341 2179; x_wconf 85' lang='lat' dir='ltr'>mas</span> <span class='ocrx_word' id='word_1_267' title='bbox 360 2143 507 2188; x_wconf 76' lang='lat' dir='ltr'><strong>profert.</strong></span> <span class='ocrx_word' id='word_1_268' title='bbox 554 2146 641 2179; x_wconf 91' lang='lat' dir='ltr'>Cum</span> <span class='ocrx_word' id='word_1_269' title='bbox 657 2145 778 2192; x_wconf 80' lang='lat' dir='ltr'>itaque</span> <span class='ocrx_word' id='word_1_270' title='bbox 792 2147 846 2180; x_wconf 83' lang='lat' dir='ltr'>tot</span> <span class='ocrx_word' id='word_1_271' title='bbox 861 2145 991 2179; x_wconf 89' lang='lat' dir='ltr'>indicia</span> <span class='ocrx_word' id='word_1_272' title='bbox 1008 2145 1059 2178; x_wconf 86' lang='lat' dir='ltr'>sic</span> <span class='ocrx_word' id='word_1_273' title='bbox 1077 2145 1175 2190; x_wconf 88' lang='lat' dir='ltr'>quasi</span> <span class='ocrx_word' id='word_1_274' title='bbox 1191 2150 1271 2179; x_wconf 83' lang='lat' dir='ltr'>ante</span> <span class='ocrx_word' id='word_1_275' title='bbox 1290 2145 1395 2190; x_wconf 88' lang='lat' dir='ltr'>pedes</span> <span class='ocrx_word' id='word_1_276' title='bbox 1416 2144 1613 2190; x_wconf 85' lang='lat' dir='ltr'>praesentia</span> <span class='ocrx_word' id='word_1_277' title='bbox 1625 2148 1662 2176; x_wconf 84' lang='lat' dir='ltr'>et</span> <span class='ocrx_word' id='word_1_278' title='bbox 1677 2154 1750 2176; x_wconf 89' lang='lat' dir='ltr'>ma-</span> 
     </span>
     <span class='ocr_line' id='line_1_30' title="bbox 265 2189 1750 2237; baseline -0.002 -12"><span class='ocrx_word' id='word_1_279' title='bbox 265 2191 399 2225; x_wconf 80' lang='lat' dir='ltr'>nifesta</span> <span class='ocrx_word' id='word_1_280' title='bbox 428 2190 677 2234; x_wconf 80' lang='lat' dir='ltr'>obversentur,</span> <span class='ocrx_word' id='word_1_281' title='bbox 711 2203 802 2237; x_wconf 83' lang='lat' dir='ltr'>quae</span> <span class='ocrx_word' id='word_1_282' title='bbox 832 2192 890 2226; x_wconf 83' lang='lat' dir='ltr'>vel</span> <span class='ocrx_word' id='word_1_283' title='bbox 917 2197 1099 2236; x_wconf 79' lang='lat' dir='ltr'>antequam</span> <span class='ocrx_word' id='word_1_284' title='bbox 1121 2191 1325 2226; x_wconf 80' lang='lat' dir='ltr'>Barlaamus</span> <span class='ocrx_word' id='word_1_285' title='bbox 1356 2191 1391 2225; x_wconf 91' lang='lat' dir='ltr'>in</span> <span class='ocrx_word' id='word_1_286' title='bbox 1420 2190 1595 2225; x_wconf 79' lang='lat' dir='ltr'><strong>Graeciae</strong></span> <span class='ocrx_word' id='word_1_287' title='bbox 1623 2189 1750 2223; x_wconf 84' lang='lat' dir='ltr'>finibus</span> 
     </span>
     <span class='ocr_line' id='line_1_31' title="bbox 269 2235 1750 2282; baseline -0.001 -12"><span class='ocrx_word' id='word_1_288' title='bbox 269 2237 538 2282; x_wconf 79' lang='lat' dir='ltr'>comparuisset,</span> <span class='ocrx_word' id='word_1_289' title='bbox 572 2250 613 2273; x_wconf 92' lang='lat' dir='ltr'>eo</span> <span class='ocrx_word' id='word_1_290' title='bbox 642 2239 760 2273; x_wconf 88' lang='lat' dir='ltr'>morbo</span> <span class='ocrx_word' id='word_1_291' title='bbox 794 2238 971 2273; x_wconf 80' lang='lat' dir='ltr'>laborasse</span> <span class='ocrx_word' id='word_1_292' title='bbox 1007 2239 1180 2274; x_wconf 83' lang='lat' dir='ltr'>Palamam</span> <span class='ocrx_word' id='word_1_293' title='bbox 1212 2238 1419 2280; x_wconf 84' lang='lat' dir='ltr'>ostendant,</span> <span class='ocrx_word' id='word_1_294' title='bbox 1456 2237 1583 2282; x_wconf 84' lang='lat' dir='ltr'>ecquid</span> <span class='ocrx_word' id='word_1_295' title='bbox 1608 2248 1646 2270; x_wconf 88' lang='lat' dir='ltr'>re</span> <span class='ocrx_word' id='word_1_296' title='bbox 1673 2235 1750 2281; x_wconf 83' lang='lat' dir='ltr'>ipsa</span> 
     </span>
     <span class='ocr_line' id='line_1_32' title="bbox 268 2281 1750 2331; baseline -0.003 -12"><span class='ocrx_word' id='word_1_297' title='bbox 268 2283 396 2319; x_wconf 88' lang='lat' dir='ltr'>deinde</span> <span class='ocrx_word' id='word_1_298' title='bbox 414 2284 575 2319; x_wconf 86' lang='lat' dir='ltr'>Palamae</span> <span class='ocrx_word' id='word_1_299' title='bbox 594 2285 631 2319; x_wconf 87' lang='lat' dir='ltr'>in</span> <span class='ocrx_word' id='word_1_300' title='bbox 649 2285 703 2319; x_wconf 85' lang='lat' dir='ltr'>his</span> <span class='ocrx_word' id='word_1_301' title='bbox 720 2285 994 2319; x_wconf 82' lang='lat' dir='ltr'>accusationibus</span> <span class='ocrx_word' id='word_1_302' title='bbox 1015 2284 1170 2331; x_wconf 87' lang='lat' dir='ltr'>proderit</span> <span class='ocrx_word' id='word_1_303' title='bbox 1187 2286 1231 2321; x_wconf 87' lang='lat' dir='ltr'>ad</span> <span class='ocrx_word' id='word_1_304' title='bbox 1248 2285 1416 2319; x_wconf 87' lang='lat' dir='ltr'>infirmum</span> <span class='ocrx_word' id='word_1_305' title='bbox 1433 2283 1517 2318; x_wconf 86' lang='lat' dir='ltr'>illud</span> <span class='ocrx_word' id='word_1_306' title='bbox 1537 2281 1750 2328; x_wconf 87' lang='lat' dir='ltr'>praesidium</span> 
     </span>
     <span class='ocr_line' id='line_1_33' title="bbox 268 2329 1749 2377; baseline -0.001 -13"><span class='ocrx_word' id='word_1_307' title='bbox 268 2331 476 2375; x_wconf 80' lang='lat' dir='ltr'>confugere,</span> <span class='ocrx_word' id='word_1_308' title='bbox 499 2330 545 2365; x_wconf 91' lang='lat' dir='ltr'>ad</span> <span class='ocrx_word' id='word_1_309' title='bbox 565 2342 687 2365; x_wconf 88' lang='lat' dir='ltr'>nomen</span> <span class='ocrx_word' id='word_1_310' title='bbox 705 2331 783 2365; x_wconf 87' lang='lat' dir='ltr'>dico</span> <span class='ocrx_word' id='word_1_311' title='bbox 803 2331 975 2366; x_wconf 85' lang='lat' dir='ltr'>Barlaami</span> <span class='ocrx_word' id='word_1_312' title='bbox 984 2333 1003 2366; x_wconf 67' lang='grc' dir='ltr'>*ἐ</span> <span class='ocrx_word' id='word_1_313' title='bbox 1028 2332 1197 2367; x_wconf 88' lang='lat' dir='ltr'>Nimirum</span> <span class='ocrx_word' id='word_1_314' title='bbox 1214 2331 1295 2377; x_wconf 87' lang='lat' dir='ltr'>quia</span> <span class='ocrx_word' id='word_1_315' title='bbox 1314 2331 1373 2365; x_wconf 87' lang='lat' dir='ltr'>ille</span> <span class='ocrx_word' id='word_1_316' title='bbox 1391 2331 1435 2364; x_wconf 92' lang='lat' dir='ltr'>ob</span> <span class='ocrx_word' id='word_1_317' title='bbox 1452 2329 1651 2374; x_wconf 81' lang='lat' dir='ltr'>religionem</span> <span class='ocrx_word' id='word_1_318' title='bbox 1670 2329 1749 2363; x_wconf 86' lang='lat' dir='ltr'>odio</span> 
     </span>
     <span class='ocr_line' id='line_1_34' title="bbox 269 2375 1750 2424; baseline -0.002 -13"><span class='ocrx_word' id='word_1_319' title='bbox 269 2377 339 2412; x_wconf 77' lang='lat' dir='ltr'>fuit</span> <span class='ocrx_word' id='word_1_320' title='bbox 360 2383 396 2412; x_wconf 84' lang='lat' dir='ltr'>et</span> <span class='ocrx_word' id='word_1_321' title='bbox 422 2382 562 2413; x_wconf 82' lang='lat' dir='ltr'>exactus</span> <span class='ocrx_word' id='word_1_322' title='bbox 584 2382 660 2420; x_wconf 88' lang='lat' dir='ltr'>est,</span> <span class='ocrx_word' id='word_1_323' title='bbox 695 2378 850 2424; x_wconf 87' lang='lat' dir='ltr'>speravit</span> <span class='ocrx_word' id='word_1_324' title='bbox 875 2379 932 2413; x_wconf 88' lang='lat' dir='ltr'>hic</span> <span class='ocrx_word' id='word_1_325' title='bbox 959 2390 1033 2413; x_wconf 88' lang='lat' dir='ltr'>eam</span> <span class='ocrx_word' id='word_1_326' title='bbox 1060 2389 1133 2413; x_wconf 89' lang='lat' dir='ltr'>rem</span> <span class='ocrx_word' id='word_1_327' title='bbox 1159 2378 1227 2412; x_wconf 88' lang='lat' dir='ltr'>sibi</span> <span class='ocrx_word' id='word_1_328' title='bbox 1258 2377 1452 2412; x_wconf 86' lang='lat' dir='ltr'>adiumento</span> <span class='ocrx_word' id='word_1_329' title='bbox 1481 2376 1559 2410; x_wconf 84' lang='lat' dir='ltr'>fore</span> <span class='ocrx_word' id='word_1_330' title='bbox 1582 2375 1750 2410; x_wconf 82' lang='lat' dir='ltr'>adversus</span> 
     </span>
     <span class='ocr_line' id='line_1_35' title="bbox 269 2421 1751 2470; baseline -0.003 -11"><span class='ocrx_word' id='word_1_331' title='bbox 269 2435 354 2466; x_wconf 76' lang='lat'>110⁸,</span> <span class='ocrx_word' id='word_1_332' title='bbox 397 2435 484 2470; x_wconf 83' lang='lat' dir='ltr'>quos</span> <span class='ocrx_word' id='word_1_333' title='bbox 521 2436 596 2459; x_wconf 88' lang='lat' dir='ltr'>cum</span> <span class='ocrx_word' id='word_1_334' title='bbox 629 2424 689 2459; x_wconf 88' lang='lat' dir='ltr'>illo</span> <span class='ocrx_word' id='word_1_335' title='bbox 727 2424 846 2459; x_wconf 86' lang='lat' dir='ltr'>eadem</span> <span class='ocrx_word' id='word_1_336' title='bbox 879 2424 1104 2460; x_wconf 87' lang='lat' dir='ltr'>coniunctura</span> <span class='ocrx_word' id='word_1_337' title='bbox 1131 2429 1224 2459; x_wconf 84' lang='lat' dir='ltr'>esset</span> <span class='ocrx_word' id='word_1_338' title='bbox 1250 2423 1427 2459; x_wconf 85' lang='lat' dir='ltr'>calumnia.</span> <span class='ocrx_word' id='word_1_339' title='bbox 1484 2422 1621 2467; x_wconf 88' lang='lat' dir='ltr'>Nempe</span> <span class='ocrx_word' id='word_1_340' title='bbox 1652 2421 1751 2456; x_wconf 84' lang='lat' dir='ltr'>mali-</span> 
     </span>
     <span class='ocr_line' id='line_1_36' title="bbox 268 2469 1751 2517; baseline -0.002 -12"><span class='ocrx_word' id='word_1_341' title='bbox 268 2470 340 2513; x_wconf 85' lang='lat' dir='ltr'>tia,</span> <span class='ocrx_word' id='word_1_342' title='bbox 376 2470 587 2517; x_wconf 84' lang='lat' dir='ltr'>probabilem</span> <span class='ocrx_word' id='word_1_343' title='bbox 613 2475 828 2517; x_wconf 84' lang='lat' dir='ltr'>praetextum</span> <span class='ocrx_word' id='word_1_344' title='bbox 858 2477 982 2513; x_wconf 79' lang='lat' dir='ltr'>nacta,</span> <span class='ocrx_word' id='word_1_345' title='bbox 1019 2472 1065 2506; x_wconf 89' lang='lat' dir='ltr'>ad</span> <span class='ocrx_word' id='word_1_346' title='bbox 1092 2470 1322 2506; x_wconf 76' lang='lat' dir='ltr'>mentiendum</span> <span class='ocrx_word' id='word_1_347' title='bbox 1350 2474 1386 2505; x_wconf 88' lang='lat' dir='ltr'>et</span> <span class='ocrx_word' id='word_1_348' title='bbox 1411 2469 1683 2504; x_wconf 87' lang='lat' dir='ltr'>calumniandum</span> <span class='ocrx_word' id='word_1_349' title='bbox 1714 2471 1751 2502; x_wconf 90' lang='lat' dir='ltr'>et</span> 
     </span>
     <span class='ocr_line' id='line_1_37' title="bbox 269 2515 1751 2564; baseline -0.003 -12"><span class='ocrx_word' id='word_1_350' title='bbox 269 2518 317 2552; x_wconf 76' lang='lat' dir='ltr'>ud</span> <span class='ocrx_word' id='word_1_351' title='bbox 349 2517 552 2552; x_wconf 80' lang='lat' dir='ltr'>excitandas</span> <span class='ocrx_word' id='word_1_352' title='bbox 576 2521 799 2563; x_wconf 87' lang='lat' dir='ltr'>tempestates</span> <span class='ocrx_word' id='word_1_353' title='bbox 829 2518 1048 2564; x_wconf 85' lang='lat' dir='ltr'>negotiorum</span> <span class='ocrx_word' id='word_1_354' title='bbox 1078 2517 1243 2564; x_wconf 88' lang='lat' dir='ltr'>proclivis</span> <span class='ocrx_word' id='word_1_355' title='bbox 1270 2521 1335 2552; x_wconf 86' lang='lat' dir='ltr'>est.</span> <span class='ocrx_word' id='word_1_356' title='bbox 1398 2515 1569 2562; x_wconf 86' lang='lat' dir='ltr'>Equidem</span> <span class='ocrx_word' id='word_1_357' title='bbox 1596 2515 1646 2549; x_wconf 86' lang='lat' dir='ltr'>sic</span> <span class='ocrx_word' id='word_1_358' title='bbox 1677 2518 1751 2548; x_wconf 84' lang='lat' dir='ltr'>sta-</span> 
     </span>
     <span class='ocr_line' id='line_1_38' title="bbox 268 2560 1751 2610; baseline -0.003 -12"><span class='ocrx_word' id='word_1_359' title='bbox 268 2568 354 2607; x_wconf 83' lang='lat' dir='ltr'>tuo3</span> <span class='ocrx_word' id='word_1_360' title='bbox 390 2565 480 2599; x_wconf 88' lang='lat' dir='ltr'>hunc</span> <span class='ocrx_word' id='word_1_361' title='bbox 508 2564 702 2607; x_wconf 76' lang='lat' dir='ltr'>Palmam,</span> <span class='ocrx_word' id='word_1_362' title='bbox 733 2564 843 2599; x_wconf 88' lang='lat' dir='ltr'>virum</span> <span class='ocrx_word' id='word_1_363' title='bbox 873 2565 1009 2600; x_wconf 82' lang='lat' dir='ltr'>scilicet</span> <span class='ocrx_word' id='word_1_364' title='bbox 1040 2576 1203 2610; x_wconf 86' lang='lat' dir='ltr'>gravem,</span> <span class='ocrx_word' id='word_1_365' title='bbox 1236 2562 1266 2597; x_wconf 85' lang='lat' dir='ltr'>si</span> <span class='ocrx_word' id='word_1_366' title='bbox 1294 2562 1486 2597; x_wconf 80' lang='lat' dir='ltr'>diutissime</span> <span class='ocrx_word' id='word_1_367' title='bbox 1515 2572 1630 2596; x_wconf 85' lang='lat' dir='ltr'>secum</span> <span class='ocrx_word' id='word_1_368' title='bbox 1663 2560 1751 2595; x_wconf 82' lang='lat' dir='ltr'>deli-</span> 
     </span>
     <span class='ocr_line' id='line_1_39' title="bbox 259 2609 1751 2657; baseline -0.002 -14"><span class='ocrx_word' id='word_1_369' title='bbox 259 2610 446 2654; x_wconf 73' lang='lat' dir='ltr'>berasset,</span> <span class='ocrx_word' id='word_1_370' title='bbox 470 2622 538 2657; x_wconf 88' lang='lat' dir='ltr'>qua</span> <span class='ocrx_word' id='word_1_371' title='bbox 557 2611 691 2646; x_wconf 80' lang='lat' dir='ltr'>ratione</span> <span class='ocrx_word' id='word_1_372' title='bbox 709 2610 945 2646; x_wconf 84' lang='lat' dir='ltr'>adversarium</span> <span class='ocrx_word' id='word_1_373' title='bbox 967 2623 1063 2646; x_wconf 85' lang='lat' dir='ltr'>suum</span> <span class='ocrx_word' id='word_1_374' title='bbox 1081 2611 1294 2645; x_wconf 84' lang='lat' dir='ltr'>Barlaamum</span> <span class='ocrx_word' id='word_1_375' title='bbox 1316 2609 1518 2644; x_wconf 85' lang='lat' dir='ltr'>laudaturus</span> <span class='ocrx_word' id='word_1_376' title='bbox 1531 2633 1541 2650; x_wconf 90' lang='lat'>,</span> <span class='ocrx_word' id='word_1_377' title='bbox 1574 2619 1659 2642; x_wconf 88' lang='lat' dir='ltr'>suae</span> <span class='ocrx_word' id='word_1_378' title='bbox 1688 2618 1751 2641; x_wconf 91' lang='lat' dir='ltr'>au-</span> 
     </span>
     <span class='ocr_line' id='line_1_40' title="bbox 270 2654 1751 2704; baseline -0.003 -13"><span class='ocrx_word' id='word_1_379' title='bbox 270 2662 342 2692; x_wconf 85' lang='lat' dir='ltr'>tem</span> <span class='ocrx_word' id='word_1_380' title='bbox 370 2657 558 2704; x_wconf 78' lang='lat' dir='ltr'>impietatis</span> <span class='ocrx_word' id='word_1_381' title='bbox 585 2657 714 2692; x_wconf 86' lang='lat' dir='ltr'>indicia</span> <span class='ocrx_word' id='word_1_382' title='bbox 739 2657 953 2692; x_wconf 82' lang='lat' dir='ltr'>ineluctabili</span> <span class='ocrx_word' id='word_1_383' title='bbox 980 2662 1016 2692; x_wconf 85' lang='lat' dir='ltr'>et</span> <span class='ocrx_word' id='word_1_384' title='bbox 1041 2658 1172 2692; x_wconf 86' lang='lat' dir='ltr'>invicto</span> <span class='ocrx_word' id='word_1_385' title='bbox 1195 2657 1319 2691; x_wconf 88' lang='lat' dir='ltr'>robore</span> <span class='ocrx_word' id='word_1_386' title='bbox 1347 2660 1468 2702; x_wconf 86' lang='lat' dir='ltr'>aperte</span> <span class='ocrx_word' id='word_1_387' title='bbox 1487 2654 1751 2689; x_wconf 84' lang='lat' dir='ltr'>confirmaturus</span> 
     </span>
     <span class='ocr_line' id='line_1_41' title="bbox 272 2699 1752 2750; baseline -0.003 -13"><span class='ocrx_word' id='word_1_388' title='bbox 272 2704 384 2745; x_wconf 78' lang='lat' dir='ltr'>foret,</span> <span class='ocrx_word' id='word_1_389' title='bbox 408 2715 472 2739; x_wconf 89' lang='lat' dir='ltr'>nec</span> <span class='ocrx_word' id='word_1_390' title='bbox 490 2704 629 2739; x_wconf 84' lang='lat' dir='ltr'>meliore</span> <span class='ocrx_word' id='word_1_391' title='bbox 644 2715 795 2750; x_wconf 85' lang='lat' dir='ltr'>unquam</span> <span class='ocrx_word' id='word_1_392' title='bbox 812 2715 876 2739; x_wconf 91' lang='lat' dir='ltr'>nec</span> <span class='ocrx_word' id='word_1_393' title='bbox 897 2704 1045 2739; x_wconf 81' lang='lat' dir='ltr'>clariore</span> <span class='ocrx_word' id='word_1_394' title='bbox 1065 2707 1264 2748; x_wconf 84' lang='lat' dir='ltr'>argumento</span> <span class='ocrx_word' id='word_1_395' title='bbox 1280 2703 1330 2737; x_wconf 89' lang='lat' dir='ltr'>uti</span> <span class='ocrx_word' id='word_1_396' title='bbox 1349 2702 1518 2748; x_wconf 86' lang='lat' dir='ltr'>potuisse.</span> <span class='ocrx_word' id='word_1_397' title='bbox 1579 2700 1670 2734; x_wconf 89' lang='lat' dir='ltr'>Nam</span> <span class='ocrx_word' id='word_1_398' title='bbox 1692 2699 1752 2745; x_wconf 89' lang='lat' dir='ltr'>qui</span> 
     </span>
     <span class='ocr_line' id='line_1_42' title="bbox 272 2746 1750 2794; baseline -0.003 -10"><span class='ocrx_word' id='word_1_399' title='bbox 272 2750 413 2784; x_wconf 87' lang='lat' dir='ltr'>multum</span> <span class='ocrx_word' id='word_1_400' title='bbox 436 2750 664 2794; x_wconf 83' lang='lat' dir='ltr'>laboraverit,</span> <span class='ocrx_word' id='word_1_401' title='bbox 693 2754 731 2786; x_wconf 83' lang='lat' dir='ltr'>ut</span> <span class='ocrx_word' id='word_1_402' title='bbox 753 2750 965 2785; x_wconf 87' lang='lat' dir='ltr'>obiectorum</span> <span class='ocrx_word' id='word_1_403' title='bbox 993 2750 1059 2784; x_wconf 88' lang='lat' dir='ltr'>sibi</span> <span class='ocrx_word' id='word_1_404' title='bbox 1089 2750 1264 2785; x_wconf 88' lang='lat' dir='ltr'>criminum</span> <span class='ocrx_word' id='word_1_405' title='bbox 1294 2748 1518 2783; x_wconf 82' lang='lat' dir='ltr'>refutationis</span> <span class='ocrx_word' id='word_1_406' title='bbox 1541 2759 1562 2781; x_wconf 88' lang='lat' dir='ltr'>a</span> <span class='ocrx_word' id='word_1_407' title='bbox 1592 2746 1750 2792; x_wconf 85' lang='lat' dir='ltr'>specioso</span> 
     </span>
     <span class='ocr_line' id='line_1_43' title="bbox 272 2791 1752 2844; baseline -0.003 -15"><span class='ocrx_word' id='word_1_408' title='bbox 272 2795 388 2841; x_wconf 80' lang='lat' dir='ltr'>aliquo</span> <span class='ocrx_word' id='word_1_409' title='bbox 413 2797 582 2844; x_wconf 85' lang='lat' dir='ltr'>principio</span> <span class='ocrx_word' id='word_1_410' title='bbox 616 2797 811 2839; x_wconf 81' lang='lat' dir='ltr'>ordiretur3</span> <span class='ocrx_word' id='word_1_411' title='bbox 847 2797 994 2840; x_wconf 88' lang='lat' dir='ltr'>deinde,</span> <span class='ocrx_word' id='word_1_412' title='bbox 1020 2797 1101 2843; x_wconf 87' lang='lat' dir='ltr'>quia</span> <span class='ocrx_word' id='word_1_413' title='bbox 1128 2796 1216 2831; x_wconf 83' lang='lat' dir='ltr'>haud</span> <span class='ocrx_word' id='word_1_414' title='bbox 1245 2802 1383 2842; x_wconf 86' lang='lat' dir='ltr'>posset,</span> <span class='ocrx_word' id='word_1_415' title='bbox 1416 2799 1560 2828; x_wconf 79' lang='lat' dir='ltr'>coactus</span> <span class='ocrx_word' id='word_1_416' title='bbox 1583 2793 1631 2826; x_wconf 85' lang='lat' dir='ltr'>sit</span> <span class='ocrx_word' id='word_1_417' title='bbox 1657 2791 1752 2826; x_wconf 76' lang='lat' dir='ltr'>futili</span> 
     </span>
     <span class='ocr_line' id='line_1_44' title="bbox 272 2837 1752 2892; baseline -0.003 -15"><span class='ocrx_word' id='word_1_418' title='bbox 272 2842 449 2880; x_wconf 80' lang='lat' dir='ltr'>mendacio</span> <span class='ocrx_word' id='word_1_419' title='bbox 475 2844 603 2889; x_wconf 76' lang='lat' dir='ltr'>inniti3</span> <span class='ocrx_word' id='word_1_420' title='bbox 632 2844 665 2883; x_wconf 78' lang='lat' dir='ltr'>is</span> <span class='ocrx_word' id='word_1_421' title='bbox 692 2852 815 2881; x_wconf 85' lang='lat' dir='ltr'>contra</span> <span class='ocrx_word' id='word_1_422' title='bbox 840 2843 1052 2880; x_wconf 78' lang='lat' dir='ltr'>insectantes</span> <span class='ocrx_word' id='word_1_423' title='bbox 1077 2855 1143 2892; x_wconf 85' lang='lat' dir='ltr'>quo</span> <span class='ocrx_word' id='word_1_424' title='bbox 1174 2853 1242 2878; x_wconf 87' lang='lat' dir='ltr'>non</span> <span class='ocrx_word' id='word_1_425' title='bbox 1277 2840 1483 2877; x_wconf 83' lang='lat' dir='ltr'>insolentiae</span> <span class='ocrx_word' id='word_1_426' title='bbox 1509 2837 1752 2887; x_wconf 75' lang='lat' dir='ltr'>processisset,</span> 
     </span>
    </p>
   </div>
  </div>
 </body>
</html>
