1794 3172
258 130 359 189 928
661 132 984 180 -NICEPHORI
1012 131 1334 179 GREGORAE

40 255 79 288 A.
97 255 141 288 M.
158 254 248 291 6859
259 243 561 299 τιῖποβαίνοντα
594 243 749 287 ε’κεΐθεν
781 241 943 298 ἄτοπα,
979 251 1118 300 τηρεῖν
1147 241 1407 301 ὗπάρχοντος
1442 243 1662 302 ἀναγκαίου
1681 245 1735 288 τὰ

93 303 161 366 ῙΜΪ
178 302 202 337 4
257 311 376 369 μήκει
387 312 550 377 χρόνον
573 312 863 368 βεβαιωθέντα
893 314 960 356 καὶ
987 312 1200 371 γράμμασι
1234 314 1476 370 κυρωθέντα
1503 313 1659 369 νόμιμά
1691 332 1734 358 τε

259 385 327 427 καὶ
350 381 565 439 δόγματα,
604 382 784 439 στέργειν
804 382 947 426 λοιπὸν
968 385 1037 426 καὶ
1057 381 1154 438 ἡμῖν
1182 385 1249 426 καὶ
1279 384 1473 439 δέχεσθαι
1501 385 1600 434 τοὺς
1627 383 1733 427 κατὰ

258 450 426 508 καιροὺς
449 448 693 502 ἐπισκόπους
711 453 779 494 καὶ
798 452 1021 507 βασιλέας,
1061 450 1122 503 οἷς
1140 451 1244 510 ὑπὲρ
1265 454 1360 496 οἵων
1380 452 1432 509 δή
1457 470 1577 497 τινων
1597 454 1734 510 ψηφί-

256 522 410 574 ζονται,
442 522 508 563 καὶ
531 517 593 571 οἷς
616 522 712 565 οἵων
732 519 784 576 δή
803 538 927 565 τινων
948 524 1328 579 καταψηφίζονται·
1366 520 1422 573 ὦς
1441 520 1587 578 ὁμοίαν
1606 520 1768 570 avrti-5

219 593 408 646 Εγεσθαι
437 589 512 645 τὴν
541 588 722 647 ἀνάγκην
750 590 996 646 κάνταῦθα,
1032 592 1279 649 στέργεσθαι
1306 592 1494 643 καὶτοὺς
1524 592 1632 636 κατὰ
1657 596 1733 635 τοῦ

257 662 448 714 Παλαμᾶ
477 660 773 717 ψηφισθέντας
801 678 845 704 τε
881 663 948 704 καὶ
977 662 1208 719 γραφέντας
1240 661 1309 704 διὰ
1337 661 1413 713 τὰς
1443 661 1573 712 ἄλλας
1602 661 1733 704 αὐτοῦ

256 729 528 786 βλασφημίας
547 729 913 786 ἀναθεματισμούς
928 729 1095 789 Ἰωάννῃ
1114 736 1173 790 τῷ
1193 730 1448 789 πατριάρχῃ,
1480 738 1571 781 ταῖς
1589 731 1734 781 ἄλλαις

257 798 400 854 ἐπίσης
431 798 582 842 ἐκείνου
611 801 879 857 χειροτονίαις
907 802 974 843 καὶ
1007 799 1225 854 πράξεσιν,
1264 801 1314 844 αἳ
1337 802 1455 856 μέχρι
1487 803 1553 844 καὶ
1586 803 1626 851 ἐς
1658 800 1734 856 τὴν

256 864 438 924 τήμερον
458 868 565 911 κατὰ
585 869 632 911 τὸ
658 869 813 919 ἀκλινές
832 868 1113 923 διασώζονται.
1150 869 1300 913 τούτου
1322 870 1364 913 δ’
1390 869 1524 921 οὕτως
1550 869 1728 926 ἔχοντος,
1747 879 1791 915 10

256 931 301 980 εὖ
321 943 449 980 ποιεῖν
470 939 537 983 καὶ
554 936 665 994 ἡμᾶς
686 939 729 990 ἐξ
754 937 932 996 ἀνάγκης
960 940 1121 993 ἕπεται,
1158 940 1235 996 τὴν
1261 944 1336 983 τοῦ
1364 943 1557 994 Παλαμᾶ
1588 957 1734 983 κοινω-

255 1006 346 1048 νίαν
377 1005 693 1062 ἀποσειομένους
718 1006 919 1059 καθάπαξ
936 1011 1004 1052 καὶ
1025 1009 1375 1066 ἀποτρέποντας.”
1445 1007 1535 1068 (ς’.)
1575 1013 1664 1052 Τοῦ
1688 1009 1734 1053 δὲ

101 1075 144 1113 P·
164 1074 236 1115 584
255 1074 459 1131 βασιλέως
477 1076 551 1132 τὴν
568 1079 851 1134 μακρηγοριάν
865 1076 961 1134 ἡμῖν
976 1077 1242 1131 ὄνειδίζοντός
1260 1096 1302 1122 τε
1320 1080 1387 1122 καὶ
1408 1076 1730 1132 ἀνακόπτοντος,

256 1143 351 1199 ,,ἒ’τι
371 1145 518 1202 μικρὸν
539 1146 661 1190 εἰπὼν
684 1145 1014 1202 ἀπαλλάξομαι”,
1038 1147 1141 1205 ἔφην
1163 1146 1254 1205 ἐγώ.
1283 1151 1350 1191 καὶ
1369 1148 1590 1204 ἀνενεγκών
1607 1149 1731 1191 ε’κεΐσε

256 1213 330 1257 τὸν
350 1213 494 1271 λόγον,
518 1213 603 1271 ,,ἢν
623 1215 823 1274 ε’θέλῃς,”
845 1216 963 1274 ἔφην,
988 1212 1059 1271 „cb
1084 1221 1270 1272 βασιλεῦ,
1293 1216 1407 1273 μάλα
1431 1235 1494 1261 τοι
1514 1216 1647 1278 ῥᾴστη
1664 1217 1730 1274 γέ-
1744 1226 1790 1264 15

256 1283 363 1326 ‘von'
394 1283 445 1327 ἂν
477 1282 504 1340 ἦ
534 1289 608 1340 τῆς
629 1284 824 1340 εὐσεβοῦς
847 1284 1008 1343 εἰρήνης
1028 1291 1079 1344 τῇ
1100 1291 1174 1329 τοῦ
1206 1292 1309 1330 θεοῦ
1342 1289 1534 1346 ἐκκλησία
1557 1286 1660 1343 πρὸς
1682 1286 1729 1330 τὸ

257 1350 460 1411 πρότερον
489 1358 564 1409 τῆς
595 1352 827 1410 ἁπλότητος
856 1355 967 1410 ἴχνος
987 1354 1195 1406 ἀνάλυσις.
1241 1361 1317 1412 τῆς
1333 1356 1412 1413 γὰρ
1442 1354 1655 1411 δυνάμεως
1680 1359 1732 1413 τῇ

256 1421 451 1477 βουλήσει
471 1427 606 1473 καλῶς
638 1422 964 1481 συντρεχούσης,
999 1426 1129 1481 μηδὲν
1147 1424 1198 1468 ἂν
1221 1424 1283 1468 ἴτ’
1308 1424 1407 1468 εἶναι
1429 1427 1605 1482 μηδαμῆ
1626 1423 1732 1481 μήτε

221 1491 365 1549 Βπρὸς
393 1492 441 1535 τὸ
470 1490 711 1546 κάλλιστον,
748 1491 852 1549 μήτε
869 1494 953 1550 μὴν
979 1494 1084 1552 πρὸς
1108 1493 1156 1538 τὸ
1179 1496 1405 1552 χείριστον,
1442 1494 1463 1538 ὃ
1494 1494 1645 1551 γένοιτ’
1680 1494 1731 1536 ἄν

260 1559 465 1614 ἐμποδών.
501 1563 568 1604 καὶ
586 1564 890 1622 Κωνσταντίνῳ
909 1563 1046 1622 ἐκείνῳ
1072 1567 1130 1622 τῷ
1149 1568 1318 1618 βασιλεῖ
1340 1566 1585 1622 τριακοσίων
1615 1564 1731 1620 ἐγγὺς
1740 1574 1787 1609 20

257 1630 453 1674 ἐνιαυτῶν
487 1633 805 1688 εἰδωλολατρίας
835 1633 877 1675 ἐν
901 1638 1054 1691 βραχεῖ
1067 1631 1390 1691 διορθώσασθαι
1412 1634 1632 1690 ἐξεγένετο·
1663 1635 1733 1676 καὶ

257 1699 500 1746 τούναντίον
541 1696 691 1755 αὖθις,
733 1701 958 1760 Ἰουλιανοῦ
990 1702 1094 1760 πρὸς
1134 1704 1452 1761 εἰδωλολατρίας
1480 1695 1728 1756 νενευκότος,

255 1774 405 1828 μικροῦ
427 1767 575 1821 πάντες
594 1765 702 1827 ἦσαν
726 1766 854 1823 αὖθις
878 1769 1031 1828 ὅμοίως
1057 1769 1232 1830 ὑπήκοοι
1252 1772 1329 1830 τὴν
1357 1773 1555 1830 ταχίστην
1585 1777 1730 1816 παλιν-

345 1889 404 1926 21.
427 1889 729 1940 εἰδωλολατρείαν
747 1891 804 1928 hic
822 1896 859 1928 et
874 1891 1038 1940 deinceps
1058 1893 1148 1929 coni.
1164 1892 1264 1928 Boiv.

254 2002 320 2027 nus
341 1992 386 2027 ob
407 1992 493 2028 alias
511 2006 645 2038 causas,
660 1994 788 2031 'saltem
806 1996 849 2031 ob
868 1995 945 2042 ipsa
962 1995 1184 2039 incommoda,
1201 2008 1291 2042 quae
1309 1995 1391 2032 inde
1401 1994 1571 2041 oriuntur,
1589 2006 1732 2031 necesse

255 2037 304 2072 sit
318 2038 478 2074 instituta
497 2052 538 2075 ac
559 2042 718 2087 dogmata
747 2055 789 2078 ea
815 2043 972 2085 servari,
997 2054 1085 2088 quae
1105 2043 1206 2088 longo
1223 2050 1378 2089 tempore
1402 2043 1600 2078 confirmata
1616 2050 1652 2078 et
1670 2043 1732 2077 lit-

258 2084 344 2118 teris
361 2087 564 2131 consignata
586 2089 674 2131 sint3
699 2095 857 2134 superest
876 2089 964 2131 iam,
989 2094 1029 2124 ut
1047 2089 1228 2134 episcopos
1254 2095 1290 2124 et
1310 2090 1484 2135 principes
1502 2089 1578 2124 aliis
1599 2094 1734 2135 tempo-

259 2130 355 2165 ribus
378 2131 464 2166 alios
484 2135 710 2179 approbemus
728 2142 764 2169 et
781 2134 1002 2181 recipiamus,
1025 2136 1195 2181 quidquid
1217 2135 1244 2170 ii
1267 2148 1330 2182 pro
1350 2137 1504 2181 quolibet
1528 2136 1584 2170 vel
1608 2142 1732 2170 contra

259 2177 448 2222 quemlibet
472 2179 670 2216 decernant.
717 2181 819 2216 Unde
842 2181 1037 2217 necessario
1058 2182 1302 2228 consequitur,
1326 2182 1648 2225 anathematismos,
1670 2182 1731 2228 qui

259 2225 426 2258 adversus
443 2224 615 2261 Palamam
635 2228 679 2262 ob
699 2232 855 2262 caeteras
877 2228 951 2262 eius
979 2228 1208 2274 blasphemias
1227 2229 1270 2264 ab
1296 2229 1426 2264 Ioanne
1451 2229 1648 2274 patriarcha
1668 2229 1733 2263 de-

259 2269 346 2315 creti
366 2275 401 2304 et
421 2270 542 2317 scripti
560 2273 718 2315 fuerunt,
742 2274 980 2320 approbandos
1007 2287 1085 2310 esse
1107 2275 1141 2310 in
1165 2275 1362 2321 praesenti,
1387 2286 1496 2320 aeque
1523 2286 1567 2309 ac
1592 2274 1732 2309 ordina-

258 2315 371 2350 tiones
392 2317 435 2351 ab
455 2329 495 2353 eo
515 2318 650 2363 factas,
674 2323 711 2354 et
728 2319 796 2355 alia
817 2320 966 2355 eiusdem
983 2326 1081 2364 acta,
1107 2333 1195 2367 quae
1217 2323 1262 2357 ad
1289 2321 1485 2356 hodiernam
1511 2332 1619 2366 usque
1639 2321 1730 2355 diem

258 2362 356 2397 firma
383 2366 419 2397 et
445 2365 585 2400 stabilia
613 2371 822 2411 permanent.
879 2367 981 2409 Quod
1002 2379 1076 2402 cum
1097 2368 1147 2412 ita
1171 2368 1236 2410 sit,
1260 2372 1296 2403 et
1314 2379 1375 2402 nos
1397 2379 1540 2402 necesse
1561 2372 1615 2401 est
1633 2371 1731 2402 recte

258 2408 398 2451 facere,
440 2410 499 2455 qui
531 2411 694 2447 Palamae
736 2414 997 2449 communionem
1033 2415 1166 2449 omniuo
1202 2425 1402 2460 respuamus
1429 2418 1466 2448 et
1500 2412 1730 2449 aversemur-’³

257 2455 360 2500 (VI.)
377 2455 429 2490 lbi
440 2456 625 2502 imperator
638 2458 825 2504 longiorem
840 2471 1026 2495 sermonem
1040 2462 1250 2506 exprobrare
1266 2464 1303 2494 et
1319 2471 1382 2494 nos
1400 2459 1588 2505 reprimere
1605 2459 1731 2505 coepit.

257 2500 361 2546 „Ego
381 2501 499 2546 vero”‚
518 2503 669 2550 iuquam,
694 2505 780 2546 „ubi
798 2517 907 2551 pauca
926 2506 1104 2549 addidero,
1121 2508 1221 2542 finem
1241 2505 1397 2541 faciam.”
1433 2506 1525 2541 Tum
1543 2506 1731 2541 emtionem

257 2546 341 2582 iude
364 2553 544 2594 repetens,
567 2550 788 2593 „facillimum
816 2551 944 2598 (dixi)
967 2553 997 2587 si
1024 2552 1134 2595 velis,
1157 2565 1178 2587 o
1195 2553 1402 2598 imperator,
1434 2551 1471 2586 in
1496 2553 1562 2587 Dei
1583 2552 1733 2587 ecclesia

259 2593 369 2628 fuerit
400 2595 491 2640 piam
518 2597 801 2643 tranquillitatem
826 2599 1031 2642 restituere,
1066 2605 1103 2634 et
1128 2598 1172 2633 ad
1193 2598 1300 2645 prima
1329 2598 1559 2644 simplicitatis
1579 2598 1733 2644 vestigia

259 2650 436 2676 revocare.
481 2641 618 2689 Nempe
641 2643 701 2678 ubi
728 2648 883 2689 potestas
912 2657 988 2680 cum
1011 2645 1187 2680 voluntate
1212 2646 1320 2691 probe
1342 2645 1539 2690 conspirat,
1569 2645 1655 2679 nihil
1678 2649 1734 2680 est

261 2690 465 2732 praeterea,
487 2689 579 2735 quod
595 2689 670 2725 sive
689 2689 734 2724 ad
754 2690 884 2735 optima
906 2692 981 2726 sive
997 2692 1042 2726 ad
1066 2692 1212 2737 pessima
1230 2691 1475 2726 festinantibus
1490 2703 1615 2726 moram
1639 2691 1730 2725 obii-

261 2731 344 2766 ciat.
389 2733 513 2780 ltaque
529 2739 761 2771 trecentorum
780 2737 886 2772 ferme
905 2748 1068 2773 annorum
1087 2737 1312 2772 idololatriam
1323 2737 1569 2772 Constantinus
1586 2738 1645 2772 ille
1666 2737 1732 2772 im·-

261 2782 402 2822 perator
420 2781 518 2816 brevi
536 2786 692 2828 tempore
715 2782 875 2819 correxit.
923 2784 1057 2819 Contra
1079 2783 1231 2826 Iuliano,
1261 2783 1306 2818 ad
1330 2783 1497 2818 idolorum
1520 2784 1647 2818 cultum
1674 2795 1731 2818 re-

261 2833 378 2870 verso,
400 2838 516 2864 omues
535 2839 646 2876 paene
662 2829 784 2877 populi
802 2829 1030 2877 obsequentes
1047 2830 1093 2867 ad
1111 2830 1250 2866 eandem
1269 2829 1544 2877 superstitionem
1555 2829 1731 2866 celerrime
