1794 3172
353 159 670 206 HISTORJAE
698 120 1074 205 BYZANTINAE'
1101 152 1200 206 ΧΠ.
1231 165 1272 207 6.
1442 149 1544 200 595
1582 137 1585 143 '

65 272 140 327 μὲν
160 270 239 329 γὰρ
258 274 341 315 τῶν
361 271 581 329 δρωμένων
610 266 652 322 ἔς
678 269 915 329 τούμφανὲς
935 270 1214 314 ’καθίστανται
1230 265 1438 327 μάρτυρες
1461 266 1543 324 μό-
1567 277 1604 312 A:
1623 273 1660 312 C.
1680 263 1768 313 '1341

66 359 172 394 νων,
211 340 285 392 οὓς
309 343 378 384 καὶ
404 341 773 399 παραλογίσασθαι
802 339 955 391 ἔξεστιν
993 341 1143 392 ἐνίοτε,
1193 339 1235 382 εἴ
1253 355 1316 389 τις
1344 339 1443 390 τοὺς
1466 326 1769 409 '‘ficher-aegii?-

66 412 211 461 κακίας
238 410 421 468 καρποὺς
445 417 533 461 τοῖς
561 414 637 466 τῆς
658 410 808 467 ἀρετῆς
824 407 1051 465 ὑποτίθησι
1074 406 1261 464 σχήμασί
1277 425 1322 451 τε
1346 410 1414 452 καὶ
1428 407 1545 466 χρώ·
1586 418 1588 421 “

64 497 182 536 μασι.
218 479 320 531 θεὸς
352 480 397 523 δ’
429 482 472 524 ἐν
501 479 645 530 αὐτοῖς
675 479 755 537 πρὸ
778 482 861 523 τῶν
880 477 1007 535 ἔργων
1042 485 1131 529 τοῖς
1147 482 1222 534 τῆς
1240 479 1414 536 καρδίας
1433 476 1551 535 κινή-
1591 487 1595 490 ’

38 553 60 588 5
67 567 196 606 μασιν
217 551 356 607 ἐρείδει
384 549 438 593 τὰ
466 553 543 605 τῆς
568 546 786 601 ἐξετάσεως
815 547 906 603 ἴχνη
918 581 931 601 ,
970 549 1038 591 καὶ
1066 547 1114 591 τὸ
1132 552 1252 604 βῆμα
1272 551 1349 604 τῆς
1372 549 1488 604 δίκης
1507 545 1552 591 ἓν

66 619 213 670 αὐταῖς
248 625 469 677 συγκροτεῖ
488 623 571 662 τῶν
601 615 806 675 λογισμῶν
836 623 928 668 ταῖς
954 616 1100 676 ἀρχαῖς
1108 650 1122 671 ,
1169 616 1276 661 ἔνθα
1302 615 1446 675 χώραν
1468 617 1587 661 οὗκΟ

66 688 144 745 ἕχει
180 693 320 744 σχῆμα
351 690 426 732 ’καὶ
450 693 604 746 χρῶμα
637 685 880 741 καλύπτειν,
931 686 973 729 εἷ’
993 704 1032 730 τι
1065 687 1211 737 κακίας
1231 688 1549 745 ἒκεΐπαραφαί-

65 763 212 802 νεσθ·αι
234 756 428 813 βούλοιτο
448 757 685 814 βλάστημα.
739 755 931 814 δεύτερον
954 757 1021 810 δὲ,
1059 757 1107 800 τὸ
1127 756 1292 814 παρὸν,
1331 755 1353 799 ὃ
1372 759 1440 800 καὶ
1463 754 1548 800 πά-

66 845 143 884 σης
162 827 351 884 κε’κτηται
369 829 513 878 κακίας
532 824 753 885 ὑπεροχήν.
792 826 885 870 δέον
909 826 987 884 γὰρ
1006 825 1083 880 τὴν
1109 825 1212 882 ἐμὴν
1230 827 1381 882 ἐκείνην
1402 828 1550 870 αῗδου-
1595 833 1599 836 ”
1622 824 1625 828 ’

11 902 55 937 10
65 898 216 954 με’νους
232 895 449 955 πραότητα
469 898 537 940 καὶ
556 893 819 953 δικαιοσύνην
837 894 913 953 ὅλῃ
931 894 1073 953 γνώμῃ
1092 897 1160 938 καὶ
1174 897 1279 953 χειρὶ
1297 897 1365 939 καὶ
1384 894 1548 955 γλώττῃ

64 968 338 1025 συναίρεσθαι
370 961 541 1024 πράξεσι
573 973 666 1017 ταῖς
695 966 811 1021 ἐμαῖς
834 965 1099 1022 καθημένους
1119 963 1372 1023 ἀφρόντιδας
1379 998 1394 1019 ,
1432 959 1549 1021 ὑμεῖς
1582 970 1584 973 ’

69 1038 139 1081 δὲ.
155 1071 165 1081 .
181 1071 191 1081 .
217 1036 325 1079 ἀλλὰ
349 1040 510 1103 σιωπᾷν
529 1035 693 1092 ἄμεινον
712 1039 802 1095 θεῷ
824 1034 872 1079 τὸ
895 1039 980 1078 πᾶν
1004 1035 1352 1092 ἐπιτρέψαντας.”
1391 1035 1480 1094 (Ε.)
1503 1033 1554 1079 Ὁ

67 1100 246 1162 μὲν“οὗν
277 1099 625 1162 Καντακουζηνός
666 1105 872 1149 ἐνταυθοῖ
901 1106 1171 1155 κατακλείσας
1207 1108 1282 1148 τοῦ
1323 1101 1446 1162 λόγου
1472 1105 1585 1149 τὸνῙ)

66 1174 244 1233 δρόμον,
281 1177 350 1219 καὶ
373 1174 522 1233 ὅρκους
551 1175 652 1227 δοὺς
671 1177 739 1218 καὶ
768 1174 911 1230 λαβὼν
928 1172 1032 1233 πρός
1052 1191 1095 1218 τε
1115 1170 1421 1230 τῆςβασιλίδος
1441 1172 1547 1233 πρός

11 1254 54 1290 15
67 1263 111 1289 τε
140 1249 214 1289 τοῦ
245 1244 525 1304 πατριάρχου,
568 1245 700 1304 μηδὲν
729 1244 776 1288 τὸ
799 1242 999 1302 παράπαν
1023 1245 1240 1299 ἐπίβουλον
1259 1241 1365 1300 μήτε
1389 1246 1548 1303 δρᾶσαι
1594 1257 1596 1260 ’

63 1313 167 1372 μήτε
195 1313 509 1370 βουλεύσασθαι
530 1348 545 1369 ,
592 1313 777 1366 ἀναστὰς
815 1312 919 1373 ἐξῄει
948 1317 1024 1357 τοῦ
1056 1312 1259 1370 βήματος.
1332 1309 1424 1373 (ς’.)
1459 1316 1677 1358 Kazv.3oo

63 1380 116 1441 ἦν
153 1384 247 1436 ὅλος
269 1385 398 1436 εὐθὺς
429 1385 473 1428 ἓν
501 1382 719 1446 ἑτοιμασίᾳ
750 1387 826 1440 τῆς
857 1381 1119 1442 ἐκστρατείας
1152 1385 1220 1427 καὶ
1251 1387 1326 1427 τοῦ
1350 1383 1456 1442 πρὸς
1474 1384 1549 1427 7152·-

63 1471 142 1512 ρας
165 1454 275 1512 ἄγειν
303 1455 358 1498 τὰ
385 1449 515 1499 πάλαι
534 1459 671 1506 καλῶς
697 1454 994 1510 βουλευθέντα.
1025 1452 1085 1497 τὰ
1104 1453 1148 1497 δ’
1169 1448 1245 1510 ἦν,
1284 1458 1451 1512 πρῶτον
1468 1454 1548 1509 μὲν

64 1526 258 1580 διανομαὶ
289 1522 512 1581 κτημάτων
539 1523 790 1584 πρὸςᾶπαν
824 1523 872 1568 τὸ
901 1521 1220 1582 στρατιωτικόν·
1256 1521 1314 1566 ἔτι
1331 1533 1378 1566 τε·
1393 1523 1546 1579 δωρεαὶ

7 1603 53 1638 20
64 1595 133 1637 καὶ
159 1585 326 1651 χάριτες
359 1595 428 1637 καὶ
454 1598 539 1638 τῶν
571 1596 668 1652 πρὶν
707 1591 962 1651 ὀφλημάτων
1002 1593 1172 1643 ἐκτίσεις
1201 1593 1246 1635 ἐκ
1273 1596 1356 1636 τῶν
1379 1593 1583 1640 οῗκείωνΕ

59 1661 289 1721 χρημάτων
310 1661 511 1719 αὐτοτελῆ
541 1663 619 1719 τὴν
639 1660 846 1721 διάρκειαν
867 1659 1033 1718 ἔχουσαι
1048 1676 1060 1686 ·
1092 1659 1319 1719 χρημάτων
1334 1661 1412 1720 γὰρ
1431 1679 1547 1718 τηνι-

64 1738 199 1776 καῦτα
225 1734 294 1776 καὶ
326 1730 524 1789 τοιαύτης
552 1730 742 1789 δαπάνης
772 1730 957 1786 ἐσπάνιζε
983 1731 1038 1775 τὰ
1069 1731 1266 1787 βασιλικοὶ
1296 1738 1521 1790 πρυτανεῖα·
1532 1741 1552 1756 ··

62 1801 203 1846 ἔπειτα
234 1803 490 1860 ἕκστρατεῖαι
525 1802 635 1846 κατὰ
665 1806 749 1846 τῶν
781 1802 898 1859 πέριξ
924 1802 1114 1860 ἐχθρῶν·
1158 1795 1218 1845 ὧν
1237 1800 1287 1843 ὀἱ
1314 1801 1390 1855 μὲν
1411 1801 1548 1844 ἐπετί-

61 1876 188 1917 θεντο
235 1869 364 1916 πάλαι
412 1873 481 1917 καὶ
521 1872 598 1923 τὰς
633 1869 845 1929 Ῥωμαίων
897 1869 1047 1931 ἐδῄουν
1084 1869 1234 1928 ἀνέδην
1285 1868 1434 1915 ὁπόσαι
1464 1869 1547 1930 πρὸ

63 2028 220 2064 existunt
239 2030 356 2064 eorum
373 2019 543 2064 duntaxat
564 2040 654 2075 quae
673 2029 786 2076 palam
802 2020 912 2071 fiunt,
937 2021 974 2064 et
989 2022 1174 2075 aliquando
1189 2030 1332 2074 possunt
1356 2027 1491 2074 decipi,
1515 2021 1547 2062 si

62 2075 140 2121 quis
158 2075 245 2110 vitia
262 2087 324 2110 sua
339 2075 487 2121 imagine
513 2081 551 2110 et
568 2077 682 2113 colore
699 2076 839 2111 virtutis
857 2077 1012 2111 obtexat.
1050 2076 1154 2118 Deus
1174 2087 1257 2110 vero
1275 2073 1362 2121 ipsis
1380 2075 1461 2116 illis,
1486 2073 1548 2120 qui

62 2122 218 2157 actiones
243 2122 471 2165 antecedunt,
511 2123 661 2158 motibus
691 2123 806 2158 cordis
835 2123 1001 2157 examinis
1036 2122 1090 2157 sui
1114 2122 1264 2167 vestigia
1288 2121 1475 2167 imprimit,
1508 2125 1548 2156 et

62 2168 217 2203 iustitiae
231 2169 383 2204 tribunal
403 2169 441 2203 in
463 2169 548 2215 ipsis
567 2170 646 2215 figit
675 2170 920 2215 cogitationum
947 2169 1140 2212 radicibus,
1172 2168 1233 2204 ubi
1263 2169 1383 2203 umbra
1408 2173 1444 2202 et
1462 2179 1546 2214 spe-

62 2215 117 2249 cie
136 2215 242 2250 celari
267 2227 334 2250 uon
352 2220 492 2262 potest,
517 2216 548 2250 si
565 2216 643 2262 quis
665 2216 747 2251 inde
764 2217 899 2252 laboret
915 2228 992 2251 sese
1010 2216 1152 2250 trudere
1167 2215 1400 2261 improbitatis
1419 2215 1546 2250 foetus·

61 2262 184 2297 Altera
201 2273 259 2297 res
280 2266 336 2297 est
354 2262 391 2297 id
408 2262 501 2308 quod
520 2274 612 2298 nunc
630 2263 770 2298 accidit.
818 2263 885 2298 Est
903 2269 1017 2298 autem
1033 2262 1118 2297 illud
1138 2274 1287 2297 summae
1305 2260 1545 2307 improbitatis.

61 2307 135 2342 Vos
155 2308 245 2342 enim
268 2319 343 2343 cum
362 2312 559 2355 oporteret,
582 2321 690 2344 meam
712 2310 881 2345 reveritos
906 2309 1119 2345 clementiam
1141 2314 1178 2344 et
1199 2308 1406 2354 aequitatem
1419 2333 1430 2349 ‚
1454 2306 1546 2341 omni

62 2355 180 2389 studio
211 2366 381 2401 manuque
403 2361 439 2390 et
456 2356 573 2401 lingua
593 2367 724 2391 navare
745 2356 827 2391 mihi
848 2368 987 2403 operam
1009 2356 1161 2402 quietos,
1185 2355 1359 2402 omnisque
1375 2353 1547 2389 sollicitu-

62 2400 154 2436 dinis
172 2406 358 2447 expertes;
382 2413 447 2437 vos
466 2402 604 2448 inquam
710 2403 770 2438 sed
799 2403 903 2438 silere
927 2403 1037 2438 satius
1061 2406 1138 2445 est,
1160 2413 1202 2437 ac
1224 2413 1298 2436 rem
1321 2412 1451 2436 omnem
1467 2400 1545 2434 Deo

62 2447 277 2493 permittere.
286 2447 309 2464 ’⁷
353 2448 439 2494 (V.)
462 2449 621 2495 Abrupto
647 2449 755 2496 igitur
780 2449 830 2484 ibi
851 2449 1019 2485 orationis
1035 2461 1158 2491 cursu,
1181 2448 1330 2494 datoque
1347 2452 1383 2482 et
1402 2450 1549 2493 accepto

63 2499 134 2528 tam
155 2495 200 2529 ab
219 2496 375 2540 Augusta
393 2507 493 2541 quam
511 2507 532 2530 a
557 2496 757 2542 patriarcha
780 2496 1020 2539 iureiurando,
1043 2495 1127 2530 nihil
1150 2495 1285 2530 omnino
1311 2495 1466 2529 facturos
1487 2495 1548 2527 aut

63 2540 288 2576 meditaturos
298 2552 358 2575 eos
376 2541 554 2584 insidiose,
576 2543 690 2589 surgit
707 2544 971 2578 Cantacuzenus
989 2547 1025 2577 et
1042 2543 1136 2577 foras
1154 2542 1236 2577 exit.
1283 2541 1384 2586 (Vl.)
1408 2541 1547 2586 lamque

63 2591 141 2621 erat
159 2587 197 2621 in
214 2599 255 2622 eo
275 2591 392 2630 totus,
415 2593 455 2623 ut
474 2589 662 2625 exercitum
682 2589 829 2625 educere
846 2595 883 2624 et
897 2588 942 2625 iis
958 2590 1061 2624 finem
1079 2589 1254 2635 imponere
1273 2591 1433 2634 pararet,
1456 2598 1547 2633 quae

63 2633 194 2678 pridem
217 2634 307 2668 bene
331 2635 473 2670 decreta
500 2640 626 2671 essent.
673 2636 789 2672 Erant
811 2641 924 2672 autem
945 2636 1024 2679 illa3
1055 2635 1288 2682 possessiones
1311 2633 1467 2669 omnibus
1486 2643 1547 2666 co-

63 2679 131 2724 piis
159 2680 443 2724 distribuendae3
477 2685 550 2717 tum
577 2682 788 2728 congiarium
816 2687 853 2718 et
878 2683 1103 2728 iargitionoe,
1135 2686 1172 2717 et
1190 2681 1358 2728 pecuniae
1379 2680 1447 2715 iam
1466 2678 1547 2713 olim

63 2725 203 2760 debitae
220 2726 358 2771 integra
376 2727 421 2762 de
444 2739 506 2763 suo
539 2728 664 2764 solutio
688 2730 874 2775 (pecuniae
891 2732 980 2764 enim
1006 2729 1151 2775 penuria
1170 2733 1241 2763 tum
1258 2727 1421 2773 temporis
1439 2726 1546 2760 fiscus

62 2772 255 2815 laborabat,
277 2785 342 2807 nec
361 2777 439 2809 erat
456 2774 548 2809 unde
560 2776 866 2822 suppeditarentur
883 2777 919 2811 hi
936 2775 1135 2821 sumptus„
1159 2775 1397 2821 expeditiones
1419 2771 1547 2807 deinde

61 2818 229 2853 adversus
256 2819 394 2862 hostes,
419 2820 478 2867 qui
495 2821 786 2866 circumstabant3
808 2834 950 2869 quorum
972 2822 1032 2857 alii
1053 2821 1188 2868 pridem
1211 2820 1324 2856 adorti
1342 2823 1443 2854 erant
1461 2816 1548 2853 diri-

63 2865 272 2912 piebantque
296 2866 435 2914 impune
457 2867 626 2905 Romanas
653 2870 758 2905 urb'es
787 2874 825 2906 et
845 2869 1066 2918 provincias,
1088 2872 1258 2916 quotquot
1278 2867 1323 2904 ob
1341 2866 1459 2903 oculos
1480 2875 1545 2912 po-
