1794 3172
255 133 356 182 738
675 138 991 185 NICEPHORI
1020 137 1343 183 GREGORAE

35 261 72 293 A.
90 259 135 293 M.
153 257 247 295 6853
257 247 425 310 τρόπον,
463 249 740 294 αἲδεσθέντων
760 249 861 300 ἴσως
878 249 954 306 τὴν
968 248 1112 305 ’κοινὴν
1139 253 1214 305 τῆς
1238 246 1402 307 φύσεως
1424 244 1633 307 γύμνωσιν
1649 263 1659 274 ”
1679 252 1749 294 καὶ

78 308 148 341 ¹¹¹d⁸
163 307 209 342 13
257 321 347 378 ἅμα
374 321 580 377 μηδεμίαν
614 324 688 363 τοῦ
723 323 867 363 λοιποῦ
895 317 1108 376 πρόφασιν
1137 316 1327 374 ὖποψίας
1356 322 1509 373 λιπεῖν,
1547 324 1623 363 τοῦ
1646 319 1749 377 κρύ-

255 395 438 437 πτεσθαι
461 391 590 433 εἵνεκα
608 390 825 447 Καίσαρος
848 390 890 432 ἒν
910 390 1026 446 σφίσι
1045 386 1241 444 νόμισμα,
1276 390 1366 446 μηδ
1370 389 1382 404 ²
1406 388 1509 433 ἄλλο
1529 394 1612 433 τῶν
1634 388 1741 433 πάν-

256 479 339 505 των
365 459 472 509 εἶδος
497 460 668 517 κε’ρδους
695 459 810 510 ἄξιον
840 459 941 515 ἔχειν
964 458 1098 502 οὐδέν.
1136 460 1264 501 δειναὶ
1292 458 1372 518 γὰρ
1396 459 1440 502 αἳ
1457 459 1516 516 μὴ
1539 464 1740 518 προμελε-

256 535 447 587 τηθεῖσαι
478 527 734 586 περιστάσεις
765 530 945 579 ἐπινοίας
980 527 1085 586 πρὸς
1115 527 1164 572 τὸ
1205 528 1422 573 ἀκίνδυνον
1454 528 1596 580 ἄλλοις
1616 529 1777 581 ἄλλας5

256 596 581 654 αὐτοσχεδιάζειν
590 632 606 653 ,
646 598 839 657 αὖτοφυᾶ
864 596 1114 642 διδάσκαλον
1133 597 1209 656 τὴν
1228 599 1543 657 περιϊσταμὲνην
1567 597 1748 656 ἀνάγκην

213 667 540 724 Ελαμβάνουσιν
551 702 566 723 ,
604 666 705 712 ὅταν
735 670 941 727 αἰφνίδιος
965 666 1156 719 θάνατος
1184 670 1240 719 εἷς
1261 667 1493 726 ἀπόγνωσιν
1513 674 1626 727 σφᾶς
1645 669 1748 713 ἀπε-

123 750 165 783 V.
178 749 245 786 375
257 737 387 797 λαύνῃ
410 739 520 794 βίου.
583 737 696 798 (ΙΓ.)
726 738 851 782 Ἀλλὰ
886 738 962 795 τὴν
993 737 1143 795 ἀναιδῆ
1175 740 1246 781 καὶ
1272 737 1467 796 θηριώδη
1488 744 1571 783 τῶν
1593 739 1748 797 ἀνδρο-

253 807 394 868 φόνων
421 809 583 852 ἒκείνων
606 806 740 866 ὁρμὴν
769 806 993 865 μαλάττειν
1026 807 1134 859 ὅλως
1167 807 1281 867 ὥραν
1310 809 1385 853 οὐκ
1408 807 1510 865 εἶχεν
1533 802 1634 853 ὀὔτε
1668 807 1747 852 δά·-

253 897 360 936 κρυα
390 882 474 922 τῶν
494 876 764 934 πασχόντων,
804 878 897 922 οὔτ’
918 873 1030 934 ἦθος
1050 878 1248 933 ἐλεεινὸν,
1288 879 1397 924 οὗθ’
1422 877 1444 924 ὅ
1467 879 1576 937 ἱερὸς
1594 880 1794 931 &nervos-10

253 947 404 1002 τόπος,
441 948 484 991 ἐν
515 942 548 1007 ᾧ
589 950 796 1006 σωτηρίας
830 949 961 992 εἵνεκα
996 947 1349 1008 κατεπεφεύγεσαν
1390 950 1431 993 οἳ
1459 951 1743 1008 ταλαίπωροι·

255 1018 363 1062 ἀλλὰ
386 1019 502 1074 δίκην
523 1019 675 1076 ἱερείων
696 1020 758 1062 ἐπὶ
779 1022 928 1075 βωμοῦ
948 1023 1176 1075 τηνικαῦτα
1197 1021 1265 1062 καὶ
1287 1014 1402 1064 οὗτοι
1424 1019 1496 1071 ξὺν
1518 1020 1654 1067 οὗδενὶ,
1672 1017 1746 1063 κό-

217 1097 349 1148 Εσμῳ
383 1086 534 1139 πάντες
568 1087 768 1142 ἐθύοντο,
816 1091 884 1132 καὶ
916 1087 1067 1148 ῥύακες
1097 1087 1287 1145 αἱμάτων
1319 1091 1512 1134 ἐντεῦθεν
1548 1090 1597 1133 τὸ
1627 1094 1746 1133 θεῖον

254 1158 435 1214 ἕβαπτον
467 1156 623 1216 ἔδαφος
645 1173 656 1183 ·
701 1156 852 1202 εῗκόναι
887 1177 932 1203 τε
967 1163 1080 1203 θεῖαι
1120 1161 1188 1203 καὶ
1217 1158 1393 1214 ἔπιπλα,
1436 1162 1505 1203 καὶ
1549 1158 1630 1203 ὅσα
1669 1164 1746 1216 τῆς

244 1229 374 1278 μθείας
392 1230 680 1286 μυσταγωγιάς
699 1227 823 1286 σκεύη
845 1233 1004 1288 παρῆν,
1044 1229 1233 1284 ἀσμένως
1251 1228 1416 1274 ἅπαντα
1435 1232 1504 1274 καὶ
1525 1229 1656 1281 ἀδεῶς
1674 1231 1743 1289 343-
1757 1240 1794 1276 15

254 1295 475 1356 ριπτοῦντό
496 1315 540 1341 τε
560 1301 627 1342 καὶ
651 1298 923 1358 διηρπάζοντο
938 1313 948 1323 ·
984 1298 1038 1343 τά
1051 1300 1106 1344 θ’
1137 1298 1283 1356 ἱμάτια
1305 1304 1389 1344 τῶν
1413 1300 1681 1359 ἀνῃρημένων
1704 1300 1745 1344 οἳ

255 1366 491 1423 πάντολμοί
509 1385 553 1412 τε
572 1371 640 1412 καὶ
666 1369 846 1421 ἀναιδεῖς
868 1372 1025 1425 ἐκεῖνοι,
1062 1372 1272 1415 πλουσίων
1292 1368 1481 1426 αῗμάτων
1504 1369 1657 1428 πλήρη,
1691 1374 1744 1428 τῇ

251 1438 350 1499 θεία
371 1435 652 1494 λαμβάνοντες
670 1441 889 1484 ε’πετίθουν
905 1441 1098 1499 τραπέζῃ.
1135 1445 1225 1492 πῶς
1244 1439 1296 1484 ἂν
1315 1442 1521 1497 δυναίμην
1540 1441 1744 1497 ἀδακρυτὶ

124 1517 163 1552 P.
174 1508 487 1565 464καταλέγειν
516 1508 569 1552 τὰ
597 1508 771 1567 θρήνων
801 1514 975 1567 μακρῶν
1005 1513 1074 1554 καὶ
1097 1509 1289 1569 δακρύων
1317 1510 1434 1565 ἄξια,
1475 1510 1554 1554 ὅσα
1575 1512 1639 1553 ἐπὶ
1661 1514 1737 1554 τοῦ

250 1579 371 1622 θειόυ
398 1578 589 1634 τεμένους
611 1578 704 1624 τότε
724 1581 801 1638 τὴν
829 1580 1002 1638 ἐλεεινὴν
1023 1583 1260 1642 τραγῳδίαν
1283 1581 1437 1638 ἐκείνην
1468 1584 1737 1639 βαρβαρικῶς
1746 1586 1794 1621 20

254 1649 321 1692 καὶ
347 1648 534 1704 ἀσμένως
567 1658 757 1708 χορηγεῖν
785 1651 1008 1709 ἐξεγένετος
1045 1651 1133 1695 εἷ’θε
1163 1646 1216 1708 ἦν
1247 1651 1339 1695 ἀντὶ
1367 1651 1546 1706 με’λανος
1577 1653 1634 1701 εἷς
1663 1648 1743 1693 δά-

252 1735 360 1776 κρυα
387 1718 460 1762 τὸν
491 1717 678 1775 κάλαμον
710 1719 914 1776 βάπτοντι
947 1719 1120 1780 γράφειν
1149 1723 1219 1765 καὶ
1259 1723 1494 1778 διηγεῖσθαι
1525 1725 1602 1778 τῆς
1631 1718 1738 1764 τόθ’

250 1786 409 1848 ἡμέρας
427 1788 504 1845 τὴν
525 1791 748 1849 συμφορὰν
769 1792 1073 1852 ἐναργέστερον,
1099 1788 1156 1843 ὥς
1175 1791 1330 1836 ἕκαστα
1347 1791 1592 1851 πέπρακται.
1632 1789 1743 1835 οὕτω

345 1911 403 1948 14.
426 1908 569 1948 εἰκόναι
589 1912 739 1949 barbare
761 1924 825 1960 pro
848 1910 989 1958 εἰκόνες
1011 1913 1159 1961 positum
1182 1914 1234 1950 ait
1256 1913 1356 1950 Boiv.

254 2015 406 2050 fortasse
428 2015 616 2051 reverituri
635 2021 753 2051 essent
778 2029 988 2054 communem
1005 2021 1161 2054 naturam
1180 2018 1288 2053 oculis
1311 2017 1519 2061 subiectam3
1542 2020 1616 2053 tum
1637 2013 1745 2053 etiam'

254 2067 294 2096 ut
313 2062 407 2096 nulla
425 2063 566 2108 amplius
583 2063 836 2108 relinqueretur
856 2067 945 2100 ratio
966 2065 1165 2112 suspicandi
1182 2066 1226 2101 de
1245 2078 1304 2108 se,
1331 2065 1429 2112 quasi
1447 2065 1658 2100 Caesareum
1678 2064 1744 2098 ali-

254 2108 349 2154 quod
362 2109 535 2151 numisma,
554 2114 613 2144 aut
633 2110 724 2144 aliud
742 2111 931 2157 quidquam
950 2113 1062 2158 pretio
1077 2113 1194 2159 aliquo
1213 2113 1352 2159 dignum
1371 2112 1632 2147 occultantibus.
1658 2111 1742 2145 Plu-

252 2156 375 2190 rimum
394 2156 482 2190 enim
502 2156 596 2191 valet
616 2156 796 2202 inopinata
820 2159 996 2194 calamitas
1019 2159 1063 2194 ad
1091 2161 1310 2206 suggerenda
1332 2171 1376 2194 ex
1397 2164 1550 2204 tempore
1574 2159 1643 2193 alia
1661 2158 1742 2192 aliis

254 2201 418 2244 consilia,
442 2203 566 2248 quibus
592 2215 629 2238 se
651 2203 745 2249 ipsos
767 2204 956 2240 defendant
975 2218 996 2241 a
1019 2206 1202 2251 periculis,
1226 2207 1424 2252 magistram
1447 2207 1611 2240 habentes
1632 2206 1741 2250 ipsam

252 2248 494 2283 necessitatem
515 2254 702 2294 urgentem,
718 2262 793 2285 cum
808 2264 869 2287 eos
888 2254 1070 2298 repentina
1087 2265 1177 2288 mors
1190 2254 1234 2288 ad
1246 2254 1340 2289 vitae
1357 2253 1630 2299 desperationem
1649 2263 1743 2285 com-

252 2295 364 2341 pellit.
411 2296 548 2341 (xm.)
572 2297 618 2330 At
640 2297 839 2334 insolentem
864 2304 899 2333 et
919 2299 1097 2335 immanem
1123 2301 1369 2337 homicidarum
1391 2300 1520 2334 illorum
1541 2298 1741 2334 violentiam

253 2342 387 2376 mollire
405 2354 469 2377 nec
489 2342 661 2387 lacrymae
683 2344 886 2380 afflictorum
904 2352 1085 2392 poterant,
1110 2359 1175 2382 nec
1195 2347 1335 2382 habitus
1355 2346 1579 2388 miserabilis,
1604 2357 1667 2380 nec
1684 2356 1741 2379 sa-

252 2400 313 2423 cer
331 2388 388 2423 ille
403 2388 512 2431 locus,
536 2390 581 2424 ad
599 2402 700 2436 quem
715 2391 872 2427 infelices
890 2393 950 2427 isti
968 2393 1090 2429 salutis
1107 2394 1257 2429 tuendae
1274 2405 1378 2429 causa
1397 2394 1636 2438 confugerant.
1668 2391 1741 2426 Sed

251 2434 468 2471 victimarum·
485 2436 595 2471 instar
614 2448 718 2482 super
736 2437 837 2472 altari
855 2444 890 2473 et
907 2440 943 2474 hi
962 2451 1100 2487 quoque
1118 2446 1200 2476 tunc
1215 2442 1318 2476 foede
1333 2441 1584 2482 mactabantur,
1605 2444 1641 2473 et
1659 2450 1742 2473 san-

251 2482 369 2527 guinis
392 2483 463 2517 rivi
484 2487 659 2518 manantes
680 2483 761 2518 inde
780 2486 977 2530 pavimenta
998 2499 1099 2522 sacra
1114 2487 1318 2533 tingebant3
1342 2492 1379 2522 et
1400 2492 1541 2522 sanctae
1558 2485 1740 2531 imagines,

253 2533 290 2564 et
306 2529 473 2576 supelleX,
497 2535 533 2566 et
551 2542 775 2576 quaecunque
793 2531 938 2567 aderant
955 2545 1061 2576 vasa,
1086 2535 1193 2569 sacris
1211 2534 1386 2581 mysteriis
1405 2534 1603 2579 assignata,
1628 2532 1740 2567 omnia

253 2575 358 2610 facile
382 2580 419 2610 et
443 2576 580 2623 impune
605 2577 868 2612 disiiciebantur
890 2590 930 2613 ac
953 2579 1215 2627 diripiebantur.
1265 2581 1360 2623 Quin
1380 2586 1417 2615 et
1435 2591 1611 2615 caesorum
1629 2579 1740 2614 vesti-

254 2627 371 2657 menta
393 2623 542 2658 audaces
560 2623 612 2658 illi
630 2628 667 2659 et
686 2623 930 2668 inverecundi,
956 2638 1080 2662 cruore
1098 2629 1195 2673 largo
1217 2628 1320 2675 plena
1341 2631 1526 2670 sumentem
1550 2627 1666 2661 divino
1687 2626 1739 2660 al-

212 2676 222 2684 ¹
253 2669 324 2703 tari
344 2669 575 2716 imponebant.
622 2670 695 2705 Sed
712 2672 881 2716 quomodo
902 2684 966 2717 ego
987 2673 1089 2708 siccis
1108 2675 1215 2710 oculis
1242 2686 1383 2709 narrare
1408 2674 1535 2720 possim
1554 2673 1739 2708 luctuosis-

254 2716 342 2750 sima
365 2722 402 2751 et.
425 2717 589 2752 uberibus
611 2717 771 2763 lacrymis
796 2717 920 2763 digna,
946 2731 1036 2764 quae
1055 2721 1107 2755 illi
1125 2726 1208 2756 tunc
1228 2733 1326 2756 sacro
1345 2722 1382 2755 in
1401 2721 1473 2755 solo
1486 2746 1497 2763 ,
1522 2720 1739 2765 tragoediam

253 2761 347 2797 illam
372 2763 598 2799 miserabilem
622 2764 852 2806 adornantes,
883 2765 1044 2801 alacriter
1069 2772 1105 2801 et
1126 2769 1274 2803 barbare
1302 2768 1548 2813 designarunt!
1598 2767 1739 2801 Utinam

253 2808 415 2855 lacrymis
442 2822 503 2855 pro
534 2814 724 2845 atramento
757 2812 811 2845 uti
835 2811 974 2856 liceret,
999 2818 1039 2847 ut
1065 2814 1196 2849 calamo
1221 2815 1367 2849 intincto
1391 2814 1620 2850 describerem
1645 2813 1738 2847 illius

253 2854 324 2891 diei
342 2856 588 2902 calamitatem,
611 2857 862 2905 dilucidiusque
882 2871 1087 2906 exponerem
1106 2861 1241 2908 singula
1260 2867 1299 2897 ut
1314 2868 1415 2909 gesta
1433 2862 1531 2897 sunt!
1578 2861 1633 2896 Ita
1651 2859 1739 2895 enim
