1794 3172
336 156 655 204 HISTORIAE
676 157 1051 206 BYZANTINAE
1070 158 1234 205 XXIII.
1252 167 1293 209 2.
1418 156 1547 203 1101

71 265 122 310 τὸ
139 263 432 323 μετεχὸμενον,
461 272 538 312 τοῦ
556 267 803 324 ἀμεθέκτου.
846 268 895 314 τὸ
914 268 995 327 γὰρ
1011 269 1206 326 μετέχον,
1241 269 1382 323 ἀτελὲς
1405 272 1482 327 μὲν
1502 271 1551 317 ὃν
1571 282 1658 317 A.c.
1677 282 1768 319 1351

71 335 153 393 πρὸ
181 341 257 392 τῆς
286 337 518 392 μεθέξεως,
556 338 710 382 τέλειον
738 339 785 382 δὲ
815 343 868 397 τῇ
893 339 1058 394 μεθέξει
1086 338 1320 397 γινόμενον,
1358 331 1770 412 ὃεύτερόνῐωῐῑζέἓξέψ

71 403 159 448 ἔστι
185 404 351 458 πάντως
378 411 454 451 τοῦ
480 407 776 463 μετεχομένου,
813 408 925 452 καθὰ
955 407 1109 453 τέλειόν
1136 410 1223 454 ἔστι
1249 409 1470 468 μετασχόν.
1515 406 1586 470 ᾗῑῖ

69 475 150 531 γὰρ
172 475 314 525 ἀτελὲς
333 471 408 532 ἦν,
441 475 575 535 ταύτῃ
591 482 667 520 τοῦ
684 478 1035 533 μετασχεθέντος,
1073 477 1096 523 ὃ
1119 486 1230 523 ποιεῖ
1245 480 1398 525 τέλειον
1425 481 1545 534 αὐτὸ,

41 545 405 603 εκαταδεέστερον.
442 546 491 589 τὸ
508 547 554 589 δὲ
571 544 841 603 μετεχόμενόν
859 564 971 598 τινος
989 547 1058 601 ὂν,
1092 550 1162 592 καὶ
1183 548 1233 593 οὗ
1250 547 1440 605 πάντων,
1472 555 1547 595 τοῦ
1568 561 1611 595 Ρ.
1631 562 1697 598 691

68 610 238 658 πάντων
260 613 395 668 ὄντος,
419 617 487 658 καὶ
510 615 560 659 οὗ
580 633 703 670 τινος,
733 614 856 659 πάλιν
874 615 1096 675 ὕφειμένην
1117 617 1258 674 ἔλαχεν
1275 618 1464 677 ὕπαρξιν.
1497 620 1547 665 τὸ
1571 631 1616 668 V.
1630 631 1700 668 557

68 683 145 738 μὲν
162 683 242 742 γὰρ
263 688 323 743 τῷ
343 681 511 733 πάντων
531 686 650 745 αἰτίῳ
678 686 1012 744 συγγενέστερον,
1047 686 1097 731 τὸ
1119 688 1165 730 δὲ
1195 682 1322 744 ἧττον
1349 691 1546 747 συγγενές.

67 749 226 809 ἡγεῖται
260 752 344 811 ἄρα
374 754 424 798 τὸ
463 755 541 809 μὲν
580 755 814 810 ἇμέθεκτον
856 760 941 800 τῶν
973 756 1252 813 μετεχομένων
1266 772 1276 781 ·
1322 763 1458 803 ταῦτα
1486 762 1548 813 δὲ,

67 825 154 865 τῶν
173 821 441 879 μετεχόντων.
482 822 540 875 ὥς
557 825 661 882 γὰρ,
695 822 906 869 συνελόντι
925 824 1078 884 φάναι,
1110 825 1160 869 τὸ
1176 826 1252 881 μέν
1270 827 1380 871 ἔστιν
1400 826 1446 872 ’ἐν
1466 829 1550 884 πρὸ

11 894 152 939 ιοτῶν
178 896 365 936 πολλῶν·
400 893 451 937 τὸ
479 895 526 937 δὲ
557 892 826 950 μετεχόμενον
854 896 897 938 ἐν
919 902 1006 946 τοῖς
1024 899 1193 946 πολλοῖς
1210 894 1255 939 (ἐν
1277 897 1367 951 ἅμα
1385 900 1454 941 καὶ
1472 898 1550 955 οὐχ

68 959 134 1004 ἕν’
170 961 220 1005 τὸ
241 963 288 1006 δὲ
306 963 476 1019 μετέχον
500 968 584 1006 πᾶν
621 963 698 1019 οὐχ
724 962 770 1007 (ἐν
796 962 885 1019 ἅμα
910 966 979 1008 καὶ
1007 963 1094 1009 ἕν.”
1137 966 1331 1009 σκεπτέον
1356 968 1583 1016 ἐνταῦθαΒ

66 1029 172 1087 πρὸς
189 1035 294 1075 θεοῦ
303 1064 318 1086 ,
353 1036 443 1084 πῶς
461 1036 628 1078 πολλῶν
645 1037 730 1077 τῶν
755 1038 832 1078 τοῦ
853 1032 1051 1090 Ἕλληνος
1067 1032 1197 1078 ὄντων
1216 1034 1435 1091 δογμάτων
1455 1039 1547 1095 περὶ

65 1103 198 1155 θεοῦ,
237 1095 296 1145 ὧν
324 1101 378 1146 τὰ
403 1103 528 1146 πλείω
558 1107 635 1146 τοῦ
657 1109 791 1146 νοσεῖν
819 1120 907 1154 πως
928 1101 1189 1159 ἀπήλλακται
1197 1137 1211 1157 ,
1246 1103 1315 1148 ὅδε
1347 1110 1405 1164 τῷ
1429 1104 1545 1160 μάλα

67 1174 260 1214 νοσοῦντι
280 1170 564 1228 προσετετήκει
582 1171 719 1229 μέρει,
751 1171 775 1216 ὃ
795 1171 871 1215 κᾶν
891 1171 1006 1232 αὐτῷ
1027 1170 1199 1231 παρόντι
1217 1178 1278 1233 τῷ
1287 1173 1453 1232 Ἕλληνι
1469 1193 1545 1231 με·

12 1250 57 1286 15
67 1237 245 1294 τάμελον
280 1238 486 1298 ἐχορήγει,
520 1239 745 1298 τᾶτόπημα
774 1241 1119 1298 δημοσιευόμενον
1147 1243 1365 1297 βλέποντι·
1400 1244 1428 1301 ἢ
1456 1250 1547 1296 πῶς

67 1308 144 1352 οὖκ
164 1308 216 1353 ἂν
235 1309 398 1368 ᾐδέσθη
417 1310 492 1355 τὸν
510 1309 672 1368 ἔλεγχον
694 1309 878 1355 αὐτόθεν
898 1310 1145 1367 αἲσχύνοντα
1154 1345 1168 1366 ,
1205 1314 1369 1367 βλέπων
1391 1312 1449 1364 ὥς
1467 1314 1545 1358 αὖ·

65 1378 139 1429 τὸς
164 1376 299 1439 ἑαυτῷ
316 1378 516 1436 μάχοιτο,
554 1380 754 1424 τάναντία
782 1388 872 1431 τοῖς
895 1379 1098 1439 πρότερον
1119 1382 1324 1425 ἐνταυθοῖ
1342 1385 1579 1439 δογματί-(ἶ

66 1449 174 1504 ζων,·
206 1456 317 1506 τρεῖς
336 1450 411 1504 μὲν
433 1449 513 1507 γὰρ
539 1450 727 1493 ἐνταῦθα
749 1448 883 1502 τάξεις
910 1457 1108 1494 ποιεῖται·
1143 1452 1244 1506 μίαν
1267 1452 1343 1505 μὲν
1368 1452 1445 1508 τὴν
1467 1457 1544 1496 wo

68 1517 300 1572 ἄμεθέκτου
324 1520 392 1561 καὶ
407 1516 694 1577 ὑπερκειμένου
714 1523 837 1573 θεοῦ,
862 1519 1057 1577 δευτέραν
1077 1520 1124 1563 δὲ
1144 1520 1220 1575 τὴν
1241 1525 1317 1563 τοῦ
1333 1525 1542 1575 μεθεκτοῦ

10 1587 232 1645 Ξογένους,
257 1589 324 1631 καὶ
347 1588 492 1646 τρίτην
513 1592 599 1632 τῶν
616 1585 883 1644 μετεχόντων.
919 1590 989 1632 καὶ
1015 1586 1171 1646 ἡγεῖται
1190 1593 1392 1634 τοσοῦτον
1411 1589 1542 1648 ὕπερ-

65 1746 151 1825 fat,
174 1742 360 1789 ignobilius
385 1747 441 1780 est
468 1756 531 1787 eo,
554 1742 646 1791 quod
669 1744 919 1791 participatur-3
942 1746 979 1780 et
1005 1743 1099 1792 quod
1124 1743 1377 1792 participatur,
1399 1744 1542 1792 ignobi-

81 1790 134 1825 ius
148 1797 203 1826 est
226 1803 291 1833 eo,
314 1791 408 1836 quod
425 1791 631 1837 participari
656 1804 723 1826 non
740 1796 867 1838 potest.
914 1791 1004 1827 Nam
1020 1791 1112 1838 quod
1131 1791 1337 1838 participat,
1361 1803 1437 1827 cum
1458 1796 1542 1828 anto

66 1837 365 1883 participationem
392 1838 627 1883 imperfectum
650 1838 697 1872 sit
724 1844 761 1873 et
790 1838 1059 1884 participatione
1084 1850 1147 1873 sua
1179 1839 1371 1884 perfectum
1397 1839 1538 1881 evadat,

65 1890 164 1918 certe
180 1884 354 1930 posterius
371 1889 426 1919 est
442 1896 484 1919 eo
495 1909 507 1926 ,
530 1885 625 1930 quod
643 1884 893 1930 participatur,
916 1885 952 1919 in
974 1889 1135 1931 quantum
1158 1885 1348 1931 perfectum
1366 1890 1421 1920 est
1441 1889 1541 1930 post-

65 1942 167 1976 quam
193 1930 428 1976 participavit.
483 1931 575 1966 Nam
597 1936 769 1978 quatenus
793 1930 1029 1976 imperfectum
1058 1936 1157 1973 erat,
1185 1936 1327 1966 eatenus
1353 1931 1541 1977 ignobilius

65 1980 122 2012 est
137 1989 198 2018 eo,
221 1978 314 2022 quod
333 1977 584 2023 participatur,
607 1977 771 2024 quodque
785 1977 895 2023 ipsum
917 1979 1105 2023 perfectum
1124 1977 1252 2013 reddit.
1299 1978 1403 2020 Quod
1422 1981 1538 2013 antem

64 2023 111 2058 ab
127 2023 264 2069 aliquo,
287 2035 356 2058 non
376 2024 420 2058 ab
440 2024 596 2058 omnibus
614 2024 864 2070 participatur,
885 2024 921 2058 id
950 2024 1176 2060 substantiam
1193 2024 1352 2059 sortitum
1372 2027 1427 2059 est
1444 2024 1538 2058 infe-

64 2068 191 2104 riorem
214 2081 275 2113 eo,
297 2069 391 2115 quod
411 2070 456 2104 ab
474 2070 648 2111 omnibus,
671 2082 739 2105 non
756 2071 801 2106 ab
819 2070 935 2125 aliquo
952 2072 1141 2113 duntaxat,
1162 2070 1407 2117 participatur.
1443 2071 1537 2106 Nam

47 2115 131 2155 ,hoc
148 2115 278 2161 magis,
299 2121 338 2150 et
353 2116 439 2151 illud
456 2116 569 2151 minus
586 2117 631 2151 ad
645 2116 958 2152 universalissimae
976 2117 1119 2152 omnium
1143 2129 1256 2152 rerum
1280 2129 1407 2153 causae
1432 2121 1536 2151 natu-

62 2173 138 2197 ram
156 2162 304 2198 accedit.
349 2162 448 2208 Ergo
464 2163 556 2208 quod
576 2163 780 2209 participari
798 2163 920 2209 nequit
943 2169 1099 2210 praestat
1122 2163 1188 2206 iis,
1215 2175 1305 2210 quae
1320 2163 1535 2210 participan-

62 2212 141 2250 tur;
164 2214 201 2244 et
220 2208 373 2244 vicissim
390 2221 482 2255 quae
507 2209 757 2255 participantur
779 2211 1034 2255 praestantiora
1059 2215 1142 2246 sunt
1161 2210 1250 2252 illis,
1279 2222 1370 2256 quae
1389 2209 1533 2256 partici-

61 2260 160 2301 pant.
209 2254 367 2297 Etenim,
387 2262 427 2290 ut
444 2267 512 2290 uno
532 2257 638 2290 verbo
656 2255 865 2301 complectar
880 2257 1016 2300 omnia,
1037 2257 1127 2303 quod
1146 2256 1346 2303 participari
1366 2268 1433 2290 non
1451 2260 1531 2301 pot-

62 2306 142 2344 est,
164 2302 230 2336 hoc
253 2307 336 2337 aute
357 2302 464 2336 multa
484 2313 586 2336 unum
613 2307 688 2344 est;
711 2303 803 2348 quod
828 2307 942 2338 autem
959 2304 1209 2350 participatur,
1230 2303 1266 2338 in
1289 2302 1406 2338 multis
1429 2312 1532 2335 unum

60 2352 119 2384 est
142 2348 244 2383 simul
263 2353 300 2383 et
321 2360 389 2383 non
405 2360 530 2389 unum3
551 2348 699 2395 denique
716 2349 881 2395 quicquid
903 2351 1113 2397 participat,
1140 2354 1195 2385 est
1214 2361 1283 2385 non
1306 2360 1408 2384 unum
1427 2347 1531 2382 simul

61 2399 100 2429 et
115 2394 253 2429 unnm.''
300 2394 372 2429 Per
394 2395 503 2430 Deum
529 2407 592 2429 vos
609 2396 785 2437 obtestor,
810 2400 850 2430 ut
866 2396 932 2431 hoc
950 2397 986 2432 in
1010 2397 1086 2432 loco
1106 2395 1331 2443 perpendatis
1350 2393 1529 2439 quomodo,

61 2452 140 2475 cum
165 2452 322 2486 paganus
345 2441 415 2475 iste
432 2442 577 2476 Proclus
595 2442 701 2476 multa
721 2442 768 2476 de
791 2440 866 2476 Deo
884 2443 1046 2488 dogmata
1061 2443 1264 2484 tradiderit,
1288 2451 1430 2487 quorum
1450 2439 1530 2485 ple-

61 2497 170 2532 raque
187 2492 268 2522 sunt
283 2488 328 2522 ab
351 2487 441 2522 omni
459 2487 588 2522 erroris
606 2488 691 2523 vitio
717 2487 830 2522 libera
853 2492 890 2523 et
913 2500 1021 2535 pura,
1042 2489 1296 2525 vitiosissimum
1315 2498 1358 2521 ex
1375 2485 1444 2520 illis
1463 2485 1530 2519 do—

60 2533 234 2578 gmatibus
257 2533 416 2568 Palamas
440 2534 547 2569 fuerit
567 2534 763 2580 amplexus:
784 2534 877 2580 quod
897 2547 980 2570 sane
1004 2547 1142 2582 pagano
1160 2535 1242 2570 huic
1258 2531 1418 2578 scriptori
1440 2543 1527 2577 poe-

60 2579 198 2614 nitendi
214 2579 322 2614 locum
340 2580 461 2622 daret,
484 2580 516 2615 si
530 2592 697 2627 praesens
713 2581 791 2626 ipse
808 2581 988 2617 absurdam
1006 2583 1097 2617 lianc
1109 2581 1300 2627 opinionem
1316 2577 1454 2612 videret
1470 2577 1527 2611 di-

59 2625 210 2671 vulgari.
255 2625 392 2672 Alioqui
416 2628 586 2673 quomodo
610 2639 678 2662 non
704 2627 944 2670 erubesceret,
966 2628 999 2663 εἰ
1017 2628 1132 2664 statim
1152 2629 1309 2662 cemeret
1328 2625 1528 2670 probrosam

60 2675 167 2717 atque
184 2671 443 2717 ignominiosam
460 2674 653 2708 sententiae
669 2684 754 2708 suae
767 2673 1010 2710 refutationem
1020 2699 1034 2718 ‚
1055 2679 1223 2720 qnatenus
1239 2671 1393 2706 nimirum
1409 2680 1526 2723 secum

56 2716 136 2763 ipse
155 2723 307 2762 pugnat,
329 2720 504 2754 contraria
520 2720 697 2765 prioribus
710 2719 871 2764 dogmata
887 2720 1003 2756 hocin
1023 2722 1097 2756 loco
1116 2717 1322 2765 proferens?
1343 2716 1413 2751 Hic
1432 2727 1524 2750 emm
1554 2753 1562 2758 ,

58 2767 132 2798 tres
149 2775 263 2798 rerum
285 2765 424 2800 ordines
442 2777 521 2800 esse
539 2765 684 2807 statuit3
706 2777 851 2811 quorum
870 2765 907 2800 in
957 2767 1042 2802 rimo
1068 2764 1206 2811 reponit
1221 2774 1282 2798 ens
1302 2762 1395 2809 quod
1413 2761 1526 2808 parti-

58 2809 171 2855 cipari
193 2810 314 2856 nequit
331 2815 369 2846 et
385 2823 578 2858 supremum
602 2812 734 2846 Deum:
756 2811 794 2846 in
949 2824 971 2847 o
994 2812 1141 2848 collocat
1166 2821 1275 2855 genus
1296 2809 1405 2850 entis,
1429 2807 1525 2861 quo-d

58 2855 264 2903 participari
291 2860 426 2904 potest:
448 2858 484 2894 in
511 2857 617 2895 tertio
637 2858 770 2894 demum
794 2857 918 2896 ordine
935 2858 1112 2896 constituit
1129 2857 1245 2899 entia,
1266 2867 1356 2902 quae
1378 2853 1525 2902 partici-
