1794 3172
238 136 342 193 '854
465 128 467 131 ’
517 146 535 178 -’
610 139 966 195 “ΝΙ(’;ΕΡΗΟΒΙ
995 142 1324 194 GREGORAE

15 273 53 306 Δ.
66 271 111 304 Μ.
131 269 225 307 6857
239 265 296 315 εἷς
310 257 584 322 χρονιώτερον
613 258 696 317 ἤδη
717 256 1072 316 παρεσκευάζοντο
1092 256 1273 315 πόλεμον
1282 292 1297 314 ,
1323 254 1526 319 χρήματά
1554 274 1597 302 τε
1616 257 1729 302 ἄπα·-

76 318 146 353 ¹¹¹‘¹·
168 319 193 354 2
239 331 514 389 ριθμούμενοι
552 332 619 374 καὶ
655 329 1013 391 συνεισφέροντες·
1059 328 1159 373 οὐδὲ
1187 327 1336 387 λόγους
1373 328 1488 387 ὅμως
1516 326 1731 386 συνήθους

240 401 399 463 ὀφρύος
421 401 583 459 ἀφιέναι
603 399 782 456 ἠμέλουν
799 397 991 460 μεστούς..

108 480 229 532 1{.538
343 471 395 516 δ’,
424 471 540 528 ’Apu
566 472 611 513 δὲ
635 473 709 513 τοῢ
728 467 1005 529 φθινοπώρου
1024 472 1254 525 μεσοῦντος
1286 467 1519 527 ἀφικνεῖται
1550 467 1619 510 καὶ
1645 469 1729 522 βα-

106 527 229 564 v'435
239 542 374 593 σιλεύς
406 542 448 592 ἐς
486 538 745 595 Βυζάντιον,
796 537 977 597 στρατόν
1014 557 1059 583 τε
1100 537 1354 597 ἐπαγόμενος
1393 534 1630 597 ἦπειρώτην
1659 538 1727 579 καὶ
1736 551 1760 588 5

238 612 327 669 ἅμα
346 609 643 668 ναυπηγήσιμα
667 608 772 662 ξύλα
793 610 1101 668 παραγγέλλων,
1126 609 1180 653 τὰ
1201 611 1278 665 μὲν
1300 611 1344 661 ἐξ
1368 607 1493 667 ὅρους
1516 607 1598 664 ἤδη
1619 623 1730 663 τμη-

238 682 371 726 θέντα
383 715 396 736 ,
441 681 494 725 τὰ
525 682 551 724 δ
560 680 572 696 ²
612 680 672 724 ἔτι
704 677 957 736 τεμνόμενα,
1001 679 1160 739 φέρειν·
1211 682 1280 724 καὶ
1308 679 1527 737 ἠθροίζετο
1567 694 1730 733 ναυπη-

237 756 321 811 γῶν
349 753 418 795 καὶ
454 748 657 795 τεκτόνων
686 755 854 808 πλῆθος
885 749 998 794 ἅπαν
1029 751 1071 801 ἐς
1102 749 1150 794 τὸ
1181 752 1273 808 περὶ
1303 750 1376 793 τὸν
1396 753 1472 792 τοῦ
1494 748 1729 800 Βυζαντίου

238 819 500 881 ἱππόδρομον
521 819 702 879 νεώριον.
734 821 815 877 ὀψὲ
833 820 914 879 γὰρ
935 820 1119 878 ἔγνωσαν
1137 825 1275 871 κακῶς
1292 816 1616 875 βουλευσάμενοι
1638 819 1730 859 Βυ-

199 891 393 944 Βζάντιοι
411 893 503 950 περὶ
522 891 600 948 τὴν
622 890 699 944 ἔξω
719 895 864 947 τειχῶν
883 890 1088 947 συσκευὴν
1106 895 1190 935 τῶν
1211 895 1312 934 νεῶν
1326 904 1337 915 ·
1374 890 1443 934 καὶ
1462 887 1489 946 ἦ
1510 892 1586 931 τοῦ
1607 883 1728 946 φθά-
1742 900 1788 936 10

241 979 395 1022 σαντος
426 960 596 1013 πάθους
626 961 772 1018 ἀπειλὴ
804 961 1108 1020 συνετωτέρους
1139 958 1366 1018 ἐπεποιήκει
1399 959 1505 1017 πρὸς
1537 957 1613 1014 τὴν
1646 960 1732 1000 τῶν

243 1033 467 1091 δρωμένων
501 1030 595 1089 ἑξῆς
624 1030 929 1090 ἐπανόρθωσιν.
994 1030 1090 1090 (Β.)
1129 1035 1195 1090 Τῇ
1217 1031 1261 1075 δ’
1291 1029 1492 1090 ὑστεραίᾳ
1515 1028 1615 1079 τοὺς
1639 1030 1731 1071 Βυ-

245 1104 435 1157 ζαντίους
461 1104 502 1154 ἐς
524 1102 741 1159 ἐκκλησίαν
762 1102 941 1153 καλέσας
969 1101 1292 1158 ἀνεμίμνησκεν,
1331 1099 1395 1144 ὅτι
1412 1134 1426 1155 ,
1433 1103 1533 1155 ,τῶν
1557 1095 1732 1141 ἐνεστώ-

242 1187 328 1218 των
351 1175 494 1217 δεινῶν
513 1171 673 1217 τούτων
692 1171 809 1228 ὑμεῖς
827 1170 995 1223 πάντως
1011 1171 1109 1228 ὑμῖν
1130 1172 1273 1223 αὐτοῖς
1291 1171 1436 1226 αἴτιοι,
1474 1170 1542 1213 καὶ
1565 1168 1639 1213 οὐκ
1654 1166 1731 1211 ἄλ-

241 1247 315 1295 λος
335 1247 420 1287 τῶν
442 1241 609 1287 πάντων
629 1243 775 1294 οὐδείς.
812 1243 1031 1300 μέμνησθε
1049 1242 1129 1300 γὰρ
1140 1276 1155 1297 ‚
1191 1240 1304 1293 ὅπως
1321 1241 1395 1286 τὸν
1414 1240 1560 1298 πέρυσι
1578 1236 1733 1297 χρόνον
1745 1251 1788 1288 15

242 1314 449 1357 ἐνταυθοῖ
485 1311 814 1371 συνεληλυθότες
844 1314 1140 1371 ἐπηγγείλασθε
1170 1310 1341 1366 πάντες,
1370 1304 1571 1369 χρήματά
1597 1326 1641 1352 τε
1663 1308 1735 1351 καὶ

208 1382 361 1428 effata
384 1391 693 1441 συνεισενεγκεῖν
722 1384 909 1438 οἴκοθεν,
944 1383 1013 1427 διὰ
1032 1383 1110 1441 τὴν
1128 1387 1213 1427 τῶν
1229 1386 1457 1439 βασιλικῶν
1477 1379 1734 1438 πρυτανείων

200 1465 203 1466 ’
241 1451 417 1508 σπάνιν,
453 1454 558 1512 πρὸς
579 1454 835 1511 κατασκευὴν
854 1456 924 1498 καὶ
953 1452 1154 1498 σύστασιν
1175 1457 1371 1509 ναυτικῆς
1390 1449 1629 1506 δυνάμεως·
1660 1450 1733 1492 ἵνα

239 1541 285 1568 τε
303 1531 392 1575 τοῖς
410 1524 486 1580 μὲν
507 1525 643 1582 φίλοις
665 1520 772 1580 ὦμεν
794 1526 998 1586 ποθεινοὶ,
1021 1531 1109 1575 τοῖς
1129 1526 1154 1568 δ
1161 1523 1175 1540 ²
1195 1524 1366 1582 ἐχθροῖς
1384 1521 1579 1581 φοβεροί·
1603 1517 1729 1563 ἔπειτ’

240 1594 383 1638 οἴκαδε
413 1598 540 1637 πᾶσιν
574 1592 894 1653 ἀναχωρήσασιν
932 1595 1009 1638 οὐκ
1045 1595 1239 1652 ἐμέλησεν
1262 1594 1399 1638 οὐδενὶ
1440 1593 1533 1650 περὶ
1566 1589 1791 1641 οὗδενὸςρο

241 1657 300 1709 ὧν
321 1665 619 1723 ἐπηγγείλασθε
649 1667 756 1726 δρᾷν
785 1666 850 1708 ἐπὶ
882 1669 942 1725 τῷ
964 1669 1085 1724 σφῶν
1108 1665 1246 1708 αὐτῶν
1267 1663 1461 1723 ὠφελίμῳ
1477 1675 1488 1686 ·
1527 1660 1627 1704 ἀλλ’
1655 1655 1734 1703 αὗ-

242 1735 318 1794 ·ραί
333 1751 440 1786 τινες
470 1734 569 1787 τοὺς
587 1733 813 1794 ὑμετέρους
840 1733 989 1792 λόγους
1018 1735 1141 1793 ἀέρος
1159 1733 1329 1785 κόλποις
1348 1731 1518 1790 ἀδήλοις
1540 1731 1735 1787 ἐξαπίνης

245 1806 543 1862 διεμερίσαντο.
606 1809 682 1849 νῦν
726 1801 800 1849 οὖν
835 1805 916 1860 πρὸ
958 1805 1198 1864 ὀφθαλμῶν
1239 1805 1403 1859 κείμενα
1445 1803 1669 1857 βλέποντες
1705 1799 1734 1844 ἃ

201 1869 520 1934 Βπρούξένησεν
549 1872 699 1932 ἧμῖνῆ
729 1873 823 1919 τότ’
861 1874 1029 1930 ἀμέλεια
1058 1874 1303 1931 σκέψασθε,
1336 1874 1382 1936 τί
1409 1875 1477 1916 δεῖ
1503 1874 1634 1934 δρᾷν,
1668 1871 1734 1913 ἐπὶ

245 2028 372 2065 bellum
390 2028 584 2065 diuturnius
602 2032 791 2077 apparant3
815 2029 981 2076 pecunias
999 2028 1217 2066 dinumerant
1232 2032 1269 2065 et
1284 2027 1528 2065 contribuunt:
1547 2038 1660 2076 neque
1676 2027 1734 2063 in-

245 2077 348 2112 terim
368 2077 511 2112 vocibus
530 2083 678 2123 parcunt
697 2077 820 2112 solitae
842 2078 1064 2122 arrogantiae
1082 2077 1205 2124 plenis.

339 2123 376 2160 4.
400 2123 518 2158 Medio
546 2124 664 2159 statim
689 2127 849 2159 autumno
882 2123 1088 2169 Byzantium
1122 2123 1309 2159 adveniens
1335 2122 1524 2170 imperator
1545 2123 1735 2158 terrestres

247 2169 369 2216 copias
388 2182 502 2205 secum
520 2171 680 2206 adducit:
705 2171 805 2206 simul
822 2170 959 2206 navalia
972 2170 1067 2216 ligna
1083 2171 1231 2206 convehi
1247 2172 1357 2214 iubet,
1370 2182 1460 2217 quae
1474 2169 1510 2204 in
1525 2174 1638 2204 monte
1651 2180 1735 2215 par-

246 2217 310 2253 tim
328 2217 398 2252 iam
421 2221 523 2252 erant
541 2230 661 2261 caesa,
685 2218 811 2263 partim
830 2218 942 2252 adhuc
962 2219 1216 2254 caedebantur:
1240 2218 1470 2263 convenitque
1487 2217 1596 2252 omnis
1613 2216 1734 2251 fabro-

245 2274 322 2299 rum
341 2267 377 2299 et
396 2264 631 2310 operariorum
650 2266 753 2300 turba
767 2264 805 2299 in
818 2264 903 2299 illud
919 2266 1063 2308 navale,
1088 2265 1180 2312 quod
1200 2268 1267 2301 est*
1283 2265 1374 2312 apud
1392 2263 1622 2310 Byzantinum
1642 2263 1736 2308 Hip-

246 2310 460 2357 podromum.
495 2311 583 2346 Sero
607 2312 696 2346 enim
713 2311 850 2346 tandem
870 2312 1114 2347 intellexerant
1130 2312 1308 2358 Byzantii,
1332 2312 1459 2347 fecisse
1477 2323 1516 2345 se
1532 2309 1736 2356 impruden-

247 2362 328 2400 ter,
353 2369 430 2393 cum
453 2362 555 2393 extra
580 2370 696 2394 muros
725 2370 833 2394 naves
861 2359 1082 2394 fabricandas
1106 2359 1345 2402 censuissent3
1374 2363 1411 2394 et
1431 2361 1599 2403 acceptae
1627 2356 1736 2391 cladis

246 2407 385 2440 terrore
404 2404 452 2440 ad
470 2410 589 2440 errata
608 2405 816 2451 corrigenda
834 2407 1008 2441 cautiores
1024 2407 1062 2441 in
1080 2407 1234 2441 futurum
1251 2410 1448 2450 evaserant.
1482 2405 1566 2450 (11.)
1586 2404 1736 2438 Postera

247 2451 308 2486 die
319 2477 329 2494 ‚
354 2452 554 2487 convocatis
569 2452 613 2488 ad
630 2453 826 2488 concionem
838 2453 1040 2499 Byzantiis,
1065 2453 1368 2497 „Praesentium,“
1385 2451 1509 2498 inquit,
1535 2450 1735 2494 „malorum

247 2498 390 2544 ipsimet
408 2510 550 2546 prorsus
565 2500 666 2535 vobis
686 2505 846 2535 auctores
868 2500 1077 2544 exstitistis,
1101 2512 1169 2535 non
1189 2500 1277 2535 alius
1296 2500 1479 2547 quisquam
1499 2510 1544 2534 ex
1564 2497 1736 2532 omnibus.

247 2544 459 2581 Meministis
478 2546 587 2590 enim,
611 2546 694 2593 quid
710 2558 797 2581 anno
815 2548 1007 2593 superiore,
1033 2548 1099 2583 hoc
1121 2546 1240 2582 eodem
1260 2547 1337 2582 loco
1358 2545 1582 2592 congregati,
1606 2543 1736 2590 promi·-

247 2592 390 2636 seritis3
414 2604 536 2640 nempe
554 2594 600 2628 ad
617 2594 851 2639 apparandam
870 2594 1143 2630 constituendam
1168 2605 1212 2629 ue
1239 2594 1382 2629 classem
1401 2592 1584 2640 pecuniam
1611 2602 1674 2626 vos
1699 2594 1737 2625 et

250 2650 368 2682 arma,
393 2644 538 2687 propter
561 2640 766 2687 principalis
783 2641 909 2675 aerarii
925 2641 1123 2688 penuriam,
1145 2606 1194 2676 de
1212 2640 1310 2676 domo
1331 2651 1499 2687 quemque
1518 2638 1738 2674 contributu-

249 2697 322 2729 τοῦ,
346 2691 386 2722 ut
403 2691 439 2722 et
452 2686 570 2722 amicis
589 2687 663 2722 cari
689 2692 725 2723 et
740 2687 901 2722 hostibus
926 2688 1099 2724 metuendi
1124 2699 1285 2724 essemus.
1316 2687 1454 2723 Deinde
1468 2687 1602 2722 domum
1618 2695 1735 2719 omnes

250 2738 327 2769 c'um
356 2733 531 2770 abiissetis
543 2759 554 2777 ,
578 2734 705 2770 nemini
722 2739 876 2770 vestrum
894 2746 1000 2770 curae
1015 2735 1104 2779 fuit,
1127 2735 1312 2782 quidquam
1332 2735 1452 2770 facere
1473 2744 1590 2768 earum
1608 2742 1736 2773 rerum,

249 2785 338 2826 quas
361 2781 527 2827 propriae
550 2781 713 2817 utilitatis
737 2793 840 2816 causa
860 2782 1097 2818 facturos-vos
1115 2781 1379 2829 promisissetis=
1405 2779 1469 2816 sed
1485 2780 1594 2815 verba
1617 2781 1738 2813 vestra

249 2825 286 2862 in
309 2827 448 2874 ignotos
474 2828 565 2863 aeris
582 2832 715 2864 tractus
733 2840 838 2864 aurae
857 2829 974 2864 statim
994 2829 1214 2864 distulerunt.
1262 2829 1309 2864 At
1326 2839 1436 2870 nunc,
1459 2838 1535 2862 cum
1553 2826 1600 2871 obl
1619 2825 1738 2860 oculos

250 2874 367 2921 posita
390 2874 572 2912 intuemini
594 2887 657 2921 ea,
681 2887 771 2925 quae
791 2875 927 2912 illorum
951 2879 1143 2925 temporum
1168 2875 1385 2924 negligentia
1403 2873 1504 2911 nobis
1524 2872 1678 2915 invexit,
1700 2871 1738 2907 in
