1794 3172
341 139 661 193 HISTORIAE
689 147 1064 194 BYZANTINAE
1092 146 1210 193 XXI.
1239 150 1280 195 4.
1409 142 1540 191 1017

57 252 430 316 ἀποτυγχανόντων
452 257 664 309 ἐξετασταὶ
674 290 689 312 ,
726 254 958 316 ἀγνώμονες
979 257 1025 300 δὲ
1042 258 1109 301 καὶ
1126 257 1336 311 δυσμενεῖς
1355 261 1439 302 τῶν
1461 276 1537 302 κα-
1561 262 1598 295 Α·
1618 261 1755 298 0-1351

57 327 366 386 θορθουμένων
377 326 557 384 κριταί.”
578 328 646 371 καὶ
659 326 866 384 ἀλλαχοῦ·
887 323 1120 385 »Γνώριμα
1130 325 1184 370 τοὶ
1194 327 1401 383 θλίβοντα
1411 310 1761 384 ἦμᾶς,1’“9’10“ο”““

57 396 136 441 κᾶν
163 394 281 453 ἡμεῖς
299 396 359 453 μὴ
383 396 572 453 λέγωμεν.
608 398 665 448 εἷς
688 400 829 440 πᾶσαν
854 395 933 454 γὰρ
956 395 1030 453 τὴν
1048 396 1289 453 οἰκουμένην
1315 397 1575 452 ἓκκέχυται.1)

58 464 426 524 καταπεφρόνηται
455 465 508 509 τιὶ
526 469 610 510 τῶν
638 465 828 524 πατέρων
857 463 1069 522 δόγματα·
1107 465 1374 509 ἄποστολικαὶ
1403 483 1542 524 παρα-

30 533 199 586 5δόσεις
218 535 536 590 ἐξουθένηνται·
572 535 780 593 νεωτέρων
805 533 1042 593 ἀνθρώπων
1065 532 1334 592 ἔφευρήματα
1355 542 1446 586 ταῖς
1474 538 1543 579 ἐκ-

58 605 246 661 κλησίαις
277 601 594 659 ἕμπολιτεύεται.
648 608 935 661 τεχνολογοῦσι
965 603 1130 657 λοιπὸν,
1171 603 1220 647 οὗ
1252 609 1537 662 θεολογοῦσιν,

58 674 99 718 οἳ
132 673 366 732 ἅνθρωποι.
415 674 620 728 Ποιμένες
650 671 974 718 ἀπελαύνονται·
1019 670 1324 730 ἀντεισάγονται
1350 675 1396 717 δὲ
1425 672 1540 718 λύκοι

57 747 223 801 βαρεῖς,
273 744 529 793 διασπῶντες
557 742 606 786 τὸ
634 744 822 796 ποίμνιον
838 747 913 787 τοῦ
940 745 1143 801 Χριστοῦ.
1200 740 1304 786 οἶκοι
1337 741 1542 800 εῦκτήριοι

59 811 203 871 ἔρημοι
233 815 317 855 τῶν
348 809 716 867 ἐκκλησιαζόντων·
761 813 806 856 αἱ
834 813 998 870 ἓρημίαι
1022 808 1191 869 πλήρεις
1215 816 1299 855 τῶν
1332 811 1575 870 ὄδυρομέ-Ιζ

5 889 49 924 10
60 882 186 926 νων.”
208 883 275 925 καὶ
289 880 473 936 ἀλλαχοῦ
487 895 497 905 ·
517 914 547 935 ,,
557 882 610 924 Οἱ
626 880 969 933 ἀνταποδιδόντες
986 899 1059 938 μοι
1080 880 1240 938 πονηρὰ
1254 880 1345 925 ἀντὶ
1366 881 1541 938 ἀγαθῶν

59 953 127 995 καὶ
146 957 269 1007 μῖσος
289 950 380 993 ἀντὶ
399 954 475 1006 τῆς
501 948 744 1008 ἀγαπήσεώς
767 969 850 1007 μου
887 956 962 1007 τῆς
993 951 1050 1001 εἰς
1083 949 1235 1001 αὐτοῦς
1270 949 1546 1006 διαβάλλουσί

58 1038 109 1078 με
134 1025 206 1063 νῦν
241 1019 309 1062 ἐπ’
347 1020 534 1074 ἐκείνοις,
573 1021 631 1070 εἷς
661 1019 688 1063 ἃ
715 1020 834 1064 αὐτοὶ
863 1018 1117 1078 εὑρίσκονται
1138 1017 1367 1077 ἐγγράφους
1386 1018 1541 1076 ὁμολο-

1578 360 1683 391 tacuz.
1690 357 1714 392 5

58 1091 150 1147 γίας
170 1089 463 1144 ἔκτιθὲμενοι,”
498 1090 567 1133 καὶ
588 1087 711 1133 πάλιν
724 1103 734 1114 ·
755 1089 981 1144 ,,’Ήνοιξαν
1000 1087 1189 1143 στόματά
1208 1106 1311 1140 τινες
1331 1089 1438 1133 κατὰ
1457 1095 1541 1134 τῶν

60 1157 303 1215 ὁμοδούλων
333 1158 534 1215 ἀφειδῶς·
582 1162 765 1202 λαλεῒται
797 1159 845 1203 τὸ
877 1161 1034 1214 ψεῦδος
1060 1156 1258 1216 ἀφόβως·
1304 1156 1331 1215 ἦ
1361 1156 1540 1215 ἀλήθεια

3 1235 49 1271 15
61 1226 400 1286 συγκεκάλυπται.
450 1230 518 1271 καὶ
542 1228 581 1272 οἷ
598 1229 674 1283 μὲν
693 1226 1039 1286 κατηγοροῦμενοι
1059 1225 1399 1281 καταδικάζονται
1422 1228 1575 1286 ‹ingl—F

61 1312 168 1349 τως·
206 1298 246 1342 οἱ
265 1298 310 1340 δὲ
329 1302 653 1355 κατηγοροῦντες
671 1296 931 1341 πιστεύονται
951 1294 1239 1349 ἀνεξετάστως.
1288 1296 1389 1341 ὅθεν
1413 1296 1541 1341 ἀκού-

0 1423 5 1430 .
59 1384 161 1422 σας,
199 1366 262 1411 ὅτι
300 1369 451 1410 πολλαὶ
491 1366 591 1410 κατ’
633 1368 733 1423 ἐμοῦ
765 1368 1054 1426 περιφέρονται
1095 1368 1331 1420 ἐπιστολαὶ,
1378 1369 1542 1419 στίζου-

59 1454 131 1482 σαι
163 1435 275 1493 ἡμᾶς
304 1437 371 1479 καὶ
389 1434 702 1493 στηλιτεύουσαι
720 1439 788 1480 καὶ
805 1441 1108 1494 κατηγοροῦσαι
1126 1437 1191 1478 ἐπὶ
1210 1434 1442 1492 πράγμασι,
1483 1431 1540 1480 ὧν

58 1506 135 1563 τὴν
176 1506 400 1562 ἀπολογίαν
443 1504 609 1562 ἑτοίμην
646 1506 789 1562 ἔχομεν
817 1507 882 1549 ἐπὶ
913 1511 988 1549 τοῦ
1021 1506 1286 1562 δικαστηρίου
1323 1509 1400 1561 τῆς
1436 1505 1539 1562 ἄλη-

2 1577 205 1630 ἓοθείας,
239 1574 414 1632 ὥρμησα
441 1576 517 1630 μὲν
543 1581 771 1631 σιωπῆσαι,
812 1574 834 1619 ὃ
864 1577 930 1618 καὶ
953 1576 1137 1630 ἐποίησα.
1183 1575 1323 1631 τρίτον
1348 1574 1426 1632 γὰρ
1456 1574 1538 1630 ἤδη

60 1650 186 1689 τοῦτο
217 1645 307 1695 ἔτος
338 1645 471 1697 ἐστὶν,
511 1645 552 1687 ἓν
594 1639 627 1704 ᾧ
659 1643 913 1700 τυπτόμενος
946 1642 1026 1687 ὑπὸ
1064 1648 1147 1687 τῶν
1183 1644 1390 1697 διαβολῶν
1426 1643 1540 1702 φέρω

154 1745 188 1779 1.
223 1738 579 1787 ἇποτυγχανομένων
606 1741 688 1778 edd.
831 1742 866 1776 2.
900 1737 1000 1787 ἡμᾶς
1037 1740 1136 1783 edd„
1177 1736 1284 1787 ἡμῶν
1309 1751 1432 1786 apogr.
1455 1741 1540 1776 Par·

151 1793 187 1828 3·
213 1786 344 1825 λοιπὸν
363 1787 537 1835 ἐξήχηται
554 1787 633 1825 edd.
744 1788 779 1825 5.
804 1787 1071 1832 ἐξουδένωνται
1092 1792 1127 1823 et
1153 1788 1430 1832 νεωτεροποιῶν
1457 1787 1537 1821 edd.

154 1838 211 1873 13.
234 1835 428 1880 ἐπιθέμενοι
442 1835 520 1870 edd.
615 1837 671 1871 16.
695 1832 796 1880 κάγώ
821 1834 951 1872 ἀκούσ.
970 1835 1050 1871 edd.
1152 1835 1207 1870 18.
1229 1832 1442 1879 γράμμασιν
1457 1833 1538 1868 edd.

154 1886 222 1965 1ἓέ
232 1883 383 1964 {uatum
407 1882 486 1918 add.
515 1880 617 1925 edd„
642 1893 708 1920 om.
734 1894 857 1930 apogr.
898 1882 980 1917 Par.
1074 1881 1134 1918 21.
1159 1879 1199 1917 ἐν
1222 1892 1286 1916 om.
1302 1892 1423 1927 apogr.
1443 1879 1540 1924 Pan,

154 1942 174 1965 a
226 1956 234 1965 .
257 1943 277 1965 e
303 1931 338 1965 d.

60 2014 173 2045 torum
203 2009 470 2052 examinatores,
493 2008 604 2055 iniqui
629 2021 712 2044 vero
740 2012 776 2044 et
794 2009 952 2045 malevoli
972 2011 1069 2044 recte
1085 2009 1256 2044 factorum
1273 2006 1439 2043 iudices.’'
1487 2005 1537 2040 Et

61 2056 165 2092 alibi:
198 2056 485 2098 „Tribulationes
510 2061 668 2099 nostrae,
693 2056 748 2090 vel
774 2057 872 2091 nobis
899 2057 1112 2098 tacentibus,
1137 2055 1236 2090 vobis
1263 2060 1342 2089 sunt
1359 2052 1535 2099 cognitae,

62 2109 102 2137 ut
119 2114 209 2149 quae
229 2103 264 2136 in
283 2107 393 2137 totum
417 2103 532 2136 orbem
551 2107 634 2137 sunt
657 2102 868 2148 invulgatae.
927 2104 1067 2138 Patrum
1085 2104 1247 2147 dogmata
1264 2105 1535 2142 contemnuntur,

62 2149 287 2195 Apostolicae
304 2148 511 2183 traditiones
530 2148 622 2183 nullo
640 2160 776 2184 numero
799 2150 988 2194 habentur,
1010 2149 1235 2184 recentiorum
1262 2148 1403 2182 inventa
1421 2147 1456 2180 iu
1475 2157 1536 2180 ec·-

63 2196 177 2232 clesiis
193 2195 418 2230 dominantur.
467 2195 632 2229 Homines
650 2194 685 2229 in
704 2200 877 2241 posterum
892 2196 1079 2231 artificiose
1096 2196 1294 2240 disputant,
1317 2206 1385 2228 non
1401 2192 1535 2227 theolo-

63 2253 127 2287 gos
154 2247 276 2288 agunt.
329 2242 495 2276 Pastores
521 2240 728 2285 abiguntur,
760 2242 833 2286 lupi
855 2254 980 2287 graves
1005 2242 1290 2282 introducuntur,
1315 2240 1374 2285 qui
1401 2238 1535 2273 Christi

62 2300 205 2333 gregem
229 2288 440 2334 discerpunt.
497 2287 625 2322 Domus
654 2287 824 2322 oratoriae
853 2288 1058 2323 deseruntur
1082 2289 1126 2322 ab
1155 2286 1390 2322 ecclesiastico
1413 2291 1536 2319 coetuz

62 2334 265 2370 solitudines
291 2335 443 2369 refertae
464 2338 546 2368 sunt
568 2333 815 2379 plorantibus.'’
861 2335 911 2369 Et
926 2335 1027 2369 alibiz
1050 2334 1150 2377 „Qui
1164 2333 1252 2368 mala
1271 2332 1353 2367 mihi
1372 2330 1535 2366 reddide-

62 2386 147 2415 runt
169 2392 232 2427 pro
259 2381 357 2416 bonis
389 2387 426 2415 et
451 2381 568 2416 odium
598 2392 661 2425 pro
683 2380 867 2415 dilectione
893 2393 987 2424 mea,
1010 2393 1081 2427 qua
1107 2392 1166 2415 eos
1183 2382 1421 2426 ‘prosequutus
1445 2387 1532 2417 sum,

63 2426 132 2461 iam
148 2439 202 2461 me
233 2427 482 2462 calumniantur
514 2438 628 2461 eorum
646 2426 760 2472 gratia
771 2452 782 2469 ,
806 2438 894 2472 quae
912 2427 979 2473 ipsi
996 2427 1298 2474 deprehenduntur
1316 2424 1444 2469 scripto
1460 2421 1537 2455 edi-

63 2473 112 2507 tis
131 2473 401 2508 confessionibus
418 2474 641 2519 approbasse.
689 2474 837 2508 Temere
852 2473 1006 2508 nonnulli
1031 2485 1091 2509 ora
1115 2484 1177 2507 sua
1203 2472 1369 2507 adversus
1394 2478 1533 2503 conser-

63 2531 128 2554 vos
143 2526 354 2556 reserarunt.
400 2520 619 2555 Mendacium
638 2520 714 2554 sine
729 2520 853 2554 timore
875 2520 1051 2562 effutitur,
1073 2519 1204 2554 veritas
1219 2519 1435 2553 obscuratur.
1483 2513 1535 2548 Et

63 2564 92 2599 ii
110 2565 259 2610 quidem,
279 2566 338 2612 qui
356 2570 574 2608 accusantur,
597 2577 674 2601 mox
695 2566 771 2600 sine
790 2565 920 2600 iudicio
941 2567 1229 2607 coudemnantur3
1252 2563 1312 2609 qui
1331 2572 1412 2596 vero
1431 2571 1535 2615 acca-.—

64 2616 165 2654 sant,
187 2611 258 2646 illis
284 2613 415 2658 absque
439 2613 509 2648 ulla
535 2612 783 2648 examinatione
809 2612 896 2647 fides
922 2612 1119 2647 adhibetur.
1174 2610 1279 2644 Unde
1300 2613 1336 2642 et
1362 2618 1448 2651 ego,
1473 2605 1534 2640 ubi

65 2658 257 2704 complures
281 2659 424 2704 percepi
447 2663 569 2694 contra
593 2671 647 2694 me
672 2658 836 2704 epistolas
858 2658 1095 2700 circumferri,
1120 2657 1244 2704 quibus
1264 2653 1535 2700 perstringamur

65 2715 108 2739 ac
138 2709 315 2747 notemur,
346 2708 557 2751 propterque
584 2705 716 2751 scripta
743 2705 908 2750 quaedam
930 2715 1150 2745 accusemur,
1182 2711 1328 2748 quorum
1353 2698 1533 2753 tutelarem

66 2750 299 2786 defensionem
325 2751 489 2786 habemus
517 2762 630 2786 coram
657 2750 816 2786 veritatis
833 2751 996 2786 tribunali
1023 2754 1197 2797 paratam:
1222 2746 1372 2792 cogitavi
1398 2742 1535 2789 quldem

66 2795 235 2832 silendum
255 2808 354 2839 esse,
378 2797 472 2844 quod
501 2803 538 2832 et
563 2797 645 2832 feci.
700 2797 790 2831 Nam
809 2797 935 2832 tertius
954 2797 1021 2833 iam
1046 2807 1154 2830 annus
1178 2794 1235 2828 hic
1254 2797 1330 2833 est,
1355 2801 1400 2825 ex
1423 2801 1490 2835 quo
1513 2799 1536 2824 a

67 2842 366 2878 calumniatoribus
386 2847 525 2878 notatus
542 2842 770 2878 accusationis
787 2843 927 2890 flagella
950 2842 1121 2879 sustinere
1138 2839 1259 2886 coepi,
1283 2839 1349 2873 hoc
1365 2847 1432 2873 uno
1452 2847 1535 2871 con-

158 2901 376 2947 Nicephorum
393 2902 541 2948 Gregor.
577 2902 652 2938 Vol.
679 2902 726 2935 11.
1205 2887 1259 2930 65
