1794 3172
385 131 707 179 HISTORIAE
732 132 1112 180 BYZANTINAE
1139 133 1281 181 XVII.
1303 141 1343 184 1.
1483 130 1586 180 843

92 240 274 296 πλεύσας
304 241 328 290 ὃ
359 242 445 289 τῶν
469 242 687 301 Ῥωμαίων
712 240 864 295 στόλος
891 238 1022 297 αὖθις
1052 242 1186 303 αὐτὴν
1213 243 1443 304 ἀφέληται,
1486 248 1586 307 πρὶν
1608 256 1647 292 A.
1662 253 1794 294 c.1342

91 314 303 373 εἷληφέναι
330 314 406 359 τὸν
445 316 504 366 εἷς
534 312 788 373 συντήρησιν
817 313 1120 373 κραταιοτέραν
1155 314 1393 373 ἀρκέσαντα
1427 305 1794 388 xpdvovlmgcffz'qgu‘

92 384 215 443 αὐτῇ.
254 382 356 429 ὅθεν
376 384 513 436 αι’τίας
533 384 642 429 καθ’
667 382 829 442 ἡμέραν
846 382 987 441 μάχης
1005 382 1232 444 ράπτοντες
1244 381 1354 442 ἦσαν
1375 385 1507 440 ἄλλας
1518 388 1582 433 ἐπ’
1720 374 1729 386 ⁸

92 454 242 505 ἄλλαις
251 487 266 508 ,
299 454 422 499 οὐδὲν
447 454 698 511 κεκτημένοις
726 454 899 512 ἰσχυρὸν
926 456 996 498 καὶ
1023 453 1295 514 εὐπρόσωπον
1303 489 1319 512 ,
1353 454 1511 516 φόνους
1538 476 1582 504 τε

55 525 336 578 5Βυζαντίων
354 522 631 582 ἐργαζόμενοι,
668 521 810 582 κρύφα
828 525 905 580 μὲν
924 524 974 568 τὸ
1000 529 1193 583 πρῶτον,
1225 526 1622 585 ἒκκεκαλυμμένωςῑι·

89 594 129 637 δ’
161 594 300 638 ἔπειτα
332 595 403 637 καὶ
439 594 550 650 πλὴν
581 598 737 651 σκηνῆς
762 596 832 637 καὶ
859 596 1134 653 προσωπείου.
1187 594 1285 655 (Δ.)
1325 595 1502 643 Τούτων
1531 601 1559 643 δ
1565 599 1581 617 ³

89 662 202 707 οὕτω
224 664 470 720 δρωμένων,
504 664 783 722 ἐθελοκωφεῖν
803 662 975 708 ἐδόκουν
994 662 1239 718 Βυζάντιοι·
1274 671 1401 712 τοῦτο
1419 669 1497 724 μὲν
1514 670 1586 714 καὶ

87 730 307 791 εἰρηνεύειν
327 733 563 785 ἐθέλοντες·
600 738 725 778 τοῦτο
757 735 804 778 δὲ
823 736 893 778 καὶ
914 733 992 792 τὴν
1011 739 1133 794 σφῶν
1155 734 1297 781 αὐτῶν
1316 738 1584 792 ’ξυννοοῦντες

87 802 316 847 ἀσθένειαν
322 836 336 858 ,
371 806 570 861 πολυειδῆ
605 822 699 848 τινα
721 806 791 848 καὶ
819 806 1010 862 ποικίλην
1030 809 1108 849 τοῦ
1121 803 1279 865 χρόνου
1300 804 1466 860 τούτοις
1488 809 1582 854 έπε-

31 889 79 925 10
89 871 317 930 νεγκόντος,
353 874 398 917 ἐκ
417 878 494 918 τοῦ
515 879 870 933 περιφρονητικῶς
889 876 1165 920 διατίθεσθαι
1183 875 1285 928 τούς
1305 877 1414 921 κατὰ
1434 879 1582 923 διαδο-

52 986 57 992 ,
82 943 165 1000 χὴν
184 947 268 987 τῶν
290 942 471 1000 ἆρχικῶν
500 945 821 1001 ἐπειλημμένους
845 945 891 988 ἐκ
912 949 1094 990 παλαιοῦ
1121 946 1164 998 ἒς
1190 944 1272 990 ὅσα
1298 946 1514 1005 πολιτικήν
1534 966 1580 994 τε

86 1015 156 1056 καὶ
178 1013 440 1070 οἰκονομικὴν
469 1012 548 1071 ἔχει
578 1013 779 1073 πρόνοιαν
798 1019 883 1059 τῶν
900 1013 1097 1072 ὗπηκόων
1118 1013 1227 1072 ὅμοῦ
1250 1017 1321 1061 καὶ
1341 1021 1427 1061 τῶν
1445 1020 1581 1075 δημο-

85 1084 188 1127 σίων
205 1081 477 1140 πραγμάτων·
515 1083 592 1128 οὗκ
613 1083 696 1129 οἶδ’
725 1083 866 1129 ὅντινα
885 1083 1043 1143 τρόπον
1066 1086 1232 1139 ἐκείνοις
1247 1085 1400 1143 ἥκιστα
1418 1092 1576 1144 βουλο-
1586 1092 1627 1130 Ρ.
1635 1095 1703 1133 531

83 1153 222 1208 μένοις
243 1153 419 1208 εἰδέναι,
454 1151 512 1205 ὥς
538 1155 637 1206 τούς
662 1156 846 1211 βεβαίως
871 1157 942 1199 καὶ
965 1155 1169 1214 ἀσφαλῶς
1190 1160 1314 1213 βιοῦν
1334 1156 1575 1215 ἐθέλοντας,

28 1211 76 1267 15'
89 1225 158 1266 καὶ
182 1222 391 1282 φοβεροῧς
417 1224 495 1279 μὲν
520 1223 622 1269 εἶναι
649 1233 737 1277 τοῖς
765 1226 960 1284 ε’χθροΐς,
994 1226 1222 1278 ποθεινοὺς
1248 1227 1296 1271 δὲ
1321 1234 1412 1279 τοῖς
1439 1230 1578 1287 φίλοις

85 1292 171 1347 ἀεὶ,
205 1292 282 1349 οῧχ
306 1291 409 1338 ὅταν
436 1295 479 1337 ἓν
504 1294 750 1354 ὀφθαλμοῖς
777 1295 947 1353 ἔρχηται
974 1296 1029 1340 τὰ
1053 1297 1168 1341 δεινὰ
1183 1296 1579 1356 παρασκευάζεσθαι

81 1362 242 1419 χρεών,
280 1361 348 1407 ὅτ’
383 1362 526 1421 ὄνησιν
558 1365 756 1422 οὐδεμίαν
777 1365 856 1422 ἔχει
881 1366 929 1411 τὸ
958 1364 1239 1424 σπούδασμα,
1277 1366 1387 1411 ἀλλὰ
1407 1366 1578 1428 πόρῥω-

82 1437 164 1476 θεν
184 1432 247 1476 ἀεὶ
264 1437 457 1495 μελετᾷν,
496 1436 590 1480 τίνα
611 1453 655 1480 τε
667 1435 754 1495 χρὴ
771 1440 1044 1495 προορᾶσθαι
1062 1439 1132 1481 καὶ
1151 1439 1245 1482 τίνα
1264 1435 1573 1495 φυλάττεσθαι,

83 1503 154 1545 καὶ
184 1497 238 1546 αὖ
260 1504 355 1547 τίνα
385 1506 638 1562 προσίεσθαι
664 1508 734 1549 καὶ
765 1508 1025 1551 οἰκειοῦσθαι
1056 1507 1163 1565 πρὸς
1190 1507 1482 1565 παρασκευὴν,
1516 1502 1575 1552 ὧν

24 1570 210 1628 Ξομήπω
239 1573 316 1628 μὲν
341 1571 540 1632 πάρεστιν
564 1574 592 1633 ἧ
614 1577 762 1635 χρεία,
793 1575 934 1632 μέλλει
962 1577 1010 1620 δέ
1036 1581 1113 1620 τοῦ
1127 1574 1286 1636 χρόνου
1314 1577 1482 1636 ῥέοντος
1500 1579 1609 1622 καὶΒ

82 1642 355 1693 παντοδαπὰς
386 1646 456 1687 καὶ
486 1647 689 1697 παντοίας
709 1646 933 1697 πλέκοντος
951 1652 1041 1698 τοῖς
1059 1644 1303 1705 ἀνθρώποις
1323 1646 1401 1697 τὰς
1418 1645 1549 1703 τύχας
1561 1661 1572 1673 ·

82 1710 181 1755 οὐδὲ
214 1711 396 1755 συνιέναι
423 1713 688 1770 παντάπασι,
727 1716 806 1760 τίνι
825 1717 893 1760 καὶ
914 1714 999 1776 ὅσῳ
1019 1714 1259 1773 δικαιοσύνη
1279 1715 1385 1775 πρὸς
1406 1715 1572 1761 ἀδικίαν

79 1782 376 1838 συγκρινομένη
406 1785 617 1844 διαφέρει,
644 1790 914 1844 χρηματικῶν
938 1803 983 1829 τε
1013 1781 1068 1830 αὗ
1086 1784 1308 1845 προσόδων
1327 1784 1571 1844 προμήθεια

78 1852 150 1895 καὶ
175 1849 315 1896 ὅπλων
344 1859 488 1912 κτῆσις
514 1855 620 1915 πρὸς
645 1856 838 1911 ἀμέλειαν
862 1852 1048 1900 τούτων·
1091 1855 1153 1900 ἔτι
1178 1874 1225 1901 τε
1257 1859 1473 1901 πολιτειῶν
1497 1856 1568 1901 εὖ·

79 1974 145 2013 per
163 1965 310 2002 insidias
337 1965 585 2010 abstulissent,
607 1966 763 2003 Romana
782 1965 904 2002 classis
927 1966 1074 2014 appulsa
1092 1966 1289 2014 reciperet,
1311 1978 1376 2003 nec
1394 1967 1481 2004 satis
1498 1968 1570 2015 ipsi

78 2014 249 2060 temporis
268 2014 438 2050 haberent
455 2014 501 2049 ad
517 2026 592 2050 eam
610 2014 822 2049 firmioribus
838 2014 1023 2061 praesidiis
1040 2015 1311 2052 custodiendam.
1340 2015 1431 2050 Belli
1448 2015 1569 2062 itaque

79 2060 226 2106 gerendi
244 2072 368 2096 causas
388 2060 474 2096 alias
493 2073 537 2096 ex
554 2061 634 2096 aliis
655 2061 815 2108 quotidie
829 2062 1028 2104 nectebant,
1051 2073 1116 2097 nec
1134 2061 1268 2097 validas
1285 2073 1350 2097 nec
1367 2062 1570 2108 speciosas3

79 2111 117 2142 et
136 2107 384 2154 Byzantiorum
403 2107 548 2150 caedes,
572 2109 660 2143 clam
679 2108 810 2154 primo,
833 2107 959 2144 deiude
978 2121 999 2145 a
1026 2113 1102 2144 erte
1120 2108 1210 2144 citra
1226 2120 1363 2144 scenam
1382 2114 1419 2144 et
1435 2110 1567 2145 larvam

79 2155 344 2200 perpetrabant.
400 2155 503 2201 (lv.)
528 2155 628 2190 Haec
649 2166 725 2190 cum
746 2154 799 2190 ita
822 2154 970 2199 fierent,
1032 2156 1164 2201 yzantii
1187 2159 1312 2202 sponte
1337 2155 1568 2192 obsurduisse

77 2201 311 2244 videbantur,
336 2202 463 2248 partim
487 2202 570 2248 quia
591 2213 711 2248 pacem
736 2202 923 2245 volebant,
952 2203 1078 2249 partim
1103 2202 1185 2249 quia
1209 2214 1304 2238 suam
1331 2202 1567 2238 infirmitatem

78 2248 362 2294 perspiciebant3
387 2260 488 2296 quam
507 2249 560 2284 eis
579 2248 802 2295 multiplicem
817 2252 854 2284 et
872 2250 1004 2285 variam
1019 2250 1097 2306 ipse
1115 2249 1281 2297 temporis
1301 2249 1421 2295 lapsus
1440 2249 1569 2285 attule-

78 2299 148 2336 rat,
174 2307 216 2329 eo
233 2295 325 2341 quod
341 2295 379 2338 ii,
405 2296 466 2342 qui
483 2295 714 2342 principatum
737 2307 782 2330 ex
798 2297 1016 2332 successione
1033 2297 1162 2332 iamdiu
1179 2298 1359 2339 tenebant,
1384 2308 1445 2331 eas
1462 2307 1565 2331 curas

78 2341 328 2387 neglexissent,
342 2354 432 2388 quae
450 2343 663 2389 privatorum
678 2342 785 2377 rebus
801 2346 838 2379 et
877 2343 1012 2379 ublicae
1025 2343 1170 2379 utilitati
1187 2342 1329 2390 politica
1344 2342 1566 2389 providentia

78 2388 377 2435 oeconomicisque
395 2391 587 2425 rationibus
608 2389 802 2425 consulunt.
887 2402 986 2437 empe
1004 2391 1041 2425 hi
1062 2391 1180 2426 nescio
1195 2389 1364 2437 quomodo
1381 2389 1565 2424 noluerant

76 2434 285 2480 intelligere,
309 2448 370 2471 eos
387 2436 447 2482 qui
462 2437 644 2483 tranquilli
662 2449 704 2472 ac
721 2436 834 2472 securi
843 2436 967 2472 vivere
985 2437 1104 2482 velint,
1120 2441 1226 2483 atque
1246 2437 1291 2471 ab
1308 2436 1466 2470 hostibus
1484 2434 1565 2481 qui-

78 2480 158 2515 dem
174 2482 300 2525 metui,
324 2483 369 2518 ab
386 2483 504 2518 amicis
522 2489 638 2520 autem
655 2486 826 2530 perpetuo
842 2483 960 2530 diligi,
984 2496 1128 2520 necesse
1142 2495 1232 2528 esse,
1257 2495 1326 2518 non
1344 2481 1482 2527 quando
1497 2482 1564 2517 ob-

78 2532 243 2562 versatur
269 2529 378 2564 oculis
408 2531 597 2576 periculum
618 2531 793 2566 instruere
817 2543 874 2574 se,
898 2542 974 2567 cum
1001 2531 1126 2567 nullam
1149 2530 1255 2566 habet
1274 2528 1459 2564 utilitatem
1481 2527 1562 2562 dili·

78 2574 222 2620 gentia3
246 2575 309 2611 sed
325 2576 429 2622 longo
454 2583 535 2613 ante
555 2590 666 2624 usque
688 2589 802 2612 secum
824 2577 1000 2619 meditari,
1026 2589 1235 2624 ecquaenam
1259 2574 1481 2622 praevideri,
1505 2586 1563 2609 ec-

78 2632 246 2666 quaenam
261 2625 465 2668 praecaveri
479 2628 661 2671 oporteat3
681 2627 751 2659 tum
762 2624 866 2660 etiam
875 2625 960 2670 quid
976 2629 1167 2672 apparatus
1178 2635 1286 2659 causa
1299 2621 1563 2657 adsciscendum

78 2667 374 2713 adquirendumve
393 2670 441 2706 sit
455 2683 594 2715 eorum,
617 2682 708 2718 quae
726 2671 805 2706 usui
821 2671 968 2707 nondum
986 2671 1126 2718 quidem
1145 2675 1244 2713 sunt,
1267 2668 1330 2704 sed
1349 2667 1562 2714 procedente

77 2718 245 2760 tempore,
269 2715 547 2765 multiplicesque
564 2723 603 2754 et
618 2717 734 2753 varios
753 2717 945 2765 hominibus
962 2730 1065 2754 casus
1081 2722 1234 2760 texente,
1258 2716 1442 2762 profutura
1458 2717 1560 2748 sunt=

77 2761 272 2804 noluerant,
294 2761 444 2810 inquam,
465 2765 552 2800 haec
568 2765 597 2800 ii
612 2765 830 2810 intelligere,
851 2777 916 2800 nec
932 2764 1016 2812 quid
1030 2771 1067 2801 et
1085 2768 1252 2812 quantum
1267 2761 1403 2798 iustitia
1418 2759 1561 2795 iniusti-

76 2807 150 2842 tIae
167 2814 366 2855 comparata
385 2816 560 2857 praestet3
579 2812 664 2859 quid
685 2812 853 2858 pecuniae
872 2812 1035 2858 provisae
1060 2820 1301 2856 armorumque
1313 2806 1416 2854 copia
1441 2817 1559 2862 carum

76 2865 195 2891 ‘emm
211 2855 409 2903 neglectu&
441 2859 527 2907 quid
550 2859 700 2908 denique
721 2859 941 2907 respublicae
963 2860 1054 2896 bene
1075 2861 1232 2896 moratae
1254 2861 1293 2892 et
1319 2858 1482 2892 constans
1504 2865 1560 2889 iu-
