1754 3164
562 147 1041 195 ANNOTATIONES.
1408 144 1536 194 1221

4 255 61 296 rit
81 253 288 295 Iustiniani
313 255 445 308 galea,
477 255 658 295 declarat
680 255 845 296 Tzetzes
867 256 909 296 in
937 257 1045 297 varia
1074 255 1256 297 historia.
1303 255 1405 298 Vide
1436 259 1539 312 Gyl-

3 313 104 353 lium
136 312 186 361 de
213 315 385 366 Topogr.
412 315 715 365 constantinop.
746 313 815 355 lib.
839 314 888 356 Π.
918 328 1005 367 cap.
1027 315 1151 357 XVII.
1194 314 1296 355 Vide
1326 323 1367 356 et
1401 316 1537 369 Augu-

0 370 150 411 steonis
183 370 402 424 Ecphrasin
433 371 799 424 Pachymerianam.
855 385 1008 411 Bo1le.

118 431 214 482 Pag.
243 431 348 478 276,
378 432 446 471 20.
506 428 590 469 Καὶ
612 426 656 469 τὸ
673 426 746 481 μὲν
764 431 840 469 τοῦ
864 430 1003 478 κίονος
1025 428 1175 484 μῆκος]
1203 429 1536 471 Bondelmontius

0 485 327 539 septingentorum
350 486 570 526 cubitorum
592 486 712 525 altam
735 487 852 526 facit:
883 487 926 525 id
952 488 1060 539 quod
1088 487 1322 528 incredibile
1344 494 1416 529 est.
1454 489 1535 528 Le·-

2 542 177 596 gendum
200 543 347 596 procul
369 543 518 594 dubio,
547 545 796 597 septuaginta
822 543 1054 587 cubitorum.
1119 546 1318 596 Gregoras
1345 559 1431 585 eam
1459 559 1534 586 nos

0 614 50 640 ex
65 599 209 639 umbra
234 600 366 640 metiri
384 601 495 640 iubet
503 616 515 652 3
546 602 660 653 quasi
678 614 774 640 vero
796 601 838 640 id
858 616 932 640 nos
953 603 1084 642 facere
1108 603 1311 656 possimus
1329 602 1409 642 hoc
1428 610 1533 643 tem-

0 671 121 712 pore,
161 671 252 696 cum
278 670 355 697 nec
383 658 592 710 vestigium
621 658 784 711 quidem
819 659 903 698 eius
936 660 1144 700 columnae
1177 661 1299 699 ullum
1331 668 1528 713 superest.

0 714 154 764 Quodsi
173 715 386 754 etiamnum
409 722 534 755 staret
562 716 738 766 integra,
767 730 843 755 nec
871 717 930 756 sic
960 717 1124 769 quidem
1155 732 1240 757 eam
1269 719 1404 759 metiri
1431 718 1531 758 hinc

0 785 226 826 possemus,
256 779 303 812 ut
320 773 488 812 Wolfius
512 779 620 812 recte
641 774 682 812 in
707 774 884 826 margine
904 781 1082 814 annotat.
1139 790 1292 817 Boxvm.

108 843 207 896 Pag.
236 845 334 893 277,
362 841 402 884 4.
467 839 521 884 T&
542 840 587 884 δὲ
605 845 736 896 μῆκος
753 839 924 885 ἑκάστου
945 840 1168 898 δακτύλου]
1200 844 1325 895 Quasi
1344 859 1442 885 vero
1462 846 1528 885 di-

0 898 170 952 gitorum
187 899 363 939 omnium
384 899 522 939 eadem
542 906 646 940 esset
666 900 891 952 longitudO.
948 915 1101 942 nomm.

110 971 344 1023 Pag.-277‚
376 972 442 1011 12.
506 966 561 1011 To*
590 967 635 1010 δὲ
664 971 737 1022 τῆς
766 966 926 1023 κνήμης
951 972 1028 1011 τοῦ
1060 966 1183 1018 ποδὸς
1213 965 1343 1011 αὐτοῦ
1369 966 1525 1024 πάχος]

0 1026 106 1075 Quid
127 1027 179 1066 sit
206 1023 342 1080 κνήμη
365 1029 441 1067 τοῦ
459 1024 586 1076 ποδός
610 1040 692 1065 non
723 1027 818 1066 satis
845 1027 994 1080 liquet,
1023 1027 1100 1066 nisi
1123 1027 1174 1066 sit
1196 1040 1240 1066 ea
1268 1041 1361 1080 pars
1388 1029 1522 1077 tibiae,

0 1098 94 1137 quae
114 1084 162 1123 ad
187 1084 331 1137 pedem
357 1084 544 1137 proxime
572 1083 746 1130 accedit,
775 1091 814 1123 et
843 1091 904 1124 est
929 1085 1103 1124 maxime
1130 1085 1305 1137 gracilis,
1365 1085 1525 1125 Dicitur

0 1148 32 1181 et
50 1142 100 1181 de
119 1141 293 1182 homine.
351 1141 420 1180 Sic
446 1141 553 1194 apud
580 1142 759 1181 Nicetam
787 1142 828 1180 in
858 1142 1101 1194 fragmento,
1134 1143 1246 1194 quod
1264 1142 1327 1182 vir
1355 1142 1520 1184 doctiss.

0 1198 47 1239 [ο.
75 1200 269 1239 Ernestus
295 1199 466 1239 Grabius
493 1213 650 1239 mecum
671 1198 956 1238 humanissime
978 1199 1310 1251 communicavit,
1351 1200 1523 1255 simula-7

0 1270 106 1296 crum
131 1257 341 1308 Herculis,
371 1272 393 1296 a
412 1256 651 1310 Lysimacho
672 1257 819 1307 efficti,
851 1258 1003 1297 dicitur
1031 1258 1156 1297 fuisse
1187 1253 1293 1298 οὕτω
1323 1257 1521 1312 μέγιστον,
1551 1287 1554 1289 >

0 1313 49 1363 aig·
67 1311 142 1367 τήν
161 1318 426 1370 περιελοῦσαν
452 1312 524 1356 τόν
552 1311 680 1356 αὐτοῦ
698 1311 900 1369 ἀντίχειρα
928 1311 1137 1370 μήρινθον
1165 1315 1221 1364 εἷς
1239 1310 1428 1369 ἀνδρεῖον
1450 1317 1520 1365 ζω-

0 1374 119 1425 στῆρα
157 1372 434 1423 ἕκτείνεσθαη
486 1371 556 1414 καὶ
593 1369 671 1427 τὴν
705 1369 866 1427 κνήμην
896 1376 973 1414 τοῦ
1002 1370 1131 1422 ποδός
1165 1372 1223 1422 εἷς
1250 1368 1518 1429 ἄνδρόμηκες.

0 1442 137 1470 towns.

101 1489 195 1541 Pag-
225 1490 330 1536 277.
361 1487 427 1530 15.
491 1490 582 1528 Τῶν
604 1483 768 1528 ἄνωθεν
800 1486 844 1529 ἐκ
863 1490 1046 1542 Σηρικῆς
1071 1485 1368 1540 κομιζομένων]
1400 1488 1517 1527 Wol-

0 1543 59 1583 ius
75 1558 156 1583 non
184 1544 380 1596 expressit
398 1544 634 1584 adverbium
662 1542 840 1587 ἄνωθεν.
881 1545 964 1596 Ego
990 1545 1040 1584 ad
1074 1545 1331 1597 praeteritum
1356 1552 1516 1598 tempus

0 1603 218 1653 *etuleram,
250 1607 370 1654 atque
389 1602 447 1641 ita
466 1609 678 1652 verteram,
708 1603 779 1657 qui
803 1618 824 1640 e
843 1600 979 1641 Serum
1001 1604 1155 1655 regione
1176 1600 1271 1641 olim
1292 1601 1514 1658 affereban-

0 1675 58 1699 ur.
115 1660 233 1698 Nunc
252 1659 331 1698 loci
355 1659 587 1699 adverbium
607 1673 692 1698 esse
715 1659 923 1708 existimo,
956 1666 994 1698 et
1022 1660 1081 1698 sic
1108 1659 1379 1712 interpretor,
1409 1660 1515 1713 quie

0 1715 119 1756 3erum
143 1718 297 1770 regione
315 1714 464 1757 devecti
482 1715 559 1757 huc
585 1715 834 1756 descendunt.
899 1717 1013 1765 Quae
1040 1717 1089 1755 ab
1107 1717 1272 1756 Oriente
1294 1716 1512 1756 affereban-

3 1788 73 1824 ur,
104 1788 149 1814 ea
167 1774 354 1826 Byzantii
381 1772 545 1816 ἄνωθεν
566 1774 700 1813 afferri
723 1773 928 1820 dicebant3
961 1788 1064 1826 quae
1092 1773 1140 1812 ab
1162 1775 1408 1823 Occidente,
1438 1770 1511 1814 κά-

1 1836 122 1873 ωθεν.
180 1832 247 1870 Sic
265 1831 371 1871 idem
395 1832 591 1884 Gregoras
621 1833 663 1870 in
690 1831 955 1884 inscriptione
983 1832 1177 1885 epistolae
1196 1832 1248 1871 ad
1266 1831 1511 1885 Pepagome-

6 1903 89 1939 um,
118 1888 211 1944 περὶ
238 1892 321 1931 τῶν
350 1889 562 1931 ἕλθουσῶν
592 1886 701 1945 αὐτῷ
729 1892 1028 1943 τερατολογιῶν,
1057 1893 1138 1930 τῶν
1168 1888 1242 1943 μὲν
1269 1886 1436 1930 ἄνωθεν
1463 1888 1510 1931 ἐκ

0 1949 296 2000 Ἶραπεζοῦντος,
326 1950 408 1988 τῶν
437 1945 481 1988 δὲ
509 1945 695 1989 κάτωθεν
725 1946 766 1997 ἐξ
792 1942 969 1995 Ἰταλίας.
1012 1947 1115 1987 Vide
1141 1961 1233 2000 pag.
1256 1948 1354 1990 276.
1385 1959 1508 2000 supra

0 2019 157 2055 imai-g.
213 2017 366 2044 Borvm.

85 2059 251 2101 Ibidem.
300 2062 390 2101 Non
409 2061 672 2101 omittendum
689 2058 769 2101 hoc
788 2059 882 2100 loco
901 2060 943 2100 id
962 2061 1074 2114 quod
1092 2067 1232 2102 narrat
1249 2061 1390 2108 Petrus
1408 2060 1506 2113 Gyl-

0 2133 74 2169 us,
104 2118 363 2173 Topograph.
389 2119 740 2172 Constantinopol.
766 2118 839 2159 lib.
865 2118 914 2158 11.
946 2133 1032 2172 cap.
1053 2119 1182 2159 XVII.
1219 2116 1416 2167 Barbari,
1443 2118 1506 2156 in-

2 2177 84 2226 uit,
126 2178 237 2216 omni
263 2192 375 2217 aereo
401 2177 564 2226 vestim,
593 2187 630 2215 et
653 2190 773 2231 equo,
807 2185 843 2214 et
870 2185 1004 2215 statua
1032 2175 1259 2216 columnam
1291 2176 1506 2215 Iustiniani

0 2233 215 2284 ooliarunt,
246 2233 476 2289 aliquotque
492 2248 619 2273 annos
640 2232 749 2272 nuda
768 2234 968 2273 remansit.
1036 2232 1210 2273 Tandem
1228 2243 1319 2272 ante
1338 2233 1502 2284 triginta

2 2305 101 2330 nnos
118 2306 247 2330 eversa
268 2301 324 2330 est
350 2301 435 2332 iota
459 2306 579 2346 usque
608 2289 665 2328 acl
690 2288 945 2342 stylobaiem,
979 2306 1090 2345 quem
1119 2305 1225 2330 anno
1246 2291 1442 2344 superiore
1458 2286 1500 2339 *)

0 2347 156 2387 'unditus
174 2346 260 2388 vidi
277 2347 473 2390 exscindi.
512 2348 621 2388 Idem
643 2348 766 2400 paulo
783 2347 907 2397 infra,
937 2346 1162 2403 Equestrem
1182 2346 1396 2387 Iustiniani
1416 2354 1498 2383 sta-

0 2421 100 2454 cam,
138 2420 258 2460 quam
281 2403 402 2445 modo
435 2404 530 2445 dixi
553 2420 675 2460 supra
710 2404 814 2444 hanc
845 2403 1071 2449 columnam
1092 2403 1221 2460 fuisse
1245 2402 1496 2450 collocatam,

0 2472 163 2500 ervaiam
187 2461 257 2502 diu
279 2463 321 2502 in
341 2461 516 2503 clausu-0
542 2463 640 2516 regii
661 2461 840 2512 Palatii,
875 2460 1077 2515 deportari
1099 2477 1220 2515 nuper
1249 2458 1333 2498 vidi
1357 2459 1397 2496 in
1430 2472 1496 2497 ca-

0 2520 114 2568 tinos,
146 2518 288 2573 quibus
314 2518 478 2559 metalla
493 2518 731 2576 funduntur
755 2520 797 2558 in
821 2518 1024 2559 machinas
1054 2517 1236 2566 bellicas,
1271 2517 1370 2554 inter
1396 2529 1497 2568 quae

0 2585 52 2614 ἀἱ
79 2573 295 2616 Iustiniani
318 2592 409 2617 crus
432 2578 669 2630 proceritate
696 2590 821 2615 meam
849 2586 1040 2615 staturam
1063 2589 1269 2627 superans,
1310 2581 1346 2610 et
1369 2585 1490 2609 nasus

0 2630 164 2671 odrame
182 2631 350 2686 longior.
415 2633 541 2672 Crura
563 2635 654 2689 equi
671 2631 728 2671 ad
749 2643 891 2672 terram
919 2634 1096 2687 proiecta
1118 2630 1246 2669 metiri
1271 2643 1348 2667 non
1366 2628 1491 2680 potui.

0 2687 87 2727 ’edis
110 2687 299 2743 ungulam
322 2706 474 2730 mensus
501 2706 587 2730 sum
613 2688 783 2739 occulte,
811 2699 848 2729 et
878 2687 1110 2743 deprehendi
1137 2682 1387 2726 dodrantali-s·
1414 2698 1493 2722 esse

0 2743 202 2785 hundinis.
260 2747 419 2800 Gyllius
445 2761 493 2787 ex
511 2761 584 2786 sua
606 2747 732 2800 ipsius
752 2752 905 2787 statura
927 2745 1215 2786 aestimandum
1234 2741 1350 2782 nobis
1369 2741 1488 2780 relin-

58 2846 97 2892 *)
119 2846 219 2884 Haec
241 2848 375 2896 scripta
397 2853 477 2884 sunt
499 2848 640 2884 circiter
663 2860 718 2884 an.
731 2848 811 2884 Chr.
837 2849 939 2885 1550.
988 2856 1123 2882 noum.
