1794 3172
274 110 407 173 1048
720 122 1040 175 MCEPHORI
1069 84 1421 175 GREGORAE'

50 248 88 282 Δ.
107 247 151 281 Μ.
163 246 255 284 6859
273 240 392 286 οὐδὲν
414 239 589 296 κομίζων
606 236 705 296 ἡμῖν
713 271 728 293 ,
762 233 820 284 ὧν
841 238 1079 297 ἇπῃτοῦμεν
1093 253 1105 265 ·
1141 243 1330 298 προσηνῆ
1349 239 1398 283 δέ
1410 256 1504 284 τινα
1525 239 1593 281 καὶ
1609 237 1751 281 ἀστεῖα

103 293 210 331 Ind‘4
272 309 521 368 ἐπαγόμενος
540 309 644 366 ἤθη,
666 313 842 361 πειθοῦς
865 307 923 360 ὦς
942 308 1044 369 ᾤετο
1066 308 1310 367 δημιουργὰ,
1335 310 1402 352 καὶ
1421 309 1614 364 πλείστην
1634 307 1753 363 ἔχον-

271 399 325 426 τα
353 380 429 436 τὴν
451 378 555 422 αἰδῶ
576 378 681 435 πρὸς
709 377 843 435 ἡμᾶς,
882 378 998 437 παρὰ
1023 379 1101 435 τὴν
1122 379 1250 422 αὐτοῦ
1286 379 1378 421 λίαν
1401 375 1643 435 ὑπάρχοντα
1667 374 1752 433 φύ-

272 467 350 494 σιν.
398 447 460 499 οἷς
483 445 712 506 συνύφαινέ
730 466 818 499 πως
839 450 907 492 καὶ
935 446 1219 506 προύβάλλετο
1231 481 1246 503 ,
1280 448 1350 491 διὰ
1371 448 1419 492 τὸ
1445 444 1752 504 ἀνυσιμώτερον

271 524 346 575 τῆς
372 515 633 574 βουλήσεως,
668 519 736 561 καὶ
757 518 805 561 τὸ
833 518 994 575 μακρὸν
1023 520 1092 561 καὶ
1125 518 1318 575 δυσχερὲς
1343 522 1418 574 τῆς
1440 517 1605 560 οἴκοθεν
1631 514 1780 568 (3δόὕρ

228 607 230 610 ·
270 589 317 633 τὸ
350 593 472 643 σῶμα
500 589 688 644 καχεξίας
715 588 826 638 τινὸς
854 586 1099 644 ἐνοχλούσης
1127 591 1366 644 τηνικαῦτα,
1413 585 1587 630 κᾶπειτα
1617 582 1752 628 πολλά

119 664 162 700 P.
179 663 247 701 659
270 677 343 715 μοι
370 657 542 714 τάγαθὰ
564 658 847 714 ἐπηγγέλλετο,
882 658 1077 713 δέχεσθαι
1109 655 1337 713 θελήσαντι
1358 656 1434 712 τὴν
1463 660 1538 700 τοῦ
1561 658 1753 710 Παλαμᾶ

270 729 484 772 κοινωνίαν
506 727 738 784 ἀντιλογίας
758 726 923 783 ἁπάσης
948 725 1076 777 ἐκτός.
1122 727 1234 781 »τὰς
1260 727 1339 784 γὰρ
1360 724 1556 776 τοιαύτας
1586 725 1752 768 ἀντιλο-

270 798 408 857 stag-,²⁷
428 797 573 855 ἔλεγεν,
605 795 820 855 »Ὁμήρου
842 799 908 840 καὶ
930 795 1163 848 Πλάτωνος
1183 796 1283 840 εἶναι
1301 794 1454 850 ἀκούω,
1479 799 1561 839 τῶν
1583 799 1668 837 σῶν
1689 796 1753 836 ὄι-

272 865 516 912 δασκοὶλων·
553 867 599 911 οἳ
613 869 737 925 σοφοὶ
765 868 845 922 μὲν
859 862 990 923 ἦσαν,
1030 867 1136 910 ἀλλὰ
1155 867 1214 922 μὴ
1236 864 1446 921 δεξάμενοι
1464 865 1537 909 τὸν
1562 863 1750 922 Χριστὸν
1764 871 1794 905 1(

271 935 625 995 ἄπεκηρύχθησαν
651 935 707 988 ῶς
737 937 944 994 αἱρετικοί.
1002 935 1140 995 ὥσπερ
1170 932 1243 980 οὗν
1274 934 1447 994 ὕστερον
1478 936 1679 978 ἐλθοῦσαι
1709 933 1754 975 αἳ

272 1005 440 1051 σύνοδοι
457 1011 540 1050 τῶν
560 1004 686 1064 ἁγίων
712 1007 901 1064 πατέρων
930 1008 997 1050 καὶ
1021 1004 1263 1050 ἀποστόλων
1283 1008 1351 1049 καὶ
1374 1009 1601 1063 προφητῶν
1632 1003 1754 1046 κατέ-

234 1081 407 1120 Βλυσαν
433 1077 609 1127 ἐκείνους
616 1110 630 1130 ,
669 1074 934 1134 ἀγράμματοι
958 1075 1095 1129 ὅντες,
1136 1075 1244 1120 οὕτω
1266 1076 1317 1132 δὴ
1343 1075 1454 1132 necyn)
1483 1072 1754 1131 ἀγράμματος

274 1145 333 1191 ὢν
359 1146 435 1202 τὴν
464 1145 542 1203 σὴν
566 1144 787 1190 καταλύσω
816 1147 967 1204 σοφίαν
982 1159 993 1170 ·
1028 1148 1097 1189 καὶ
1116 1150 1348 1203 πληροῦται
1366 1145 1414 1188 τὸ
1440 1144 1570 1202 ῥηθὲν
1590 1142 1659 1186 διὰ
1678 1146 1753 1186 τοῦ

272 1214 492 1275 προφήτου
507 1229 518 1240 ·
554 1220 634 1259 ποῦ’
658 1215 804 1274 σοφὸς,
834 1221 915 1259 ποῦ
937 1214 1202 1273 γραμματεύς
1211 1216 1255 1272 ;’'
1300 1213 1393 1274 (Β.)
1411 1212 1569 1271 Λόγων
1591 1214 1636 1256 δὲ
1653 1212 1753 1255 κάν·
1766 1222 1794 1257 13

271 1290 418 1330 ταῦθα
435 1292 522 1336 τοῖς
539 1285 681 1337 ἄλλοις
702 1284 856 1342 ὁμοίων
878 1285 1228 1342 δαπανηθέντων,
1261 1282 1511 1340 διελύθημεν
1539 1284 1585 1326 ἓν
1607 1289 1752 1335 κενοῖς,

272 1355 451 1412 μηδενὸς
475 1350 533 1400 ῶν
553 1357 700 1406 ἐκεῖνος
724 1354 914 1411 ἐβούλετο
934 1355 1175 1412 γενομένου,
1203 1357 1271 1398 καὶ
1292 1349 1348 1398 ὧν
1368 1355 1481 1397 ἕνεκα
1504 1353 1752 1396 κεκοπιάκεν.

274 1425 372 1469 οὐδὲ
398 1425 477 1484 γὰρ
502 1429 666 1469 πολλῶν
684 1423 782 1482 ἧμΐν
803 1425 940 1481 ἐδέησε
969 1423 1101 1482 λόγων
1129 1424 1233 1482 πρὸς
1253 1423 1386 1483 ἄνδρα
1404 1421 1657 1478 βαναυσώὸἠ
1687 1422 1756 1464 καὶ

234 1493 472 1549 Οζάκοτον,
514 1497 677 1538 καὶτοῦ
700 1495 824 1552 λε’γειν
846 1493 990 1544 ἁπλῶς
1018 1492 1331 1553 προχειρότερον
1357 1493 1404 1537 τὸ
1428 1490 1618 1549 πλήττειν
1639 1491 1755 1547 ἕχον-

272 1582 346 1616 τος
376 1566 445 1608 καὶ
474 1562 637 1624 γλώττῃ
667 1566 735 1608 καὶ
756 1566 875 1622 χειρί.
919 1565 981 1608 διὸ
1011 1565 1064 1607 τὰ
1086 1569 1162 1608 τοῦ
1191 1566 1309 1608 θείου
1343 1562 1502 1621 πατρὸς
1531 1562 1753 1605 Βασιλείου
1765 1571 1794 1606 2ι

273 1632 565 1690 δανεισάμενος
585 1634 805 1692 προῦτεινα
826 1636 894 1677 καὶ
917 1634 1043 1685 αὐτὸς
1075 1636 1117 1678 ἐν
1150 1639 1321 1692 βραχεῖ’,
1361 1632 1416 1684 ὡς
1443 1632 1526 1686 ,,ἓ’ν
1556 1649 1599 1688 γε
1629 1635 1752 1675 τοῦτο

272 1708 415 1760 τολμῶ
445 1709 687 1761 καυχᾶσθαι
707 1706 750 1748 ἐν
782 1705 938 1764 κυρίῳ,
973 1703 1036 1748 ὅτι
1068 1704 1262 1748 οὐδέποτε
1297 1702 1607 1759 πεπλανημένας
1635 1700 1755 1756 ἴσχον

972 1772 1037 1790 ‘ss
1089 1775 1102 1790 Ἴ

273 1774 351 1825 τὰς
370 1776 460 1832 περὶ
481 1779 584 1818 θεοῦ
604 1772 834 1832 ὑπολήψεις
849 1789 859 1798 ·
897 1774 948 1817 ἀλ
1011 1793 1062 1831 ην
1084 1792 1128 1817 εκ
1148 1773 1295 1824 παιδὸς
1315 1773 1465 1828 ἔλαβον
1488 1771 1646 1815 ἔννοιαν
1665 1771 1757 1828 περὶ

274 1860 394 1901 νεηίῑς
418 1861 584 1908 scriptum
605 1863 762 1909 quidem,
787 1862 972 1898 cuiusmodi
995 1862 1226 1909 petieramus,
1250 1862 1376 1896 nullum
1399 1859 1634 1901 exhibiturus;
1657 1857 1757 1892 blan-

276 1909 340 1943 dos
361 1912 474 1942 autem
503 1914 539 1943 et
564 1911 714 1945 urbanos
737 1922 848 1945 mores
876 1910 1046 1952 afferens,
1072 1910 1116 1944 ad
1140 1909 1412 1955 persuadendum
1434 1907 1493 1951 (ut
1508 1905 1672 1953 putabat)
1695 1917 1756 1939 ac-

276 1954 528 1998 commodatos,
552 1961 588 1992 et
609 1969 686 1992 cum
709 1956 905 1991 reverentia
926 1968 1010 2002 erga
1040 1968 1102 1990 nos
1126 1955 1271 1990 maxima
1292 1955 1513 1995 coniunctos,
1538 1957 1642 1998 atque
1669 1952 1756 1985 adeo

276 2002 322 2036 ab
350 2001 460 2046 ipsius
484 2001 625 2048 ingenio
656 2004 758 2049 longe
781 2004 956 2039 abeuntes.
1012 2003 1078 2037 His
1104 2003 1181 2045 ille,
1207 2007 1246 2037 ut
1267 2002 1424 2036 voluntas
1446 2003 1539 2035 esset
1565 1997 1755 2040 efficacior,

278 2047 348 2082 alia
363 2049 562 2091 attexebat,
584 2059 620 2085 et
637 2050 787 2085 laborem
808 2049 886 2084 viae
906 2061 926 2083 a
949 2049 1047 2084 domo
1066 2061 1128 2084 sua
1149 2061 1260 2096 usque
1280 2048 1405 2093 longae
1422 2059 1463 2082 ac
1483 2046 1635 2081 difficilis
1660 2045 1758 2080 obie-

276 2095 416 2136 ctabat3
439 2106 478 2129 eo
498 2097 630 2132 scilicet
647 2102 801 2143 tempore
818 2102 1040 2142 superatum,
1064 2108 1139 2131 cum
1160 2096 1274 2142 aliquo
1292 2093 1501 2130 valetudinis
1524 2093 1610 2128 vitio
1632 2102 1757 2137 corpus

277 2141 464 2176 laboraret.
512 2143 648 2178 Deinde
672 2144 702 2179 si
727 2142 868 2185 vellem,
892 2144 1007 2189 posita
1026 2144 1117 2178 omni
1136 2144 1318 2178 verborum
1333 2141 1570 2182 contentione,
1594 2139 1757 2174 Palamae

278 2188 542 2224 communionem
561 2191 764 2232 admittere,
789 2189 895 2224 multa
913 2189 994 2224 mihi
1011 2191 1102 2225 bona
1119 2190 1360 2236 pollicebatur.
1407 2187 1574 2230 „Etenim
1594 2185 1758 2230 (inquie-

279 2234 360 2279 bat)
384 2234 471 2270 istas
497 2237 734 2272 contentiones
762 2236 905 2271 Homeri
937 2242 972 2271 et
990 2237 1145 2272 Platonis
1167 2249 1244 2271 esse
1270 2236 1394 2277 audio,
1419 2239 1556 2268 tuorum
1573 2231 1758 2276 magistro-

279 2292 375 2316 rum:
401 2281 459 2328 qui
490 2284 663 2329 sapientes
693 2282 828 2330 quidem
858 2288 975 2327 erant;
1002 2288 1038 2318 at
1057 2284 1140 2330 quia
1168 2282 1343 2318 Christum
1362 2292 1430 2316 non
1450 2285 1677 2325 receperunt,
1701 2277 1758 2311 id-

283 2327 377 2362 circo
404 2333 443 2363 ut
469 2329 635 2365 haeretici
662 2329 850 2376 proscripti
870 2335 960 2365 sunt.
1008 2329 1298 2371 Quemadmodum
1317 2327 1427 2374 igitur
1447 2327 1658 2371 subsequuta
1678 2335 1758 2358 san-

281 2380 413 2410 ctorum
425 2375 566 2411 Patrum
586 2380 622 2411 et
637 2377 876 2431 Apostolorum
890 2377 1208 2423 prophetarumque
1228 2375 1383 2417 concilia,
1408 2373 1468 2419 qui
1486 2374 1639 2408 homines
1658 2374 1759 2406 erant

277 2421 475 2465 illitterati,
498 2435 558 2458 eos
579 2424 828 2469 profligarunt3
852 2423 903 2458 ita
922 2429 958 2459 et
981 2436 1068 2469 ego,
1093 2424 1151 2470 qui
1168 2423 1369 2458 illitteratus
1390 2432 1482 2462 sum,
1506 2424 1600 2454 tuam
1618 2418 1758 2464 sapien-

278 2468 363 2516 tiam
384 2468 487 2505 hodie
505 2469 718 2517 profligabo:
753 2475 788 2504 et
814 2470 1021 2517 adimpletur
1040 2470 1125 2505 illud
1139 2496 1149 2512 ‚
1179 2470 1269 2516 quod
1291 2469 1419 2503 dictum
1446 2471 1501 2501 est
1521 2477 1583 2512 per
1609 2465 1760 2511 prophe·

279 2520 368 2550 tam:
395 2515 456 2550 ubi
476 2517 643 2562 sapiens?
675 2517 735 2552 ubi
765 2517 940 2552 scriba‘ff
996 2517 1080 2562 (ΙΙ.)
1109 2517 1196 2552 Post
1224 2526 1421 2556 sermones,
1456 2513 1628 2559 prioribus
1664 2510 1758 2546 haud

279 2562 484 2606 dissimiles,
516 2563 590 2599 illic
614 2574 749 2610 quoque
774 2568 1012 2610 consumptos,
1037 2565 1168 2599 frustra
1197 2563 1335 2597 tandem
1365 2561 1552 2595 discessum
1581 2562 1659 2600 est3
1694 2569 1759 2592 nec

280 2621 370 2654 quae
387 2610 418 2645 is
433 2609 511 2645 fieri
531 2610 708 2652 voluerat,
734 2614 769 2645 et
788 2610 832 2645 de
853 2612 975 2656 quibus
996 2611 1234 2652 laboraverat,
1259 2619 1377 2643 eorum
1398 2608 1580 2654 quicquam
1605 2611 1659 2640 est
1678 2615 1760 2650 per-

278 2656 419 2692 fectum.
464 2658 592 2705 Neque
620 2656 708 2692 enim
727 2657 833 2692 multa
852 2658 952 2692 nobis
976 2657 1130 2692 oratione
1155 2667 1242 2703 opus
1261 2655 1329 2690 fuit
1351 2654 1443 2700 apud
1460 2653 1628 2689 hominem
1645 2651 1760 2686 illibe-

279 2701 363 2737 ralis
390 2703 541 2750 ingenii,
565 2704 779 2750 eundemque
802 2703 1025 2746 iracundum,
1050 2704 1238 2750 linguaque
1267 2706 1304 2736 et
1321 2713 1421 2736 manu
1444 2699 1688 2747 promptiorem
1715 2696 1759 2731 ad

279 2748 472 2797 feriendum
491 2763 591 2797 quam
610 2752 654 2786 ad
673 2750 864 2786 dicendum.
913 2751 1141 2792 Quamobrem
1152 2749 1212 2784 illa
1235 2761 1255 2784 a
1274 2753 1393 2783 sancto
1410 2748 1516 2782 Patre
1531 2744 1659 2780 Basilio
1676 2754 1760 2779 ver-

280 2795 327 2829 ba
345 2801 541 2840 mutuatus,
564 2797 720 2833 breviter
740 2798 817 2844 ipse
839 2807 976 2843 quoque
994 2798 1153 2843 reposui:
1177 2807 1280 2830 unum
1299 2796 1364 2830 hoc
1384 2794 1505 2830 saltem
1530 2803 1632 2838 posse
1651 2803 1703 2825 me
1723 2790 1759 2824 in

281 2840 416 2879 domino
444 2844 609 2892 gloriari,
632 2844 810 2893 opiniones
831 2844 876 2880 de
892 2844 967 2881 Deo
991 2844 1101 2880 falsas
1119 2854 1289 2890 nunquam
1305 2841 1469 2878 habuisse
1483 2852 1558 2883 ωας
1579 2837 1643 2874 sed
1659 2847 1760 2885 quam
