1794 3172
238 132 340 180 870
498 134 503 142 '
644 139 963 185 MCEPHORI
989 139 1318 187 GREGORAE

16 260 53 291 A.
72 259 117 292 M.
136 259 228 296 6858
239 252 283 296 δὲ
300 249 378 303 τάς
397 268 440 295 τε
458 250 806 307 νενεουλκημένας
834 251 878 293 ἐκ
898 255 1079 294 παλαιοῦ
1106 256 1190 296 τῶν
1209 258 1311 297 νεῶν
1330 251 1594 305 καθελκύσας
1627 254 1719 297 ἐπε-

73 308 410 390 ιηα·3Βσκεύαζε’
434 338 478 365 τε
509 323 576 365 καὶ
602 318 864 376 μετεσκεύαζε
901 321 1005 378 πρὸς
1028 321 1103 377 τὴν
1129 324 1357 366 ἐνεστῶσαν
1386 325 1553 381 χρείαν·
1591 323 1722 375 ἄλλας

237 411 280 437 τε
299 391 443 442 καινὰς
460 389 724 443 κατεσκεύαζε
743 392 908 441 πλειόυς
926 393 994 434 καὶ
1014 393 1178 446 μείζους
1197 397 1281 436 τῶν
1297 395 1398 450 ’πρὶν
1408 427 1421 447 ,
1463 392 1596 445 ξύλων
1615 412 1719 437 ναυ-

235 463 480 520 πηγησίμων
512 465 674 516 συχνῶς
702 462 746 511 ἐξ
776 459 901 518 ὄρους
920 458 1207 517 ’κομιζομένων
1233 462 1308 520 ὅλῃ
1337 465 1513 521 σπουδῇ.
1562 464 1645 506 ἐπεὶ
1675 464 1720 506 δὲ

237 535 304 577 καὶ
321 529 550 590 χρημάτων
577 532 619 573 ἐν
642 528 805 582 τούτοις
824 530 901 574 ἔδει
912 564 925 584 ,
964 532 1006 574 o‘c'
1027 549 1070 574 τε
1090 530 1287 588 συνήθεις
1309 531 1432 590 φόροι
1461 533 1566 590 πρὸς
1589 532 1750 589 αὕξηνὸ

239 601 439 659 ἀνήγοντο
478 603 547 643 καὶ
575 598 663 655 ἅμα
699 602 835 644 καινοί
863 618 971 652 τινες
1002 601 1077 659 ἐφ’
1118 600 1271 660 ἑτέροις
1303 603 1432 660 ἕτεροι
1460 603 1718 656 ἐπενοοῦντο,

237 678 315 729 τῆς
348 669 527 728 ἀνάγκης
555 670 630 727 τὴν
659 670 853 728 εὐπορίαν
881 675 981 714 τῶν·
999 674 1056 722 εἷς
1081 677 1216 715 ταῦτα
1245 671 1555 729 ἐνθυμημάτων
1586 673 1722 732 ῥᾷστα

239 740 572 800 ἐφευρισκούσης.
612 738 705 797 (ΑΒ)
726 741 794 783 Ἐν
815 739 978 792 τούτοις
1000 744 1026 785 δ
1032 741 1044 757 ’
1072 741 1202 786 ὄντων
1221 747 1307 786 τῶν
1333 741 1589 799 πραγμάτιον
1610 740 1722 801 νόσῳ

200 814 389 873 Οβαρείᾳ
418 813 485 855 καὶ
515 809 536 854 ὅ
569 808 827 868 πατριάρχης
850 811 1061 869 Ἰσίδωρος
1093 810 1315 856 ἁλίσκεται.
1354 811 1380 869 ἦ
1404 814 1450 856 δὲ
1472 808 1523 870 ἦν
1542 812 1724 870 γαστρὸς

238 883 406 933 κένωσις
426 880 612 937 διηνεκὴς
633 879 720 935 ἅμα
751 882 818 923 καὶ
845 880 1132 939 πολυήμερος,
1167 880 1306 938 πάσης
1324 882 1462 940 χειρὸς
1487 884 1554 925 καὶ
1577 883 1721 938 τέχνης
1735 890 1779 925 10

238 955 426 1010 ἰατρικῆς
451 949 744 1009 ἀπρακτούσης
775 952 976 996 ἐνταῦθα.
1028 954 1161 996 καίτοι
1193 950 1269 1008 τήν
1297 969 1339 1008 γε
1371 952 1503 1010 ἀρχὴν
1535 952 1583 995 οὗ
1604 950 1722 1007 μάλα

237 1022 507 1080 θρασυτέραν
529 1020 634 1077 αὕτη
664 1020 739 1076 τὴν
762 1020 915 1079 ἔφοδον
942 1021 1111 1073 ἔδειξεν·
1149 1022 1244 1065 ἀλλ’
1274 1022 1409 1078 ἠρέμα
1437 1024 1504 1065 καὶ
1526 1022 1630 1065 κατὰ
1651 1040 1723 1076 μι-

238 1093 338 1151 κρὸν
363 1093 428 1135 καὶ
459 1090 597 1147 βάδην
627 1093 750 1134 εἶπεΐν
777 1091 1052 1149 ἐπιχωριάζειν
1071 1090 1224 1147 ἐδόκει,
1264 1091 1401 1149 ῶσπερ
1423 1094 1627 1145 παίζουσα
1647 1092 1723 1142 τὰς

239 1167 323 1206 τῶν
358 1166 523 1206 πολλῶν
555 1162 735 1211 ἐλπίδας.
772 1157 824 1217 ἦν
844 1162 922 1220 γὰρ
950 1162 1030 1205 ἀπὸ
1061 1161 1193 1218 λύπης
1216 1164 1410 1218 ἐσχηκυῖα
1433 1162 1507 1213 τὰς
1527 1161 1724 1220 ἀφορμὰς

106 1244 152 1279 V.
163 1242 231 1281 443
243 1231 283 1292 (ὁ
308 1232 436 1282 πολὺς
458 1231 561 1281 τέως
594 1229 752 1288 ἐκράτει
776 1229 931 1290 λόγος),
958 1231 1047 1288 ἥτις
1069 1234 1112 1275 ἐκ
1135 1233 1405 1288 σιωπωμένης
1427 1231 1622 1288 αῗσχύνης
1645 1230 1721 1286 εἶχε
1735 1240 1780 1276 15

198 1303 318 1360 Βτὴν
342 1299 566 1360 πρόφασιν.
605 1296 656 1356 ἦν
689 1301 768 1358 γὰρ
792 1309 878 1352 τοΐς
901 1304 1061 1353 οἰκείοις
1087 1302 1258 1359 ὀνείροις
1275 1302 1487 1360 προσέχων
1505 1301 1527 1346 ὅ
1552 1302 1723 1359 ἄνθρω-

240 1386 339 1424 πος·
377 1373 445 1415 καὶ
462 1370 582 1415 τοῦτ’
607 1370 724 1427 ἔργον
749 1371 853 1427 ἔχων
871 1370 1065 1415 ἁπάντων
1084 1370 1386 1430 προϊστάμενον
1406 1374 1473 1415 καὶ
1498 1371 1629 1429 λόγων
1655 1372 1725 1414 καὶ

238 1439 496 1501 πραγμάτων
530 1441 839 1496 ἐνθουσιασμὸν
873 1440 1083 1498 ὠνόμαζε·
1133 1444 1201 1486 καὶ
1246 1440 1411 1492 τούτοις
1442 1444 1636 1498 διηνεκῶς
1657 1442 1724 1498 ἐγ-

239 1509 594 1567 καλλωπιζόμενος
633 1509 830 1563 ἐψεύδετο
876 1513 952 1568 μὲν
1002 1517 1250 1570 προφανῶς,
1297 1512 1373 1556 οὐκ
1411 1510 1607 1570 ᾐσχύνετο
1653 1511 1722 1554 δέ·

239 1582 336 1626 ἀλλ’
359 1577 410 1639 ἦν
434 1579 634 1631 ὡσαύτως
650 1586 709 1641 τῷ
732 1599 774 1624 τε
792 1586 961 1637 βασιλεῖ
973 1585 1040 1626 καὶ
1062 1590 1149 1633 τοῖς
1168 1582 1309 1633 ἄλλοις
1328 1582 1448 1625 οἷονεὶ
1469 1582 1724 1640 προφητείας
1734 1588 1782 1623 20

238 1652 357 1703 τινὰς
376 1654 443 1696 καὶ
465 1652 687 1702 θεοπτείας
709 1650 873 1696 ἄνωθεν
896 1652 1160 1710 ἀπαγγέλλων
1175 1667 1186 1677 ·
1232 1652 1337 1708 μεθ’
1365 1643 1427 1696 ὧν
1443 1647 1494 1708 ἦν
1513 1653 1579 1695 καὶ
1600 1650 1626 1708 ἡ
1646 1654 1722 1694 τοῦ

240 1723 370 1779 πέραν
398 1726 440 1767 Γ
437 1725 634 1765 αλατικοῦ
662 1723 866 1780 φρουρίου
899 1723 1195 1781 καταστροφὴ,
1234 1722 1286 1779 ἣν
1314 1724 1606 1780 προδεδεΐχθαι
1640 1722 1722 1764 διε-

201 1795 395 1837 Ετείνετο
415 1793 567 1835 τουτωὶ
587 1792 690 1849 πρὸς
703 1796 806 1835 θεοῦ
825 1795 1007 1848 βεβαίως
1022 1795 1090 1837 καὶ
1109 1793 1308 1851 ἀσφαλῶς
1322 1806 1332 1816 ·
1369 1790 1425 1842 ῶς
1443 1789 1723 1850 θαρρήσαντα

244 1865 313 1906 καὶ
345 1862 418 1907 τὸν
442 1861 618 1918 βασιλέα
648 1862 713 1904 ἐπὶ
746 1862 821 1919 τὴν
845 1861 984 1920 μάχην
1015 1867 1213 1920 ταχῦναι,
1255 1863 1350 1921 πρὶν
1371 1861 1516 1912 τελέως
1541 1861 1616 1917 τὴν
1645 1863 1722 1904 τοῦ

243 2018 380 2066 positae
398 2022 518 2060 erant,
542 2018 577 2054 in
596 2030 689 2054 mare
708 2018 890 2062 trahebat,
915 2019 1186 2066 reficiebatque,
1212 2023 1248 2055 et
1265 2020 1309 2055 ad
1326 2022 1508 2066 urgentem
1531 2018 1725 2053 necessita-

244 2072 313 2101 tem
331 2066 626 2108 accommodabat3
650 2067 731 2101 item
752 2065 836 2101 alias
854 2079 960 2102 novas
980 2069 1212 2111 construebat,
1238 2079 1366 2113 easque
1384 2067 1500 2113 plures
1518 2078 1559 2101 ac
1577 2065 1725 2100 maiores

246 2125 346 2158 quam
370 2117 490 2155 antea,
514 2114 691 2148 navalibus
711 2113 815 2158 lignis
835 2115 957 2149 crebro
977 2119 1014 2150 et
1033 2115 1121 2149 omui
1141 2115 1323 2161 diligentia
1341 2126 1383 2149 ex
1403 2117 1517 2148 monte
1535 2111 1726 2147 convectis.

247 2159 416 2203 Quoniam
433 2171 516 2194 vero
534 2160 681 2205 pecunia
698 2161 733 2194 in
745 2160 798 2194 his
811 2172 898 2206 opus
915 2165 1002 2204 erat,
1015 2162 1191 2197 solitorum
1210 2162 1430 2207 vectigalium
1447 2160 1566 2195 modus
1581 2165 1701 2194 auctus
1714 2172 1727 2202 ;

245 2212 318 2242 tum
334 2218 423 2241 nova
439 2207 605 2251 quaedam
625 2206 770 2242 subinde
785 2207 955 2251 instituta,
973 2221 1048 2243 cum
1067 2209 1112 2243 acl
1131 2222 1190 2244 eas
1205 2222 1260 2244 res
1276 2209 1379 2245 facile
1398 2207 1646 2254 excogitandas
1663 2218 1726 2242 ne-

247 2253 393 2289 cessitas
417 2253 495 2299 ipsa
521 2253 701 2298 plurimum
727 2254 871 2289 valeret.
921 2256 1006 2301 (ΙΙ.)
1030 2256 1064 2290 Is
1085 2257 1153 2291 fuit
1176 2268 1290 2291 rerum
1315 2261 1451 2297 status,
1477 2266 1551 2289 cum
1573 2254 1725 2288 Isidorus

246 2300 447 2356 patriarcha
470 2299 570 2346 gravi
596 2302 713 2335 morbo
740 2301 937 2348 corripitur.
993 2303 1082 2338 Erat
1109 2308 1221 2338 autem
1248 2303 1332 2338 illud
1356 2302 1489 2337 ventris
1518 2300 1725 2348 profluvium

246 2359 328 2393 iuge
347 2358 389 2382 ac
406 2347 635 2391 diuturnum,
648 2347 813 2383 adversus
832 2349 924 2395 quod
943 2362 1008 2385 nec
1023 2362 1142 2385 manus
1162 2363 1225 2385 nec
1240 2362 1298 2385 ars
1315 2349 1522 2384 medicorum
1537 2348 1726 2394 quidquam

247 2399 406 2441 poterat:
429 2394 566 2429 tametsi
589 2393 698 2440 primo
717 2407 857 2430 accessu
884 2408 951 2431 non
976 2398 1154 2432 admodum
1172 2396 1344 2432 violentus
1364 2396 1543 2430 invaserat
1561 2395 1616 2429 liic
1634 2406 1726 2429 mor-

247 2442 336 2484 bus;
362 2440 424 2477 sed
433 2441 560 2476 sensim
576 2446 612 2476 et
620 2441 783 2487 paulatim
802 2448 905 2489 atque
929 2444 986 2489 (ut
1003 2445 1053 2479 ita
1062 2445 1191 2490 dicam)
1206 2443 1414 2491 pedetentim
1425 2442 1614 2489 procedere
1630 2442 1726 2475 visus

247 2489 375 2531 fuerat,
399 2492 435 2523 et
452 2488 622 2523 hominum
639 2490 933 2534 exspectationem
951 2492 1049 2538 quasi
1067 2492 1272 2526 ludificarat.
1296 2490 1493 2532 Enimvero,
1512 2494 1550 2523 ut
1568 2488 1726 2533 plerique

247 2535 399 2578 aiebant,
423 2539 527 2570 natus
545 2539 623 2570 erat
637 2547 682 2570 ex
698 2536 855 2579 tristitia,
877 2550 978 2583 quani
997 2539 1122 2574 tacitus
1139 2538 1249 2586 pudor
1265 2540 1463 2585 pepererat.
1511 2536 1655 2571 Scilicet
1671 2535 1728 2569 vir

247 2582 307 2617 ille
324 2582 476 2628 propriis
503 2582 642 2618 somniis
660 2582 812 2618 intentus
838 2586 951 2620 omnia
969 2586 1064 2620 dicta
1088 2590 1124 2621 et
1143 2587 1238 2621 facta
1253 2584 1333 2619 inde
1352 2583 1609 2630 auspicabatur,
1634 2581 1729 2616 divi-

248 2640 329 2664 num
346 2641 423 2664 eum
443 2629 599 2664 afflatum
619 2641 764 2665 vocans:
789 2630 842 2665 his
860 2636 1027 2678 perpetuo
1047 2633 1281 2679 gloriabatur3
1306 2637 1342 2666 et
1359 2631 1472 2677 palam
1489 2630 1626 2665 mentiri
1642 2628 1728 2663 nihil

251 2688 330 2710 eum
352 2676 514 2723 pudebat.
564 2676 660 2719 Quin
678 2681 715 2712 et
739 2676 940 2723 imperatori
965 2680 1116 2725 pariter,
1142 2684 1177 2714 et
1203 2679 1280 2714 aliis
1299 2678 1532 2724 quibuslibet,
1558 2676 1728 2723 quaedam

250 2722 351 2768 quasi
369 2723 533 2759 vaticinia
550 2729 586 2759 et
601 2724 734 2759 oblatas
750 2724 915 2760 divinitus
931 2726 1083 2762 visiones
1102 2727 1298 2769 referebat3
1320 2726 1356 2759 in
1376 2725 1499 2771 quibus
1517 2724 1584 2758 fuit
1605 2729 1641 2757 et
1651 2723 1728 2756 Ga-

249 2769 346 2804 latici
365 2770 566 2806 Latinorum
586 2771 743 2814 castelli,
767 2771 805 2806 in
825 2772 970 2807 adverso
995 2773 1112 2809 littore
1135 2773 1258 2821 positi,
1284 2772 1473 2814 excidium3
1498 2770 1588 2818 quod
1605 2769 1656 2805 illi
1673 2768 1728 2803 af-

250 2815 412 2851 firmabat
429 2822 524 2853 certo
545 2822 583 2854 et
601 2821 801 2854 constanter
820 2820 1098 2865 praenunciatum
1119 2833 1140 2856 a
1159 2821 1234 2856 Deo
1252 2819 1370 2854 ruisse.
1417 2819 1542 2865 Itaque
1566 2817 1620 2852 his
1643 2827 1729 2851 con-

250 2863 335 2899 fisus
352 2862 558 2912 imperator,
580 2869 763 2914 autequam
780 2865 922 2904 classem
939 2878 1080 2915 prorsus
1096 2867 1303 2904 instructanr
1315 2867 1478 2910 haberet,
1502 2875 1651 2913 pugnam
1667 2874 1728 2899 ac·
