<?xml version="1.0" encoding="UTF-8"?>
<!DOCTYPE html PUBLIC "-//W3C//DTD XHTML 1.0 Transitional//EN"
    "http://www.w3.org/TR/xhtml1/DTD/xhtml1-transitional.dtd">
<html xmlns="http://www.w3.org/1999/xhtml" xml:lang="en" lang="en">
 <head>
  <title>
</title>
<meta http-equiv="Content-Type" content="text/html;charset=utf-8" />
  <meta name='ocr-system' content='tesseract 3.04.00' />
  <meta name='ocr-capabilities' content='ocr_page ocr_carea ocr_par ocr_line ocrx_word'/>
</head>
<body>
  <div class='ocr_page' id='page_1' title='image "./corpusscriptorum39niebuoft_0358.png"; bbox 0 0 1794 3172; ppageno 0'>
   <div class='ocr_carea' id='block_1_1' title="bbox 239 97 1322 177">
    <p class='ocr_par' dir='ltr' id='par_1_1' title="bbox 239 97 1322 177">
     <span class='ocr_line' id='line_1_1' title="bbox 239 97 1322 177; baseline -0.003 -1"><span class='ocrx_word' id='word_1_1' title='bbox 239 126 343 176; x_wconf 83' lang='lat'><strong>916</strong></span> <span class='ocrx_word' id='word_1_2' title='bbox 627 97 971 177; x_wconf 36' lang='lat' dir='ltr'><strong>*MCEPHom</strong></span> <span class='ocrx_word' id='word_1_3' title='bbox 999 126 1322 174; x_wconf 82' lang='lat' dir='ltr'><strong>GREGORAE</strong></span> 
     </span>
    </p>
   </div>
   <div class='ocr_carea' id='block_1_2' title="bbox 16 236 1791 1835">
    <p class='ocr_par' dir='ltr' id='par_1_2' title="bbox 16 236 1729 437">
     <span class='ocr_line' id='line_1_2' title="bbox 16 236 1729 300; baseline -0.003 -12"><span class='ocrx_word' id='word_1_4' title='bbox 16 255 55 288; x_wconf 68' lang='lat' dir='ltr'><strong>A.</strong></span> <span class='ocrx_word' id='word_1_5' title='bbox 71 253 119 287; x_wconf 74' lang='grc' dir='ltr'><strong>Π.</strong></span> <span class='ocrx_word' id='word_1_6' title='bbox 136 251 231 289; x_wconf 81' lang='lat'><strong>6859</strong></span> <span class='ocrx_word' id='word_1_7' title='bbox 240 247 329 294; x_wconf 81' lang='grc' dir='ltr'><strong><em>τοῖς</em></strong></span> <span class='ocrx_word' id='word_1_8' title='bbox 348 240 401 286; x_wconf 85' lang='grc' dir='ltr'>τά</span> <span class='ocrx_word' id='word_1_9' title='bbox 421 241 512 300; x_wconf 77' lang='grc' dir='ltr'><strong><em>περὶ</em></strong></span> <span class='ocrx_word' id='word_1_10' title='bbox 529 238 693 284; x_wconf 71' lang='grc' dir='ltr'><strong><em>ἑαυτοῦ.</em></strong></span> <span class='ocrx_word' id='word_1_11' title='bbox 731 240 800 283; x_wconf 83' lang='grc' dir='ltr'><strong><em>καὶ</em></strong></span> <span class='ocrx_word' id='word_1_12' title='bbox 819 243 878 300; x_wconf 81' lang='grc' dir='ltr'><strong><em>τῷ</em></strong></span> <span class='ocrx_word' id='word_1_13' title='bbox 898 236 1082 299; x_wconf 75' lang='grc' dir='ltr'><strong><em>διαβόλῳ</em></strong></span> <span class='ocrx_word' id='word_1_14' title='bbox 1098 236 1246 294; x_wconf 79' lang='grc' dir='ltr'><strong><em>πάλιν,</em></strong></span> <span class='ocrx_word' id='word_1_15' title='bbox 1273 237 1383 291; x_wconf 77' lang='grc' dir='ltr'><strong><em>’τοῧς</em></strong></span> <span class='ocrx_word' id='word_1_16' title='bbox 1404 237 1553 291; x_wconf 89' lang='grc' dir='ltr'><strong><em>λίθους</em></strong></span> <span class='ocrx_word' id='word_1_17' title='bbox 1574 237 1729 298; x_wconf 72' lang='grc' dir='ltr'><strong><em>ἄρτους</em></strong></span> 
     </span>
     <span class='ocr_line' id='line_1_3' title="bbox 72 298 1728 379; baseline -0.003 -22"><span class='ocrx_word' id='word_1_18' title='bbox 72 298 183 335; x_wconf 64' lang='lat' dir='ltr'><strong>hd‘4</strong></span> <span class='ocrx_word' id='word_1_19' title='bbox 201 318 370 379; x_wconf 52' lang='lat' dir='ltr'><strong>wnoeaei‘v</strong></span> <span class='ocrx_word' id='word_1_20' title='bbox 389 309 657 368; x_wconf 79' lang='grc' dir='ltr'><em>ἀναγκάζοντι</em></span> <span class='ocrx_word' id='word_1_21' title='bbox 680 310 749 353; x_wconf 86' lang='grc' dir='ltr'><strong><em>καὶ</em></strong></span> <span class='ocrx_word' id='word_1_22' title='bbox 770 309 846 360; x_wconf 80' lang='grc' dir='ltr'><strong>τὰς</strong></span> <span class='ocrx_word' id='word_1_23' title='bbox 867 313 945 366; x_wconf 79' lang='grc' dir='ltr'><strong>τῆς</strong></span> <span class='ocrx_word' id='word_1_24' title='bbox 961 314 1036 367; x_wconf 80' lang='grc' dir='ltr'><strong>γῆς</strong></span> <span class='ocrx_word' id='word_1_25' title='bbox 1052 307 1362 370; x_wconf 65' lang='grc' dir='ltr'><strong><em>’ὑπισχνουμένῳ</em></strong></span> <span class='ocrx_word' id='word_1_26' title='bbox 1379 311 1626 367; x_wconf 81' lang='grc' dir='ltr'><strong><em>χαρίζεσθαι</em></strong></span> <span class='ocrx_word' id='word_1_27' title='bbox 1644 314 1728 364; x_wconf 87' lang='grc' dir='ltr'><strong><em>βα-</em></strong></span> 
     </span>
     <span class='ocr_line' id='line_1_4' title="bbox 87 377 1727 437; baseline -0.003 -9"><span class='ocrx_word' id='word_1_28' title='bbox 87 393 134 428; x_wconf 71' lang='lat' dir='ltr'><strong>V,</strong></span> <span class='ocrx_word' id='word_1_29' title='bbox 148 390 221 430; x_wconf 79' lang='grc'><strong>467</strong></span> <span class='ocrx_word' id='word_1_30' title='bbox 242 383 397 432; x_wconf 84' lang='grc' dir='ltr'><strong><em>σιλειάς</em></strong></span> <span class='ocrx_word' id='word_1_31' title='bbox 408 414 423 436; x_wconf 91' lang='lat'><em>,</em></span> <span class='ocrx_word' id='word_1_32' title='bbox 453 380 529 424; x_wconf 79' lang='grc' dir='ltr'><strong><em>οὐκ</em></strong></span> <span class='ocrx_word' id='word_1_33' title='bbox 546 378 653 424; x_wconf 80' lang='grc' dir='ltr'><strong><em>εἶπεν</em></strong></span> <span class='ocrx_word' id='word_1_34' title='bbox 673 377 696 423; x_wconf 83' lang='grc' dir='ltr'><strong><em>ὃ</em></strong></span> <span class='ocrx_word' id='word_1_35' title='bbox 714 379 842 433; x_wconf 83' lang='grc' dir='ltr'><strong><em>θεὸς,</em></strong></span> <span class='ocrx_word' id='word_1_36' title='bbox 878 377 1044 437; x_wconf 77' lang='grc' dir='ltr'><strong><em>,,ῧπαγε</em></strong></span> <span class='ocrx_word' id='word_1_37' title='bbox 1064 379 1194 423; x_wconf 85' lang='grc' dir='ltr'><strong><em>ὄπίσω</em></strong></span> <span class='ocrx_word' id='word_1_38' title='bbox 1215 387 1316 434; x_wconf 78' lang='grc' dir='ltr'><strong><em>μου,“</em></strong></span> <span class='ocrx_word' id='word_1_39' title='bbox 1348 383 1521 430; x_wconf 80' lang='grc' dir='ltr'><strong><em>Σατανᾶ</em></strong></span> <span class='ocrx_word' id='word_1_40' title='bbox 1531 379 1557 400; x_wconf 86' lang='grc'><strong><em>”</em></strong></span> <span class='ocrx_word' id='word_1_41' title='bbox 1572 393 1582 404; x_wconf 86' lang='grc'><em>·</em></span> <span class='ocrx_word' id='word_1_42' title='bbox 1620 379 1727 423; x_wconf 72' lang='grc' dir='ltr'><strong><em>ἀλλὰ</em></strong></span> 
     </span>
    </p>

    <p class='ocr_par' dir='ltr' id='par_1_3' title="bbox 89 447 1791 1835">
     <span class='ocr_line' id='line_1_5' title="bbox 240 447 1728 508; baseline -0.002 -14"><span class='ocrx_word' id='word_1_43' title='bbox 240 452 319 502; x_wconf 79' lang='grc' dir='ltr'><strong>τὰς</strong></span> <span class='ocrx_word' id='word_1_44' title='bbox 339 455 424 494; x_wconf 82' lang='grc' dir='ltr'><strong>τῶν</strong></span> <span class='ocrx_word' id='word_1_45' title='bbox 444 450 633 507; x_wconf 79' lang='grc' dir='ltr'><em>πατέρων</em></span> <span class='ocrx_word' id='word_1_46' title='bbox 653 447 933 508; x_wconf 78' lang='grc' dir='ltr'><em>προβάλλεται</em></span> <span class='ocrx_word' id='word_1_47' title='bbox 952 447 1102 507; x_wconf 79' lang='grc' dir='ltr'><strong><em>ῥήσεις,</em></strong></span> <span class='ocrx_word' id='word_1_48' title='bbox 1126 449 1432 506; x_wconf 83' lang='grc' dir='ltr'><strong><em>,,γε’γραπται,”</em></strong></span> <span class='ocrx_word' id='word_1_49' title='bbox 1451 449 1593 506; x_wconf 77' lang='grc' dir='ltr'><strong><em>λέγων,</em></strong></span> <span class='ocrx_word' id='word_1_50' title='bbox 1618 448 1728 502; x_wconf 58' lang='lat' dir='ltr'><strong>„oziae</strong></span> 
     </span>
     <span class='ocr_line' id='line_1_6' title="bbox 240 517 1763 579; baseline -0.001 -16"><span class='ocrx_word' id='word_1_51' title='bbox 240 520 308 564; x_wconf 72' lang='grc' dir='ltr'><strong>ἐπ’</strong></span> <span class='ocrx_word' id='word_1_52' title='bbox 334 519 449 579; x_wconf 76' lang='grc' dir='ltr'><strong><em>ἄρτῳ</em></strong></span> <span class='ocrx_word' id='word_1_53' title='bbox 465 517 581 579; x_wconf 81' lang='grc' dir='ltr'><strong><em>μόνῳ</em></strong></span> <span class='ocrx_word' id='word_1_54' title='bbox 605 517 767 576; x_wconf 75' lang='grc' dir='ltr'><em>ζήσεται</em></span> <span class='ocrx_word' id='word_1_55' title='bbox 785 518 1060 577; x_wconf 78' lang='grc' dir='ltr'><strong><em>ἄνθριοπος”’</em></strong></span> <span class='ocrx_word' id='word_1_56' title='bbox 1097 520 1165 562; x_wconf 82' lang='grc' dir='ltr'><strong><em>καὶ</em></strong></span> <span class='ocrx_word' id='word_1_57' title='bbox 1188 520 1251 569; x_wconf 81' lang='grc' dir='ltr'><strong>δὶς</strong></span> <span class='ocrx_word' id='word_1_58' title='bbox 1271 520 1338 562; x_wconf 83' lang='grc' dir='ltr'><strong><em>καὶ</em></strong></span> <span class='ocrx_word' id='word_1_59' title='bbox 1359 520 1449 576; x_wconf 79' lang='grc' dir='ltr'><strong><em>τρὶς</em></strong></span> <span class='ocrx_word' id='word_1_60' title='bbox 1468 518 1516 562; x_wconf 82' lang='grc' dir='ltr'><strong><em>τὸ</em></strong></span> <span class='ocrx_word' id='word_1_61' title='bbox 1542 519 1763 576; x_wconf 75' lang='grc' dir='ltr'><strong><em>,,γε’γρα-5</em></strong></span> 
     </span>
     <span class='ocr_line' id='line_1_7' title="bbox 241 586 1729 647; baseline -0.001 -14"><span class='ocrx_word' id='word_1_62' title='bbox 241 589 371 633; x_wconf 86' lang='grc' dir='ltr'><strong><em>πται”</em></strong></span> <span class='ocrx_word' id='word_1_63' title='bbox 404 590 550 645; x_wconf 90' lang='grc' dir='ltr'><strong><em>τίθησι</em></strong></span> <span class='ocrx_word' id='word_1_64' title='bbox 578 589 684 647; x_wconf 82' lang='grc' dir='ltr'><strong><em>πρὸς</em></strong></span> <span class='ocrx_word' id='word_1_65' title='bbox 710 588 860 647; x_wconf 83' lang='grc' dir='ltr'><strong><em>ἀκριβῆ</em></strong></span> <span class='ocrx_word' id='word_1_66' title='bbox 889 589 1114 632; x_wconf 72' lang='grc' dir='ltr'><strong><em>νουθεσίαν</em></strong></span> <span class='ocrx_word' id='word_1_67' title='bbox 1140 586 1281 645; x_wconf 76' lang='grc' dir='ltr'><strong><em>ἡμῶν,</em></strong></span> <span class='ocrx_word' id='word_1_68' title='bbox 1317 595 1405 639; x_wconf 83' lang='grc' dir='ltr'><strong><em>τοῖς</em></strong></span> <span class='ocrx_word' id='word_1_69' title='bbox 1429 593 1514 633; x_wconf 86' lang='grc' dir='ltr'><strong>τῶν</strong></span> <span class='ocrx_word' id='word_1_70' title='bbox 1543 589 1729 646; x_wconf 86' lang='grc' dir='ltr'><strong><em>πατρίων</em></strong></span> 
     </span>
     <span class='ocr_line' id='line_1_8' title="bbox 242 656 1729 716; baseline -0.002 -13"><span class='ocrx_word' id='word_1_71' title='bbox 242 658 353 716; x_wconf 78' lang='grc' dir='ltr'><strong><em>ὅρων</em></strong></span> <span class='ocrx_word' id='word_1_72' title='bbox 364 657 532 702; x_wconf 85' lang='grc' dir='ltr'><strong><em>κανόσιν</em></strong></span> <span class='ocrx_word' id='word_1_73' title='bbox 550 659 726 703; x_wconf 69' lang='grc' dir='ltr'><strong><em>ἕπεσθαι</em></strong></span> <span class='ocrx_word' id='word_1_74' title='bbox 748 659 817 702; x_wconf 77' lang='grc' dir='ltr'><strong>διὰ</strong></span> <span class='ocrx_word' id='word_1_75' title='bbox 828 656 994 702; x_wconf 87' lang='grc' dir='ltr'><strong><em>πάντων</em></strong></span> <span class='ocrx_word' id='word_1_76' title='bbox 1015 657 1207 716; x_wconf 72' lang='grc' dir='ltr'><strong><em>ἄντικρυς</em></strong></span> <span class='ocrx_word' id='word_1_77' title='bbox 1226 658 1526 716; x_wconf 76' lang='grc' dir='ltr'><strong><em>παραγγέλλων.</em></strong></span> <span class='ocrx_word' id='word_1_78' title='bbox 1552 659 1621 701; x_wconf 83' lang='grc' dir='ltr'><strong><em>καὶ</em></strong></span> <span class='ocrx_word' id='word_1_79' title='bbox 1639 659 1729 715; x_wconf 83' lang='grc' dir='ltr'><strong><em>περὶ</em></strong></span> 
     </span>
     <span class='ocr_line' id='line_1_9' title="bbox 242 725 1730 788; baseline -0.002 -15"><span class='ocrx_word' id='word_1_80' title='bbox 242 733 318 773; x_wconf 80' lang='grc' dir='ltr'><strong>τοῦ</strong></span> <span class='ocrx_word' id='word_1_81' title='bbox 337 730 457 774; x_wconf 84' lang='grc' dir='ltr'><strong><em>θείου</em></strong></span> <span class='ocrx_word' id='word_1_82' title='bbox 479 729 524 772; x_wconf 75' lang='grc' dir='ltr'><strong>δὲ</strong></span> <span class='ocrx_word' id='word_1_83' title='bbox 549 726 885 786; x_wconf 75' lang='grc' dir='ltr'><strong><em>ἐπαγγειλάμενος</em></strong></span> <span class='ocrx_word' id='word_1_84' title='bbox 906 725 1140 784; x_wconf 78' lang='grc' dir='ltr'><strong><em>πνεύματος</em></strong></span> <span class='ocrx_word' id='word_1_85' title='bbox 1165 727 1340 782; x_wconf 55' lang='lat' dir='ltr'><strong>„emm</strong></span> <span class='ocrx_word' id='word_1_86' title='bbox 1371 727 1510 788; x_wconf 82' lang='grc' dir='ltr'><strong>(φησὶ)</strong></span> <span class='ocrx_word' id='word_1_87' title='bbox 1543 726 1564 771; x_wconf 85' lang='grc' dir='ltr'>ὅ</span> <span class='ocrx_word' id='word_1_88' title='bbox 1590 726 1730 785; x_wconf 84' lang='grc' dir='ltr'><strong><em>παρά-</em></strong></span> 
     </span>
     <span class='ocr_line' id='line_1_10' title="bbox 89 796 1727 857; baseline 0.001 -17"><span class='ocrx_word' id='word_1_89' title='bbox 89 805 131 840; x_wconf 90' lang='lat' dir='ltr'><strong>P.</strong></span> <span class='ocrx_word' id='word_1_90' title='bbox 150 803 221 842; x_wconf 83' lang='lat'><strong>577</strong></span> <span class='ocrx_word' id='word_1_91' title='bbox 242 803 394 855; x_wconf 79' lang='grc' dir='ltr'><strong><em>κλητος</em></strong></span> <span class='ocrx_word' id='word_1_92' title='bbox 421 798 500 857; x_wconf 70' lang='grc' dir='ltr'><strong>ἀφ’</strong></span> <span class='ocrx_word' id='word_1_93' title='bbox 534 796 684 842; x_wconf 67' lang='grc' dir='ltr'><strong><em>ἑαυτοῦ</em></strong></span> <span class='ocrx_word' id='word_1_94' title='bbox 707 797 875 855; x_wconf 77' lang='grc' dir='ltr'><strong><em>λαλήσει</em></strong></span> <span class='ocrx_word' id='word_1_95' title='bbox 899 798 1044 852; x_wconf 77' lang='grc' dir='ltr'><strong><em>οὐδὲν,</em></strong></span> <span class='ocrx_word' id='word_1_96' title='bbox 1082 797 1178 842; x_wconf 72' lang='grc' dir='ltr'><strong><em>ἀλλ’</em></strong></span> <span class='ocrx_word' id='word_1_97' title='bbox 1206 797 1285 842; x_wconf 81' lang='grc' dir='ltr'><strong><em>ὅσα</em></strong></span> <span class='ocrx_word' id='word_1_98' title='bbox 1318 796 1369 841; x_wconf 78' lang='grc' dir='ltr'><strong><em>ἂν</em></strong></span> <span class='ocrx_word' id='word_1_99' title='bbox 1399 796 1602 856; x_wconf 79' lang='grc' dir='ltr'><strong><em>ἄκούσῃ.”</em></strong></span> <span class='ocrx_word' id='word_1_100' title='bbox 1647 796 1727 842; x_wconf 74' lang='grc' dir='ltr'><strong><em>εἶτ’</em></strong></span> 
     </span>
     <span class='ocr_line' id='line_1_11' title="bbox 244 866 1788 926; baseline 0.001 -14"><span class='ocrx_word' id='word_1_101' title='bbox 244 869 384 913; x_wconf 72' lang='grc' dir='ltr'><strong><em>ἐλθὼν</em></strong></span> <span class='ocrx_word' id='word_1_102' title='bbox 414 866 437 912; x_wconf 82' lang='grc' dir='ltr'>ὅ</span> <span class='ocrx_word' id='word_1_103' title='bbox 463 873 579 919; x_wconf 83' lang='grc' dir='ltr'><strong><em>θεῖος</em></strong></span> <span class='ocrx_word' id='word_1_104' title='bbox 599 867 834 919; x_wconf 80' lang='grc' dir='ltr'><strong><em>ἀπόστολος</em></strong></span> <span class='ocrx_word' id='word_1_105' title='bbox 860 871 1036 919; x_wconf 77' lang='grc' dir='ltr'><strong><em>Παῦλος</em></strong></span> <span class='ocrx_word' id='word_1_106' title='bbox 1069 867 1184 925; x_wconf 50' lang='grc' dir='ltr'><strong>,ἐγὼ</strong></span> <span class='ocrx_word' id='word_1_107' title='bbox 1212 867 1434 925; x_wconf 75' lang='grc' dir='ltr'><strong>παρέδωκα</strong></span> <span class='ocrx_word' id='word_1_108' title='bbox 1471 866 1610 926; x_wconf 79' lang='grc' dir='ltr'><strong>(φησὶ)</strong></span> <span class='ocrx_word' id='word_1_109' title='bbox 1645 871 1730 911; x_wconf 83' lang='grc' dir='ltr'><strong>τῶν</strong></span> <span class='ocrx_word' id='word_1_110' title='bbox 1742 876 1788 913; x_wconf 82' lang='grc'><strong>10</strong></span> 
     </span>
     <span class='ocr_line' id='line_1_12' title="bbox 247 935 1731 996; baseline -0.001 -14"><span class='ocrx_word' id='word_1_111' title='bbox 247 939 358 995; x_wconf 77' lang='grc' dir='ltr'><strong><em>ἓμῶν</em></strong></span> <span class='ocrx_word' id='word_1_112' title='bbox 382 937 502 982; x_wconf 75' lang='grc' dir='ltr'><strong><em>οὐδὲν</em></strong></span> <span class='ocrx_word' id='word_1_113' title='bbox 528 936 649 993; x_wconf 71' lang='grc' dir='ltr'><strong><em>ὑμῖν,</em></strong></span> <span class='ocrx_word' id='word_1_114' title='bbox 689 939 886 996; x_wconf 78' lang='grc' dir='ltr'><strong><em>ἀδελφοὶ,</em></strong></span> <span class='ocrx_word' id='word_1_115' title='bbox 922 937 1017 981; x_wconf 75' lang='grc' dir='ltr'><strong><em>ἀλλ’</em></strong></span> <span class='ocrx_word' id='word_1_116' title='bbox 1046 935 1068 981; x_wconf 82' lang='grc' dir='ltr'>ὃ</span> <span class='ocrx_word' id='word_1_117' title='bbox 1091 939 1160 981; x_wconf 83' lang='grc' dir='ltr'><strong><em>καὶ</em></strong></span> <span class='ocrx_word' id='word_1_118' title='bbox 1181 937 1421 995; x_wconf 80' lang='grc' dir='ltr'><strong><em>παρέλαβον</em></strong></span> <span class='ocrx_word' id='word_1_119' title='bbox 1450 937 1530 981; x_wconf 79' lang='grc' dir='ltr'><strong>ἀπὸ</strong></span> <span class='ocrx_word' id='word_1_120' title='bbox 1557 941 1631 980; x_wconf 79' lang='grc' dir='ltr'><strong>τοῦ</strong></span> <span class='ocrx_word' id='word_1_121' title='bbox 1646 937 1731 993; x_wconf 67' lang='lat'>²1⁷7-</span> 
     </span>
     <span class='ocr_line' id='line_1_13' title="bbox 244 1005 1731 1067; baseline -0.002 -15"><span class='ocrx_word' id='word_1_122' title='bbox 244 1008 367 1052; x_wconf 70' lang='grc' dir='ltr'><strong><em>σο’ῖι’.”</em></strong></span> <span class='ocrx_word' id='word_1_123' title='bbox 403 1009 471 1051; x_wconf 84' lang='grc' dir='ltr'><strong><em>καὶ</em></strong></span> <span class='ocrx_word' id='word_1_124' title='bbox 491 1005 615 1051; x_wconf 89' lang='grc' dir='ltr'><strong><em>πάλιν</em></strong></span> <span class='ocrx_word' id='word_1_125' title='bbox 639 1009 836 1067; x_wconf 78' lang='grc' dir='ltr'><strong><em>Τιμοθέῳ</em></strong></span> <span class='ocrx_word' id='word_1_126' title='bbox 863 1006 1036 1066; x_wconf 85' lang='grc' dir='ltr'><strong><em>γράφων</em></strong></span> <span class='ocrx_word' id='word_1_127' title='bbox 1071 1007 1161 1061; x_wconf 62' lang='lat' dir='ltr'><strong>„ab</strong></span> <span class='ocrx_word' id='word_1_128' title='bbox 1194 1008 1240 1051; x_wconf 75' lang='grc' dir='ltr'><strong>δὲ</strong></span> <span class='ocrx_word' id='word_1_129' title='bbox 1267 1007 1360 1063; x_wconf 75' lang='grc' dir='ltr'><strong><em>μένε</em></strong></span> <span class='ocrx_word' id='word_1_130' title='bbox 1397 1006 1560 1067; x_wconf 79' lang='grc' dir='ltr'><strong><em>(φησὶν)</em></strong></span> <span class='ocrx_word' id='word_1_131' title='bbox 1597 1008 1640 1050; x_wconf 76' lang='grc' dir='ltr'><strong><em>ἐν</em></strong></span> <span class='ocrx_word' id='word_1_132' title='bbox 1669 1005 1731 1057; x_wconf 74' lang='grc' dir='ltr'><strong>οἷς</strong></span> 
     </span>
     <span class='ocr_line' id='line_1_14' title="bbox 244 1074 1730 1135; baseline -0.001 -13"><span class='ocrx_word' id='word_1_133' title='bbox 244 1076 404 1134; x_wconf 61' lang='grc' dir='ltr'><strong><em>ἒζιιαθες</em></strong></span> <span class='ocrx_word' id='word_1_134' title='bbox 424 1079 492 1120; x_wconf 84' lang='grc' dir='ltr'><strong><em>καὶ</em></strong></span> <span class='ocrx_word' id='word_1_135' title='bbox 510 1076 747 1134; x_wconf 77' lang='grc' dir='ltr'><strong><em>ἐπιστώθης</em></strong></span> <span class='ocrx_word' id='word_1_136' title='bbox 761 1092 770 1102; x_wconf 92' lang='grc'><em>·</em></span> <span class='ocrx_word' id='word_1_137' title='bbox 796 1078 872 1128; x_wconf 78' lang='grc' dir='ltr'><strong>τὰς</strong></span> <span class='ocrx_word' id='word_1_138' title='bbox 892 1079 937 1121; x_wconf 81' lang='grc' dir='ltr'><strong>δὲ</strong></span> <span class='ocrx_word' id='word_1_139' title='bbox 955 1074 1162 1133; x_wconf 78' lang='grc' dir='ltr'><strong><em>βεβήλους</em></strong></span> <span class='ocrx_word' id='word_1_140' title='bbox 1183 1079 1458 1135; x_wconf 77' lang='grc' dir='ltr'><strong><em>καινοφωνίας</em></strong></span> <span class='ocrx_word' id='word_1_141' title='bbox 1482 1077 1730 1135; x_wconf 84' lang='grc' dir='ltr'><strong><em>παραιτοῦ.”</em></strong></span> 
     </span>
     <span class='ocr_line' id='line_1_15' title="bbox 244 1145 1728 1207; baseline -0.001 -16"><span class='ocrx_word' id='word_1_142' title='bbox 244 1150 315 1191; x_wconf 83' lang='grc' dir='ltr'><strong><em>καὶ</em></strong></span> <span class='ocrx_word' id='word_1_143' title='bbox 333 1146 456 1190; x_wconf 88' lang='grc' dir='ltr'><strong><em>πάλιν</em></strong></span> <span class='ocrx_word' id='word_1_144' title='bbox 472 1161 482 1171; x_wconf 89' lang='grc'><strong>”</strong></span> <span class='ocrx_word' id='word_1_145' title='bbox 518 1148 597 1202; x_wconf 78' lang='grc' dir='ltr'><strong><em>,,εἴ</em></strong></span> <span class='ocrx_word' id='word_1_146' title='bbox 617 1165 680 1199; x_wconf 90' lang='grc' dir='ltr'><strong>τις</strong></span> <span class='ocrx_word' id='word_1_147' title='bbox 700 1146 799 1204; x_wconf 70' lang='grc' dir='ltr'><strong><em>ὑμῖν</em></strong></span> <span class='ocrx_word' id='word_1_148' title='bbox 822 1147 1113 1205; x_wconf 76' lang='grc' dir='ltr'><strong><em>εὐαγγελίζεται</em></strong></span> <span class='ocrx_word' id='word_1_149' title='bbox 1149 1148 1270 1207; x_wconf 82' lang='grc' dir='ltr'><strong><em>(φησὶ</em></strong></span> <span class='ocrx_word' id='word_1_150' title='bbox 1294 1146 1600 1203; x_wconf 82' lang='grc' dir='ltr'><strong><em>Κολοσσαεῦσι)</em></strong></span> <span class='ocrx_word' id='word_1_151' title='bbox 1624 1145 1728 1204; x_wconf 75' lang='grc' dir='ltr'><strong><em>παρ’</em></strong></span> 
     </span>
     <span class='ocr_line' id='line_1_16' title="bbox 246 1214 1789 1275; baseline -0.001 -14"><span class='ocrx_word' id='word_1_152' title='bbox 246 1216 269 1261; x_wconf 78' lang='grc' dir='ltr'>ὃ</span> <span class='ocrx_word' id='word_1_153' title='bbox 301 1215 578 1274; x_wconf 81' lang='grc' dir='ltr'><strong><em>παρελάβετε,</em></strong></span> <span class='ocrx_word' id='word_1_154' title='bbox 617 1215 813 1273; x_wconf 78' lang='grc' dir='ltr'><strong><em>ἀνάθεμα</em></strong></span> <span class='ocrx_word' id='word_1_155' title='bbox 844 1216 973 1271; x_wconf 69' lang='grc' dir='ltr'><strong><em>ἴστω,</em></strong></span> <span class='ocrx_word' id='word_1_156' title='bbox 1011 1218 1079 1260; x_wconf 82' lang='grc' dir='ltr'><strong><em>καὶ</em></strong></span> <span class='ocrx_word' id='word_1_157' title='bbox 1110 1214 1160 1259; x_wconf 74' lang='grc' dir='ltr'><strong><em>ἂν</em></strong></span> <span class='ocrx_word' id='word_1_158' title='bbox 1191 1217 1359 1273; x_wconf 78' lang='grc' dir='ltr'><strong><em>ἄγγελος</em></strong></span> <span class='ocrx_word' id='word_1_159' title='bbox 1389 1218 1432 1268; x_wconf 74' lang='grc' dir='ltr'><strong>ἐξ</strong></span> <span class='ocrx_word' id='word_1_160' title='bbox 1460 1217 1640 1275; x_wconf 78' lang='grc' dir='ltr'><strong><em>οὐρανοῦ</em></strong></span> <span class='ocrx_word' id='word_1_161' title='bbox 1668 1233 1731 1266; x_wconf 85' lang='grc' dir='ltr'><strong>τις</strong></span> <span class='ocrx_word' id='word_1_162' title='bbox 1744 1225 1789 1262; x_wconf 89' lang='grc'><strong>15</strong></span> 
     </span>
     <span class='ocr_line' id='line_1_17' title="bbox 204 1282 1731 1346; baseline -0.001 -15"><span class='ocrx_word' id='word_1_163' title='bbox 204 1282 288 1346; x_wconf 75' lang='grc' dir='ltr'><strong>Βῇ,</strong></span> <span class='ocrx_word' id='word_1_164' title='bbox 316 1285 393 1330; x_wconf 73' lang='grc' dir='ltr'><strong><em>κᾶν</em></strong></span> <span class='ocrx_word' id='word_1_165' title='bbox 414 1286 492 1344; x_wconf 76' lang='grc' dir='ltr'><strong>ἐγὼ</strong></span> <span class='ocrx_word' id='word_1_166' title='bbox 506 1287 726 1338; x_wconf 55' lang='grc' dir='ltr'><strong><em>Παῦλος-Ρ</em></strong></span> <span class='ocrx_word' id='word_1_167' title='bbox 759 1286 837 1345; x_wconf 83' lang='grc' dir='ltr'><strong><em>ὅρα</em></strong></span> <span class='ocrx_word' id='word_1_168' title='bbox 858 1284 1015 1344; x_wconf 83' lang='grc' dir='ltr'><strong><em>ὁπόσην</em></strong></span> <span class='ocrx_word' id='word_1_169' title='bbox 1034 1285 1112 1341; x_wconf 58' lang='lat' dir='ltr'><strong>{figet</strong></span> <span class='ocrx_word' id='word_1_170' title='bbox 1127 1285 1202 1343; x_wconf 83' lang='grc' dir='ltr'><strong>τὴν</strong></span> <span class='ocrx_word' id='word_1_171' title='bbox 1224 1286 1343 1342; x_wconf 75' lang='grc' dir='ltr'><strong><em>ἰσχὺν</em></strong></span> <span class='ocrx_word' id='word_1_172' title='bbox 1366 1286 1419 1330; x_wconf 80' lang='grc' dir='ltr'><strong><em>τὰ</em></strong></span> <span class='ocrx_word' id='word_1_173' title='bbox 1440 1291 1522 1330; x_wconf 83' lang='grc' dir='ltr'><strong>τῶν</strong></span> <span class='ocrx_word' id='word_1_174' title='bbox 1546 1286 1731 1344; x_wconf 84' lang='grc' dir='ltr'><strong><em>πατρίων</em></strong></span> 
     </span>
     <span class='ocr_line' id='line_1_18' title="bbox 247 1354 1735 1414; baseline -0.002 -14"><span class='ocrx_word' id='word_1_175' title='bbox 247 1354 433 1400; x_wconf 83' lang='grc' dir='ltr'><strong><em>κανόνων</em></strong></span> <span class='ocrx_word' id='word_1_176' title='bbox 459 1355 554 1414; x_wconf 85' lang='grc' dir='ltr'><strong><em>ὅρια</em></strong></span> <span class='ocrx_word' id='word_1_177' title='bbox 577 1359 645 1400; x_wconf 87' lang='grc' dir='ltr'><strong><em>καὶ</em></strong></span> <span class='ocrx_word' id='word_1_178' title='bbox 671 1355 782 1408; x_wconf 80' lang='grc' dir='ltr'><strong><em>ὅσοις</em></strong></span> <span class='ocrx_word' id='word_1_179' title='bbox 801 1359 882 1400; x_wconf 81' lang='grc' dir='ltr'><strong><em>τισὶ</em></strong></span> <span class='ocrx_word' id='word_1_180' title='bbox 911 1363 998 1408; x_wconf 79' lang='grc' dir='ltr'><strong><em>τοῖς</em></strong></span> <span class='ocrx_word' id='word_1_181' title='bbox 1027 1357 1236 1413; x_wconf 85' lang='grc' dir='ltr'><strong><em>κλείθροις</em></strong></span> <span class='ocrx_word' id='word_1_182' title='bbox 1257 1357 1324 1399; x_wconf 81' lang='grc' dir='ltr'><strong><em>καὶ</em></strong></span> <span class='ocrx_word' id='word_1_183' title='bbox 1342 1360 1513 1412; x_wconf 83' lang='grc' dir='ltr'><strong><em>μοχλοῖς</em></strong></span> <span class='ocrx_word' id='word_1_184' title='bbox 1543 1356 1642 1406; x_wconf 80' lang='grc' dir='ltr'><strong>τούς</strong></span> <span class='ocrx_word' id='word_1_185' title='bbox 1672 1355 1735 1398; x_wconf 77' lang='grc' dir='ltr'><strong><em>ἀεὶ</em></strong></span> 
     </span>
     <span class='ocr_line' id='line_1_19' title="bbox 247 1424 1734 1484; baseline -0.002 -15"><span class='ocrx_word' id='word_1_186' title='bbox 247 1424 470 1482; x_wconf 72' lang='grc' dir='ltr'><strong><em>διαδόχους</em></strong></span> <span class='ocrx_word' id='word_1_187' title='bbox 498 1426 802 1484; x_wconf 79' lang='grc' dir='ltr'><strong><em>ἀσφαλίζεσθαι</em></strong></span> <span class='ocrx_word' id='word_1_188' title='bbox 823 1427 1062 1483; x_wconf 71' lang='grc' dir='ltr'><strong><em>διαγέγονεν.</em></strong></span> <span class='ocrx_word' id='word_1_189' title='bbox 1102 1424 1177 1469; x_wconf 69' lang='grc' dir='ltr'><strong><em>εἶτ’</em></strong></span> <span class='ocrx_word' id='word_1_190' title='bbox 1203 1424 1400 1476; x_wconf 74' lang='grc' dir='ltr'><strong><em>ἐλθόντες</em></strong></span> <span class='ocrx_word' id='word_1_191' title='bbox 1426 1429 1501 1481; x_wconf 83' lang='grc' dir='ltr'><strong>τῆς</strong></span> <span class='ocrx_word' id='word_1_192' title='bbox 1526 1425 1734 1480; x_wconf 75' lang='grc' dir='ltr'><strong><em>εὐσεβείας</em></strong></span> 
     </span>
     <span class='ocr_line' id='line_1_20' title="bbox 247 1493 1732 1556; baseline -0.002 -16"><span class='ocrx_word' id='word_1_193' title='bbox 247 1496 435 1552; x_wconf 77' lang='grc' dir='ltr'><strong><em>ἀθληταὶ</em></strong></span> <span class='ocrx_word' id='word_1_194' title='bbox 469 1500 605 1547; x_wconf 84' lang='grc' dir='ltr'><strong><em>καλῶς</em></strong></span> <span class='ocrx_word' id='word_1_195' title='bbox 635 1498 699 1540; x_wconf 72' lang='grc' dir='ltr'><strong>ἐπὶ</strong></span> <span class='ocrx_word' id='word_1_196' title='bbox 725 1501 784 1556; x_wconf 74' lang='grc' dir='ltr'><strong><em>τῷ</em></strong></span> <span class='ocrx_word' id='word_1_197' title='bbox 814 1497 994 1555; x_wconf 80' lang='grc' dir='ltr'><strong><em>θεμελίῳ</em></strong></span> <span class='ocrx_word' id='word_1_198' title='bbox 1024 1499 1109 1538; x_wconf 83' lang='grc' dir='ltr'><strong>τῶν</strong></span> <span class='ocrx_word' id='word_1_199' title='bbox 1136 1493 1379 1539; x_wconf 81' lang='grc' dir='ltr'><strong><em>ἀποστόλων</em></strong></span> <span class='ocrx_word' id='word_1_200' title='bbox 1405 1496 1473 1538; x_wconf 81' lang='grc' dir='ltr'><strong><em>καὶ</em></strong></span> <span class='ocrx_word' id='word_1_201' title='bbox 1505 1498 1732 1552; x_wconf 80' lang='grc' dir='ltr'><strong><em>προφητῶν</em></strong></span> 
     </span>
     <span class='ocr_line' id='line_1_21' title="bbox 247 1563 1791 1626; baseline 0 -17"><span class='ocrx_word' id='word_1_202' title='bbox 247 1565 348 1616; x_wconf 73' lang='grc' dir='ltr'><strong><em>τοὺς</em></strong></span> <span class='ocrx_word' id='word_1_203' title='bbox 370 1563 530 1609; x_wconf 72' lang='grc' dir='ltr'><strong><em>ἑαυτῶν</em></strong></span> <span class='ocrx_word' id='word_1_204' title='bbox 550 1565 823 1626; x_wconf 76' lang='grc' dir='ltr'><strong><em>ᾠκοδόμησαν</em></strong></span> <span class='ocrx_word' id='word_1_205' title='bbox 842 1565 1004 1623; x_wconf 80' lang='grc' dir='ltr'><strong><em>ἀγῶνας</em></strong></span> <span class='ocrx_word' id='word_1_206' title='bbox 1025 1567 1094 1608; x_wconf 78' lang='grc' dir='ltr'><strong><em>καὶ</em></strong></span> <span class='ocrx_word' id='word_1_207' title='bbox 1115 1565 1167 1608; x_wconf 80' lang='grc' dir='ltr'><strong><em>τὰ</em></strong></span> <span class='ocrx_word' id='word_1_208' title='bbox 1186 1564 1423 1623; x_wconf 78' lang='grc' dir='ltr'><strong><em>μαρτυρικοὶ</em></strong></span> <span class='ocrx_word' id='word_1_209' title='bbox 1444 1566 1730 1620; x_wconf 86' lang='grc' dir='ltr'><strong><em>παλαίσματα.</em></strong></span> <span class='ocrx_word' id='word_1_210' title='bbox 1744 1573 1791 1609; x_wconf 74' lang='lat'><strong>20</strong></span> 
     </span>
     <span class='ocr_line' id='line_1_22' title="bbox 249 1632 1736 1693; baseline -0.003 -13"><span class='ocrx_word' id='word_1_211' title='bbox 249 1635 312 1680; x_wconf 73' lang='grc' dir='ltr'><strong>Σὺ</strong></span> <span class='ocrx_word' id='word_1_212' title='bbox 339 1635 383 1678; x_wconf 72' lang='grc' dir='ltr'><strong>δ’</strong></span> <span class='ocrx_word' id='word_1_213' title='bbox 403 1637 438 1679; x_wconf 79' lang='grc' dir='ltr'><strong><em>εἴ</em></strong></span> <span class='ocrx_word' id='word_1_214' title='bbox 455 1635 514 1692; x_wconf 88' lang='grc' dir='ltr'><strong><em>μὴ</em></strong></span> <span class='ocrx_word' id='word_1_215' title='bbox 542 1637 609 1681; x_wconf 82' lang='grc' dir='ltr'><strong><em>καὶ</em></strong></span> <span class='ocrx_word' id='word_1_216' title='bbox 637 1636 713 1693; x_wconf 82' lang='grc' dir='ltr'><strong>τὴν</strong></span> <span class='ocrx_word' id='word_1_217' title='bbox 734 1640 817 1680; x_wconf 83' lang='grc' dir='ltr'><strong>τῶν</strong></span> <span class='ocrx_word' id='word_1_218' title='bbox 835 1633 1019 1679; x_wconf 87' lang='grc' dir='ltr'><strong><em>κανόνων</em></strong></span> <span class='ocrx_word' id='word_1_219' title='bbox 1043 1632 1274 1686; x_wconf 82' lang='grc' dir='ltr'><strong><em>δουλώσαις</em></strong></span> <span class='ocrx_word' id='word_1_220' title='bbox 1302 1635 1544 1693; x_wconf 73' lang='grc' dir='ltr'><strong><em>ἐλευθερίαν</em></strong></span> <span class='ocrx_word' id='word_1_221' title='bbox 1556 1667 1569 1688; x_wconf 87' lang='grc'>,</span> <span class='ocrx_word' id='word_1_222' title='bbox 1607 1632 1736 1689; x_wconf 88' lang='grc' dir='ltr'><strong><em>νόμος</em></strong></span> 
     </span>
     <span class='ocr_line' id='line_1_23' title="bbox 211 1701 1735 1764; baseline -0.002 -15"><span class='ocrx_word' id='word_1_223' title='bbox 211 1704 395 1756; x_wconf 77' lang='grc' dir='ltr'><strong><em>Οαῦτοΐς</em></strong></span> <span class='ocrx_word' id='word_1_224' title='bbox 412 1706 575 1756; x_wconf 70' lang='grc' dir='ltr'><strong><em>ἐκείνοις</em></strong></span> <span class='ocrx_word' id='word_1_225' title='bbox 599 1704 809 1764; x_wconf 85' lang='grc' dir='ltr'><strong><em>γινόμενος</em></strong></span> <span class='ocrx_word' id='word_1_226' title='bbox 820 1739 835 1760; x_wconf 84' lang='grc'><strong><em>,</em></strong></span> <span class='ocrx_word' id='word_1_227' title='bbox 873 1705 1094 1764; x_wconf 79' lang='grc' dir='ltr'><strong><em>ἀνίσχυρον</em></strong></span> <span class='ocrx_word' id='word_1_228' title='bbox 1119 1707 1339 1749; x_wconf 86' lang='grc' dir='ltr'><strong><em>λείπεσθαί</em></strong></span> <span class='ocrx_word' id='word_1_229' title='bbox 1359 1722 1425 1748; x_wconf 94' lang='grc' dir='ltr'><strong><em>σοι</em></strong></span> <span class='ocrx_word' id='word_1_230' title='bbox 1456 1701 1628 1762; x_wconf 85' lang='grc' dir='ltr'><strong><em>φάσκεις</em></strong></span> <span class='ocrx_word' id='word_1_231' title='bbox 1658 1703 1735 1759; x_wconf 84' lang='grc' dir='ltr'><strong>τὴν</strong></span> 
     </span>
     <span class='ocr_line' id='line_1_24' title="bbox 248 1773 1735 1835; baseline -0.001 -17"><span class='ocrx_word' id='word_1_232' title='bbox 248 1776 477 1831; x_wconf 85' lang='grc' dir='ltr'><strong><em>βασιλείαν,</em></strong></span> <span class='ocrx_word' id='word_1_233' title='bbox 501 1778 568 1819; x_wconf 82' lang='grc' dir='ltr'><strong><em>καὶ</em></strong></span> <span class='ocrx_word' id='word_1_234' title='bbox 589 1777 719 1834; x_wconf 76' lang='grc' dir='ltr'><strong><em>μηδὲν</em></strong></span> <span class='ocrx_word' id='word_1_235' title='bbox 738 1777 883 1822; x_wconf 75' lang='grc' dir='ltr'><strong><em>ἐνεῖναι</em></strong></span> <span class='ocrx_word' id='word_1_236' title='bbox 903 1774 1037 1835; x_wconf 82' lang='grc' dir='ltr'><strong><em>ταύτῃ</em></strong></span> <span class='ocrx_word' id='word_1_237' title='bbox 1068 1774 1228 1832; x_wconf 86' lang='grc' dir='ltr'><strong><em>σεμνόν.</em></strong></span> <span class='ocrx_word' id='word_1_238' title='bbox 1278 1777 1313 1819; x_wconf 83' lang='grc' dir='ltr'><strong><em>εἷ</em></strong></span> <span class='ocrx_word' id='word_1_239' title='bbox 1343 1774 1422 1834; x_wconf 80' lang='grc' dir='ltr'><strong>γὰρ</strong></span> <span class='ocrx_word' id='word_1_240' title='bbox 1447 1773 1552 1833; x_wconf 84' lang='grc' dir='ltr'><strong><em>ἅπερ</em></strong></span> <span class='ocrx_word' id='word_1_241' title='bbox 1575 1773 1735 1830; x_wconf 78' lang='grc' dir='ltr'><strong><em>ἄλληλα</em></strong></span> 
     </span>
    </p>
   </div>
   <div class='ocr_carea' id='block_1_3' title="bbox 343 1873 751 1912">
    <p class='ocr_par' dir='ltr' id='par_1_4' title="bbox 343 1873 751 1912">
     <span class='ocr_line' id='line_1_25' title="bbox 343 1873 751 1912; baseline 0.002 -2"><span class='ocrx_word' id='word_1_242' title='bbox 343 1874 402 1912; x_wconf 74' lang='lat'><strong>23.</strong></span> <span class='ocrx_word' id='word_1_243' title='bbox 424 1874 460 1911; x_wconf 84' lang='grc' dir='ltr'><strong><em>εἰ</em></strong></span> <span class='ocrx_word' id='word_1_244' title='bbox 479 1873 521 1911; x_wconf 81' lang='grc' dir='ltr'><strong>δὲ</strong></span> <span class='ocrx_word' id='word_1_245' title='bbox 540 1875 629 1911; x_wconf 88' lang='lat' dir='ltr'><strong>coni.</strong></span> <span class='ocrx_word' id='word_1_246' title='bbox 649 1874 751 1911; x_wconf 88' lang='lat' dir='ltr'><strong>Boiv.</strong></span> 
     </span>
    </p>
   </div>
   <div class='ocr_carea' id='block_1_4' title="bbox 251 1951 1740 2840">
    <p class='ocr_par' dir='ltr' id='par_1_5' title="bbox 251 1951 1740 2840">
     <span class='ocr_line' id='line_1_26' title="bbox 251 1951 1736 2002; baseline -0.003 -12"><span class='ocrx_word' id='word_1_247' title='bbox 251 1954 300 1990; x_wconf 79' lang='lat' dir='ltr'><strong>tis</strong></span> <span class='ocrx_word' id='word_1_248' title='bbox 331 1954 627 2001; x_wconf 72' lang='lat' dir='ltr'><strong>interpretabatur</strong></span> <span class='ocrx_word' id='word_1_249' title='bbox 651 1956 721 1991; x_wconf 87' lang='lat' dir='ltr'><strong>illis</strong></span> <span class='ocrx_word' id='word_1_250' title='bbox 757 1967 845 2002; x_wconf 90' lang='lat' dir='ltr'><strong>quae</strong></span> <span class='ocrx_word' id='word_1_251' title='bbox 870 1953 919 1990; x_wconf 51' lang='lat' dir='ltr'><strong>¹de</strong></span> <span class='ocrx_word' id='word_1_252' title='bbox 945 1955 1022 2001; x_wconf 90' lang='lat' dir='ltr'><strong>ipso</strong></span> <span class='ocrx_word' id='word_1_253' title='bbox 1046 1956 1155 1990; x_wconf 85' lang='lat' dir='ltr'><strong>erant.</strong></span> <span class='ocrx_word' id='word_1_254' title='bbox 1212 1953 1346 1989; x_wconf 85' lang='lat' dir='ltr'>Rursus</span> <span class='ocrx_word' id='word_1_255' title='bbox 1375 1951 1534 1994; x_wconf 81' lang='lat' dir='ltr'><strong>diabolo,</strong></span> <span class='ocrx_word' id='word_1_256' title='bbox 1558 1963 1667 1998; x_wconf 82' lang='lat' dir='ltr'><strong>panes</strong></span> <span class='ocrx_word' id='word_1_257' title='bbox 1691 1962 1736 1986; x_wconf 86' lang='lat' dir='ltr'><strong>ex</strong></span> 
     </span>
     <span class='ocr_line' id='line_1_27' title="bbox 251 1999 1736 2047; baseline -0.002 -12"><span class='ocrx_word' id='word_1_258' title='bbox 251 2001 426 2047; x_wconf 77' lang='lat' dir='ltr'>lapidibus</span> <span class='ocrx_word' id='word_1_259' title='bbox 445 2002 563 2036; x_wconf 80' lang='lat' dir='ltr'><strong>facere</strong></span> <span class='ocrx_word' id='word_1_260' title='bbox 582 2002 734 2045; x_wconf 87' lang='lat' dir='ltr'><strong>iubenti,</strong></span> <span class='ocrx_word' id='word_1_261' title='bbox 759 2008 795 2037; x_wconf 87' lang='lat' dir='ltr'><strong>et</strong></span> <span class='ocrx_word' id='word_1_262' title='bbox 816 2002 910 2037; x_wconf 86' lang='lat' dir='ltr'><strong>orbis</strong></span> <span class='ocrx_word' id='word_1_263' title='bbox 931 2007 1046 2036; x_wconf 84' lang='lat' dir='ltr'><strong>terrae</strong></span> <span class='ocrx_word' id='word_1_264' title='bbox 1063 2013 1171 2047; x_wconf 85' lang='lat' dir='ltr'><strong>regna</strong></span> <span class='ocrx_word' id='word_1_265' title='bbox 1191 2001 1349 2035; x_wconf 82' lang='lat' dir='ltr'><strong>daturum</strong></span> <span class='ocrx_word' id='word_1_266' title='bbox 1379 2012 1417 2035; x_wconf 87' lang='lat' dir='ltr'><strong>se</strong></span> <span class='ocrx_word' id='word_1_267' title='bbox 1441 1999 1642 2046; x_wconf 85' lang='lat' dir='ltr'><strong>pollicenti,</strong></span> <span class='ocrx_word' id='word_1_268' title='bbox 1667 2010 1736 2033; x_wconf 87' lang='lat' dir='ltr'><strong>non</strong></span> 
     </span>
     <span class='ocr_line' id='line_1_28' title="bbox 251 2045 1736 2093; baseline -0.003 -11"><span class='ocrx_word' id='word_1_269' title='bbox 251 2047 340 2082; x_wconf 84' lang='lat' dir='ltr'><strong>(licit</strong></span> <span class='ocrx_word' id='word_1_270' title='bbox 366 2047 483 2090; x_wconf 88' lang='lat' dir='ltr'><strong>Deus,</strong></span> <span class='ocrx_word' id='word_1_271' title='bbox 511 2049 626 2090; x_wconf 84' lang='lat' dir='ltr'><strong>„vade</strong></span> <span class='ocrx_word' id='word_1_272' title='bbox 649 2055 765 2090; x_wconf 86' lang='lat' dir='ltr'><strong>retro,</strong></span> <span class='ocrx_word' id='word_1_273' title='bbox 791 2048 974 2092; x_wconf 74' lang='lat' dir='ltr'><strong>Satana⁷’;</strong></span> <span class='ocrx_word' id='word_1_274' title='bbox 997 2049 1060 2083; x_wconf 89' lang='lat' dir='ltr'><strong>sed</strong></span> <span class='ocrx_word' id='word_1_275' title='bbox 1078 2049 1222 2083; x_wconf 86' lang='lat' dir='ltr'><strong>Patrum</strong></span> <span class='ocrx_word' id='word_1_276' title='bbox 1251 2047 1346 2082; x_wconf 87' lang='lat' dir='ltr'><strong>dicta</strong></span> <span class='ocrx_word' id='word_1_277' title='bbox 1371 2046 1536 2093; x_wconf 88' lang='lat' dir='ltr'><strong>opponit,</strong></span> <span class='ocrx_word' id='word_1_278' title='bbox 1564 2050 1601 2079; x_wconf 87' lang='lat' dir='ltr'><strong>et</strong></span> <span class='ocrx_word' id='word_1_279' title='bbox 1621 2045 1736 2088; x_wconf 85' lang='lat' dir='ltr'><strong>„scri-</strong></span> 
     </span>
     <span class='ocr_line' id='line_1_29' title="bbox 251 2091 1735 2142; baseline -0.003 -13"><span class='ocrx_word' id='word_1_280' title='bbox 251 2099 348 2142; x_wconf 83' lang='lat' dir='ltr'><strong>ptum</strong></span> <span class='ocrx_word' id='word_1_281' title='bbox 367 2093 463 2137; x_wconf 88' lang='lat' dir='ltr'><strong>est”‚</strong></span> <span class='ocrx_word' id='word_1_282' title='bbox 488 2095 557 2137; x_wconf 86' lang='lat' dir='ltr'><strong>ait,</strong></span> <span class='ocrx_word' id='word_1_283' title='bbox 590 2096 700 2141; x_wconf 86' lang='lat' dir='ltr'><strong>„quia</strong></span> <span class='ocrx_word' id='word_1_284' title='bbox 730 2095 852 2131; x_wconf 83' lang='lat' dir='ltr'><strong>nonin</strong></span> <span class='ocrx_word' id='word_1_285' title='bbox 873 2095 945 2130; x_wconf 92' lang='lat' dir='ltr'><strong>solo</strong></span> <span class='ocrx_word' id='word_1_286' title='bbox 966 2108 1054 2142; x_wconf 86' lang='lat' dir='ltr'><strong>pane</strong></span> <span class='ocrx_word' id='word_1_287' title='bbox 1074 2095 1170 2130; x_wconf 86' lang='lat' dir='ltr'><strong>vivet</strong></span> <span class='ocrx_word' id='word_1_288' title='bbox 1195 2095 1292 2128; x_wconf 89' lang='lat' dir='ltr'><strong>homo</strong></span> <span class='ocrx_word' id='word_1_289' title='bbox 1305 2094 1345 2136; x_wconf 81' lang='lat'><strong>”3</strong></span> <span class='ocrx_word' id='word_1_290' title='bbox 1380 2100 1484 2140; x_wconf 85' lang='lat' dir='ltr'><strong>atque</strong></span> <span class='ocrx_word' id='word_1_291' title='bbox 1509 2092 1621 2138; x_wconf 90' lang='lat' dir='ltr'><strong>ipsum</strong></span> <span class='ocrx_word' id='word_1_292' title='bbox 1651 2091 1735 2137; x_wconf 82' lang='lat' dir='ltr'><strong>illud</strong></span> 
     </span>
     <span class='ocr_line' id='line_1_30' title="bbox 251 2137 1737 2188; baseline -0.003 -13"><span class='ocrx_word' id='word_1_293' title='bbox 251 2141 447 2186; x_wconf 83' lang='lat' dir='ltr'><strong>„scriptum</strong></span> <span class='ocrx_word' id='word_1_294' title='bbox 469 2141 553 2175; x_wconf 86' lang='lat' dir='ltr'><strong>est&#39;’</strong></span> <span class='ocrx_word' id='word_1_295' title='bbox 577 2142 630 2176; x_wconf 91' lang='lat' dir='ltr'><strong>bis</strong></span> <span class='ocrx_word' id='word_1_296' title='bbox 664 2148 785 2188; x_wconf 87' lang='lat' dir='ltr'><strong>terque</strong></span> <span class='ocrx_word' id='word_1_297' title='bbox 804 2147 966 2188; x_wconf 86' lang='lat' dir='ltr'><strong>usurpat,</strong></span> <span class='ocrx_word' id='word_1_298' title='bbox 991 2147 1030 2176; x_wconf 90' lang='lat' dir='ltr'><strong>ut</strong></span> <span class='ocrx_word' id='word_1_299' title='bbox 1052 2154 1113 2176; x_wconf 90' lang='lat' dir='ltr'><strong>nos</strong></span> <span class='ocrx_word' id='word_1_300' title='bbox 1142 2142 1299 2187; x_wconf 75' lang='lat' dir='ltr'><strong>perfecte</strong></span> <span class='ocrx_word' id='word_1_301' title='bbox 1322 2141 1540 2182; x_wconf 85' lang='lat' dir='ltr'>erudiamur,</span> <span class='ocrx_word' id='word_1_302' title='bbox 1565 2150 1651 2185; x_wconf 86' lang='lat' dir='ltr'><strong>quos</strong></span> <span class='ocrx_word' id='word_1_303' title='bbox 1677 2137 1737 2172; x_wconf 87' lang='lat' dir='ltr'><strong>ille</strong></span> 
     </span>
     <span class='ocr_line' id='line_1_31' title="bbox 251 2184 1736 2235; baseline -0.004 -12"><span class='ocrx_word' id='word_1_304' title='bbox 251 2188 396 2223; x_wconf 84' lang='lat' dir='ltr'><strong>Patrum</strong></span> <span class='ocrx_word' id='word_1_305' title='bbox 420 2187 678 2223; x_wconf 82' lang='lat' dir='ltr'><strong>definitionibus</strong></span> <span class='ocrx_word' id='word_1_306' title='bbox 708 2195 744 2223; x_wconf 91' lang='lat' dir='ltr'><strong>et</strong></span> <span class='ocrx_word' id='word_1_307' title='bbox 765 2188 895 2234; x_wconf 85' lang='lat' dir='ltr'><strong>regulis</strong></span> <span class='ocrx_word' id='word_1_308' title='bbox 922 2201 983 2235; x_wconf 89' lang='lat' dir='ltr'><strong>per</strong></span> <span class='ocrx_word' id='word_1_309' title='bbox 1003 2189 1116 2223; x_wconf 87' lang='lat' dir='ltr'><strong>omnia</strong></span> <span class='ocrx_word' id='word_1_310' title='bbox 1138 2187 1282 2233; x_wconf 87' lang='lat' dir='ltr'><strong>obsequi</strong></span> <span class='ocrx_word' id='word_1_311' title='bbox 1303 2192 1426 2232; x_wconf 83' lang='lat' dir='ltr'><strong>aperte</strong></span> <span class='ocrx_word' id='word_1_312' title='bbox 1446 2186 1552 2221; x_wconf 83' lang='lat' dir='ltr'><strong>iubet.</strong></span> <span class='ocrx_word' id='word_1_313' title='bbox 1601 2184 1672 2218; x_wconf 89' lang='lat' dir='ltr'><strong>Sed</strong></span> <span class='ocrx_word' id='word_1_314' title='bbox 1700 2187 1736 2218; x_wconf 83' lang='lat' dir='ltr'><strong>et</strong></span> 
     </span>
     <span class='ocr_line' id='line_1_32' title="bbox 253 2230 1736 2282; baseline -0.003 -13"><span class='ocrx_word' id='word_1_315' title='bbox 253 2235 299 2269; x_wconf 89' lang='lat' dir='ltr'><strong>de</strong></span> <span class='ocrx_word' id='word_1_316' title='bbox 322 2234 450 2280; x_wconf 85' lang='lat' dir='ltr'><strong>spiritu</strong></span> <span class='ocrx_word' id='word_1_317' title='bbox 467 2240 586 2269; x_wconf 87' lang='lat' dir='ltr'><strong>sancto</strong></span> <span class='ocrx_word' id='word_1_318' title='bbox 608 2235 809 2280; x_wconf 84' lang='lat' dir='ltr'><strong>promittens</strong></span> <span class='ocrx_word' id='word_1_319' title='bbox 833 2247 937 2278; x_wconf 87' lang='lat' dir='ltr'><strong>„cum</strong></span> <span class='ocrx_word' id='word_1_320' title='bbox 948 2236 982 2278; x_wconf 88' lang='lat'><strong>‚&#39;&#39;</strong></span> <span class='ocrx_word' id='word_1_321' title='bbox 1005 2236 1140 2282; x_wconf 88' lang='lat' dir='ltr'><strong>inquit,</strong></span> <span class='ocrx_word' id='word_1_322' title='bbox 1166 2234 1397 2278; x_wconf 81' lang='lat' dir='ltr'><strong>„Paracletus</strong></span> <span class='ocrx_word' id='word_1_323' title='bbox 1417 2232 1575 2274; x_wconf 81' lang='lat' dir='ltr'><strong>venerit,</strong></span> <span class='ocrx_word' id='word_1_324' title='bbox 1598 2243 1665 2266; x_wconf 88' lang='lat' dir='ltr'><strong>non</strong></span> <span class='ocrx_word' id='word_1_325' title='bbox 1685 2230 1736 2264; x_wconf 91' lang='lat' dir='ltr'><strong>lo-</strong></span> 
     </span>
     <span class='ocr_line' id='line_1_33' title="bbox 254 2278 1738 2328; baseline -0.003 -12"><span class='ocrx_word' id='word_1_326' title='bbox 254 2286 382 2326; x_wconf 84' lang='lat' dir='ltr'><strong>quetur</strong></span> <span class='ocrx_word' id='word_1_327' title='bbox 401 2292 423 2315; x_wconf 81' lang='lat' dir='ltr'><strong>a</strong></span> <span class='ocrx_word' id='word_1_328' title='bbox 444 2285 552 2315; x_wconf 87' lang='lat' dir='ltr'><strong>semet</strong></span> <span class='ocrx_word' id='word_1_329' title='bbox 571 2280 662 2326; x_wconf 89' lang='lat' dir='ltr'><strong>ipso,</strong></span> <span class='ocrx_word' id='word_1_330' title='bbox 686 2282 749 2328; x_wconf 71' lang='lat' dir='ltr'><strong>sed</strong></span> <span class='ocrx_word' id='word_1_331' title='bbox 769 2293 997 2328; x_wconf 84' lang='lat' dir='ltr'><strong>quaecunque</strong></span> <span class='ocrx_word' id='word_1_332' title='bbox 1016 2283 1165 2318; x_wconf 80' lang='lat' dir='ltr'><strong>audierit</strong></span> <span class='ocrx_word' id='word_1_333' title='bbox 1181 2280 1375 2327; x_wconf 85' lang='lat' dir='ltr'><strong>loquetur.&#39;’</strong></span> <span class='ocrx_word' id='word_1_334' title='bbox 1423 2280 1560 2314; x_wconf 82' lang='lat' dir='ltr'><strong>Deinde</strong></span> <span class='ocrx_word' id='word_1_335' title='bbox 1580 2278 1623 2314; x_wconf 92' lang='lat' dir='ltr'><strong>D.</strong></span> <span class='ocrx_word' id='word_1_336' title='bbox 1642 2278 1738 2311; x_wconf 85' lang='lat' dir='ltr'><strong>Pau-</strong></span> 
     </span>
     <span class='ocr_line' id='line_1_34' title="bbox 255 2325 1737 2375; baseline -0.004 -12"><span class='ocrx_word' id='word_1_337' title='bbox 255 2326 310 2363; x_wconf 85' lang='lat' dir='ltr'><strong>lus</strong></span> <span class='ocrx_word' id='word_1_338' title='bbox 339 2328 523 2374; x_wconf 81' lang='lat' dir='ltr'><strong>Apostolus</strong></span> <span class='ocrx_word' id='word_1_339' title='bbox 550 2328 694 2363; x_wconf 81' lang='lat' dir='ltr'><strong>veniens</strong></span> <span class='ocrx_word' id='word_1_340' title='bbox 719 2340 809 2374; x_wconf 86' lang='lat' dir='ltr'><strong>„ego</strong></span> <span class='ocrx_word' id='word_1_341' title='bbox 822 2328 855 2371; x_wconf 88' lang='lat'><strong>‚”</strong></span> <span class='ocrx_word' id='word_1_342' title='bbox 877 2329 1009 2375; x_wconf 88' lang='lat' dir='ltr'><strong>inquit,</strong></span> <span class='ocrx_word' id='word_1_343' title='bbox 1033 2340 1168 2372; x_wconf 87' lang='lat' dir='ltr'><strong>„meum</strong></span> <span class='ocrx_word' id='word_1_344' title='bbox 1196 2327 1280 2361; x_wconf 84' lang='lat' dir='ltr'><strong>nihil</strong></span> <span class='ocrx_word' id='word_1_345' title='bbox 1301 2326 1398 2362; x_wconf 86' lang='lat' dir='ltr'><strong>vobis</strong></span> <span class='ocrx_word' id='word_1_346' title='bbox 1420 2325 1570 2366; x_wconf 84' lang='lat' dir='ltr'><strong>tradidi,</strong></span> <span class='ocrx_word' id='word_1_347' title='bbox 1595 2325 1737 2364; x_wconf 87' lang='lat' dir='ltr'><strong>fratres,</strong></span> 
     </span>
     <span class='ocr_line' id='line_1_35' title="bbox 256 2368 1736 2421; baseline -0.004 -11"><span class='ocrx_word' id='word_1_348' title='bbox 256 2375 321 2410; x_wconf 79' lang='lat' dir='ltr'><strong>sed</strong></span> <span class='ocrx_word' id='word_1_349' title='bbox 343 2374 437 2420; x_wconf 90' lang='lat' dir='ltr'><strong>quod</strong></span> <span class='ocrx_word' id='word_1_350' title='bbox 454 2379 491 2409; x_wconf 87' lang='lat' dir='ltr'><strong>et</strong></span> <span class='ocrx_word' id='word_1_351' title='bbox 513 2374 635 2421; x_wconf 86' lang='lat' dir='ltr'><strong>accepi</strong></span> <span class='ocrx_word' id='word_1_352' title='bbox 654 2386 675 2409; x_wconf 77' lang='lat' dir='ltr'><strong>a</strong></span> <span class='ocrx_word' id='word_1_353' title='bbox 699 2375 811 2410; x_wconf 90' lang='lat' dir='ltr'><strong>Iesu.”</strong></span> <span class='ocrx_word' id='word_1_354' title='bbox 857 2376 992 2410; x_wconf 82' lang='lat' dir='ltr'>Rursus</span> <span class='ocrx_word' id='word_1_355' title='bbox 1010 2377 1056 2411; x_wconf 89' lang='lat' dir='ltr'><strong>ad</strong></span> <span class='ocrx_word' id='word_1_356' title='bbox 1082 2376 1301 2411; x_wconf 83' lang='lat' dir='ltr'><strong>Timotheum</strong></span> <span class='ocrx_word' id='word_1_357' title='bbox 1328 2373 1503 2414; x_wconf 88' lang='lat' dir='ltr'><strong>scribens,</strong></span> <span class='ocrx_word' id='word_1_358' title='bbox 1527 2377 1590 2413; x_wconf 82' lang='lat' dir='ltr'><strong>„tu</strong></span> <span class='ocrx_word' id='word_1_359' title='bbox 1617 2368 1736 2412; x_wconf 84' lang='lat' dir='ltr'><strong>vero‚&#39;’</strong></span> 
     </span>
     <span class='ocr_line' id='line_1_36' title="bbox 255 2419 1739 2468; baseline -0.003 -12"><span class='ocrx_word' id='word_1_360' title='bbox 255 2421 390 2468; x_wconf 84' lang='lat' dir='ltr'><strong>inquit,</strong></span> <span class='ocrx_word' id='word_1_361' title='bbox 415 2432 603 2467; x_wconf 84' lang='lat' dir='ltr'><strong>„permane</strong></span> <span class='ocrx_word' id='word_1_362' title='bbox 622 2421 658 2456; x_wconf 90' lang='lat' dir='ltr'><strong>in</strong></span> <span class='ocrx_word' id='word_1_363' title='bbox 681 2421 746 2463; x_wconf 81' lang='lat' dir='ltr'><strong>iis,</strong></span> <span class='ocrx_word' id='word_1_364' title='bbox 765 2433 855 2467; x_wconf 87' lang='lat' dir='ltr'><strong>quae</strong></span> <span class='ocrx_word' id='word_1_365' title='bbox 881 2422 1037 2457; x_wconf 85' lang='lat' dir='ltr'><strong>didicisti</strong></span> <span class='ocrx_word' id='word_1_366' title='bbox 1060 2427 1096 2457; x_wconf 90' lang='lat' dir='ltr'><strong>et</strong></span> <span class='ocrx_word' id='word_1_367' title='bbox 1120 2421 1252 2456; x_wconf 84' lang='lat' dir='ltr'><strong>credita</strong></span> <span class='ocrx_word' id='word_1_368' title='bbox 1274 2424 1354 2454; x_wconf 87' lang='lat' dir='ltr'><strong>sunt</strong></span> <span class='ocrx_word' id='word_1_369' title='bbox 1377 2419 1462 2454; x_wconf 85' lang='lat' dir='ltr'><strong>tibi:</strong></span> <span class='ocrx_word' id='word_1_370' title='bbox 1487 2419 1650 2465; x_wconf 87' lang='lat' dir='ltr'><strong>profanas</strong></span> <span class='ocrx_word' id='word_1_371' title='bbox 1675 2428 1739 2451; x_wconf 88' lang='lat' dir='ltr'><strong>au-</strong></span> 
     </span>
     <span class='ocr_line' id='line_1_37' title="bbox 257 2462 1738 2513; baseline -0.004 -10"><span class='ocrx_word' id='word_1_372' title='bbox 257 2473 327 2503; x_wconf 88' lang='lat' dir='ltr'><strong>tem</strong></span> <span class='ocrx_word' id='word_1_373' title='bbox 358 2479 480 2503; x_wconf 84' lang='lat' dir='ltr'><strong>vocum</strong></span> <span class='ocrx_word' id='word_1_374' title='bbox 505 2467 675 2503; x_wconf 84' lang='lat' dir='ltr'><strong>novitates</strong></span> <span class='ocrx_word' id='word_1_375' title='bbox 702 2468 854 2503; x_wconf 86' lang='lat' dir='ltr'><strong>devita.”</strong></span> <span class='ocrx_word' id='word_1_376' title='bbox 909 2470 1066 2512; x_wconf 80' lang='lat' dir='ltr'>Rursus,</span> <span class='ocrx_word' id='word_1_377' title='bbox 1102 2469 1159 2511; x_wconf 85' lang='lat' dir='ltr'><strong>„si</strong></span> <span class='ocrx_word' id='word_1_378' title='bbox 1189 2467 1265 2513; x_wconf 88' lang='lat' dir='ltr'><strong>quis</strong></span> <span class='ocrx_word' id='word_1_379' title='bbox 1290 2466 1388 2501; x_wconf 86' lang='lat' dir='ltr'><strong>vobis</strong></span> <span class='ocrx_word' id='word_1_380' title='bbox 1411 2462 1738 2510; x_wconf 78' lang='lat' dir='ltr'><strong>evangelizaverit,&#39;&#39;</strong></span> 
     </span>
     <span class='ocr_line' id='line_1_38' title="bbox 256 2509 1740 2562; baseline -0.005 -12"><span class='ocrx_word' id='word_1_381' title='bbox 256 2515 372 2561; x_wconf 81' lang='lat' dir='ltr'><strong>inquit</strong></span> <span class='ocrx_word' id='word_1_382' title='bbox 403 2514 683 2557; x_wconf 78' lang='lat' dir='ltr'><strong>Colossensibus,</strong></span> <span class='ocrx_word' id='word_1_383' title='bbox 714 2539 738 2557; x_wconf 88' lang='lat'><strong>,‚</strong></span> <span class='ocrx_word' id='word_1_384' title='bbox 751 2518 888 2560; x_wconf 78' lang='lat' dir='ltr'><strong>praeter</strong></span> <span class='ocrx_word' id='word_1_385' title='bbox 915 2516 952 2551; x_wconf 89' lang='lat' dir='ltr'><strong>id</strong></span> <span class='ocrx_word' id='word_1_386' title='bbox 980 2517 1071 2562; x_wconf 91' lang='lat' dir='ltr'><strong>quod</strong></span> <span class='ocrx_word' id='word_1_387' title='bbox 1102 2514 1308 2560; x_wconf 85' lang='lat' dir='ltr'><strong>accepistis,</strong></span> <span class='ocrx_word' id='word_1_388' title='bbox 1342 2514 1524 2548; x_wconf 86' lang='lat' dir='ltr'><strong>anathema.</strong></span> <span class='ocrx_word' id='word_1_389' title='bbox 1552 2518 1647 2553; x_wconf 86' lang='lat' dir='ltr'><strong>esto,</strong></span> <span class='ocrx_word' id='word_1_390' title='bbox 1671 2509 1740 2545; x_wconf 83' lang='lat' dir='ltr'><strong>etsi</strong></span> 
     </span>
     <span class='ocr_line' id='line_1_39' title="bbox 258 2557 1739 2608; baseline -0.004 -12"><span class='ocrx_word' id='word_1_391' title='bbox 258 2563 403 2607; x_wconf 80' lang='lat' dir='ltr'><strong>angelus</strong></span> <span class='ocrx_word' id='word_1_392' title='bbox 422 2562 591 2608; x_wconf 83' lang='lat' dir='ltr'><strong>quispiam</strong></span> <span class='ocrx_word' id='word_1_393' title='bbox 614 2561 658 2597; x_wconf 88' lang='lat' dir='ltr'><strong>de</strong></span> <span class='ocrx_word' id='word_1_394' title='bbox 685 2562 778 2596; x_wconf 81' lang='lat' dir='ltr'><strong>caelo</strong></span> <span class='ocrx_word' id='word_1_395' title='bbox 799 2562 864 2603; x_wconf 83' lang='lat' dir='ltr'><strong>sit,</strong></span> <span class='ocrx_word' id='word_1_396' title='bbox 890 2563 956 2596; x_wconf 81' lang='lat' dir='ltr'><strong>etsi</strong></span> <span class='ocrx_word' id='word_1_397' title='bbox 977 2574 1042 2608; x_wconf 84' lang='lat' dir='ltr'><strong>ego</strong></span> <span class='ocrx_word' id='word_1_398' title='bbox 1064 2559 1226 2597; x_wconf 81' lang='lat' dir='ltr'><strong>Paulus.”</strong></span> <span class='ocrx_word' id='word_1_399' title='bbox 1278 2559 1368 2594; x_wconf 78' lang='lat' dir='ltr'><strong>Vide</strong></span> <span class='ocrx_word' id='word_1_400' title='bbox 1394 2563 1558 2605; x_wconf 77' lang='lat' dir='ltr'><strong>quantam</strong></span> <span class='ocrx_word' id='word_1_401' title='bbox 1581 2558 1646 2591; x_wconf 90' lang='lat' dir='ltr'><strong>vim</strong></span> <span class='ocrx_word' id='word_1_402' title='bbox 1675 2557 1739 2591; x_wconf 81' lang='lat' dir='ltr'><strong>ha·</strong></span> 
     </span>
     <span class='ocr_line' id='line_1_40' title="bbox 257 2605 1740 2655; baseline -0.005 -12"><span class='ocrx_word' id='word_1_403' title='bbox 257 2608 364 2643; x_wconf 82' lang='lat' dir='ltr'><strong>beant</strong></span> <span class='ocrx_word' id='word_1_404' title='bbox 381 2609 521 2644; x_wconf 86' lang='lat' dir='ltr'><strong>termini</strong></span> <span class='ocrx_word' id='word_1_405' title='bbox 538 2620 559 2643; x_wconf 86' lang='lat' dir='ltr'><strong>a</strong></span> <span class='ocrx_word' id='word_1_406' title='bbox 580 2607 744 2644; x_wconf 79' lang='lat' dir='ltr'><strong>Patribus</strong></span> <span class='ocrx_word' id='word_1_407' title='bbox 762 2609 960 2651; x_wconf 82' lang='lat' dir='ltr'><strong>constituti,</strong></span> <span class='ocrx_word' id='word_1_408' title='bbox 985 2613 1069 2655; x_wconf 90' lang='lat' dir='ltr'><strong>quot</strong></span> <span class='ocrx_word' id='word_1_409' title='bbox 1088 2606 1262 2654; x_wconf 82' lang='lat' dir='ltr'><strong>repagulis</strong></span> <span class='ocrx_word' id='word_1_410' title='bbox 1283 2611 1319 2641; x_wconf 89' lang='lat' dir='ltr'><strong>et</strong></span> <span class='ocrx_word' id='word_1_411' title='bbox 1338 2605 1497 2640; x_wconf 85' lang='lat' dir='ltr'><strong>vectibus</strong></span> <span class='ocrx_word' id='word_1_412' title='bbox 1514 2606 1740 2639; x_wconf 82' lang='lat' dir='ltr'><strong>co&#39;e&#39;rceantur</strong></span> 
     </span>
     <span class='ocr_line' id='line_1_41' title="bbox 257 2650 1740 2701; baseline -0.003 -13"><span class='ocrx_word' id='word_1_413' title='bbox 257 2654 296 2696; x_wconf 86' lang='lat' dir='ltr'><strong>ii,</strong></span> <span class='ocrx_word' id='word_1_414' title='bbox 317 2655 374 2700; x_wconf 91' lang='lat' dir='ltr'><strong>qui</strong></span> <span class='ocrx_word' id='word_1_415' title='bbox 393 2660 565 2701; x_wconf 80' lang='lat' dir='ltr'><strong>perpetua</strong></span> <span class='ocrx_word' id='word_1_416' title='bbox 583 2654 802 2690; x_wconf 83' lang='lat' dir='ltr'><strong>successione</strong></span> <span class='ocrx_word' id='word_1_417' title='bbox 817 2667 876 2689; x_wconf 90' lang='lat' dir='ltr'><strong>eos</strong></span> <span class='ocrx_word' id='word_1_418' title='bbox 894 2655 1074 2701; x_wconf 84' lang='lat' dir='ltr'><strong>excepturi</strong></span> <span class='ocrx_word' id='word_1_419' title='bbox 1096 2660 1186 2689; x_wconf 85' lang='lat' dir='ltr'><strong>sunt.</strong></span> <span class='ocrx_word' id='word_1_420' title='bbox 1234 2654 1324 2688; x_wconf 86' lang='lat' dir='ltr'><strong>Tum</strong></span> <span class='ocrx_word' id='word_1_421' title='bbox 1340 2651 1543 2699; x_wconf 87' lang='lat' dir='ltr'><strong>subsequuti</strong></span> <span class='ocrx_word' id='word_1_422' title='bbox 1561 2650 1740 2695; x_wconf 84' lang='lat' dir='ltr'><strong>religionis</strong></span> 
     </span>
     <span class='ocr_line' id='line_1_42' title="bbox 261 2697 1740 2748; baseline -0.003 -13"><span class='ocrx_word' id='word_1_423' title='bbox 261 2701 397 2747; x_wconf 81' lang='lat' dir='ltr'><strong>pugiles</strong></span> <span class='ocrx_word' id='word_1_424' title='bbox 420 2713 525 2747; x_wconf 84' lang='lat' dir='ltr'><strong>super</strong></span> <span class='ocrx_word' id='word_1_425' title='bbox 545 2701 785 2747; x_wconf 82' lang='lat' dir='ltr'><strong>Apostolorum</strong></span> <span class='ocrx_word' id='word_1_426' title='bbox 804 2707 840 2735; x_wconf 87' lang='lat' dir='ltr'><strong>et</strong></span> <span class='ocrx_word' id='word_1_427' title='bbox 859 2702 1101 2748; x_wconf 83' lang='lat' dir='ltr'><strong>prophetarum</strong></span> <span class='ocrx_word' id='word_1_428' title='bbox 1128 2700 1347 2736; x_wconf 83' lang='lat' dir='ltr'><strong>fundamento</strong></span> <span class='ocrx_word' id='word_1_429' title='bbox 1371 2711 1435 2734; x_wconf 82' lang='lat' dir='ltr'><strong>sua</strong></span> <span class='ocrx_word' id='word_1_430' title='bbox 1454 2697 1642 2733; x_wconf 84' lang='lat' dir='ltr'><strong>certamina</strong></span> <span class='ocrx_word' id='word_1_431' title='bbox 1661 2707 1740 2730; x_wconf 83' lang='lat' dir='ltr'><strong>sua-</strong></span> 
     </span>
     <span class='ocr_line' id='line_1_43' title="bbox 262 2742 1740 2794; baseline -0.003 -13"><span class='ocrx_word' id='word_1_432' title='bbox 262 2759 331 2792; x_wconf 81' lang='lat' dir='ltr'><strong>que</strong></span> <span class='ocrx_word' id='word_1_433' title='bbox 349 2748 515 2794; x_wconf 83' lang='lat' dir='ltr'><strong>martyria</strong></span> <span class='ocrx_word' id='word_1_434' title='bbox 536 2749 678 2794; x_wconf 88' lang='lat' dir='ltr'><strong>pulchre</strong></span> <span class='ocrx_word' id='word_1_435' title='bbox 701 2747 940 2783; x_wconf 83' lang='lat' dir='ltr'><strong>aedificarunt.</strong></span> <span class='ocrx_word' id='word_1_436' title='bbox 986 2750 1045 2783; x_wconf 87' lang='lat' dir='ltr'><strong>Tu</strong></span> <span class='ocrx_word' id='word_1_437' title='bbox 1063 2759 1167 2791; x_wconf 87' lang='lat' dir='ltr'><strong>vero,</strong></span> <span class='ocrx_word' id='word_1_438' title='bbox 1192 2746 1260 2782; x_wconf 88' lang='lat' dir='ltr'><strong>nisi</strong></span> <span class='ocrx_word' id='word_1_439' title='bbox 1278 2745 1474 2791; x_wconf 78' lang='lat' dir='ltr'><strong>regularum</strong></span> <span class='ocrx_word' id='word_1_440' title='bbox 1493 2744 1686 2779; x_wconf 85' lang='lat' dir='ltr'><strong>libertatem</strong></span> <span class='ocrx_word' id='word_1_441' title='bbox 1704 2742 1740 2776; x_wconf 92' lang='lat' dir='ltr'><strong>in</strong></span> 
     </span>
     <span class='ocr_line' id='line_1_44' title="bbox 263 2789 1740 2840; baseline -0.003 -13"><span class='ocrx_word' id='word_1_442' title='bbox 263 2794 468 2829; x_wconf 82' lang='lat' dir='ltr'><strong>servitutem</strong></span> <span class='ocrx_word' id='word_1_443' title='bbox 484 2796 626 2840; x_wconf 86' lang='lat' dir='ltr'><strong>redigas</strong></span> <span class='ocrx_word' id='word_1_444' title='bbox 638 2821 647 2839; x_wconf 91' lang='lat'>‚</span> <span class='ocrx_word' id='word_1_445' title='bbox 674 2795 741 2830; x_wconf 86' lang='lat' dir='ltr'><strong>uisi</strong></span> <span class='ocrx_word' id='word_1_446' title='bbox 761 2794 871 2840; x_wconf 82' lang='lat' dir='ltr'><strong>legem</strong></span> <span class='ocrx_word' id='word_1_447' title='bbox 890 2795 959 2828; x_wconf 90' lang='lat' dir='ltr'><strong>illis</strong></span> <span class='ocrx_word' id='word_1_448' title='bbox 975 2799 1011 2830; x_wconf 91' lang='lat' dir='ltr'><strong>te</strong></span> <span class='ocrx_word' id='word_1_449' title='bbox 1033 2796 1143 2840; x_wconf 85' lang='lat' dir='ltr'><strong>ipsum</strong></span> <span class='ocrx_word' id='word_1_450' title='bbox 1167 2793 1358 2828; x_wconf 79' lang='lat' dir='ltr'><strong>constituas</strong></span> <span class='ocrx_word' id='word_1_451' title='bbox 1371 2818 1382 2835; x_wconf 92' lang='lat'>‚</span> <span class='ocrx_word' id='word_1_452' title='bbox 1406 2791 1583 2837; x_wconf 88' lang='lat' dir='ltr'><strong>imperium</strong></span> <span class='ocrx_word' id='word_1_453' title='bbox 1604 2789 1667 2824; x_wconf 87' lang='lat' dir='ltr'><strong>tibi</strong></span> <span class='ocrx_word' id='word_1_454' title='bbox 1684 2800 1740 2822; x_wconf 91' lang='lat' dir='ltr'><strong>re-</strong></span> 
     </span>
    </p>
   </div>
   <div class='ocr_carea' id='block_1_5' title="bbox 262 2835 1741 2888">
    <p class='ocr_par' dir='ltr' id='par_1_6' title="bbox 262 2835 1741 2888">
     <span class='ocr_line' id='line_1_45' title="bbox 262 2835 1741 2888; baseline -0.004 -13"><span class='ocrx_word' id='word_1_455' title='bbox 262 2840 373 2888; x_wconf 87' lang='lat' dir='ltr'><strong>linqui</strong></span> <span class='ocrx_word' id='word_1_456' title='bbox 393 2840 546 2878; x_wconf 75' lang='lat' dir='ltr'><strong>affirmas</strong></span> <span class='ocrx_word' id='word_1_457' title='bbox 561 2842 653 2878; x_wconf 91' lang='lat' dir='ltr'><strong>nullo</strong></span> <span class='ocrx_word' id='word_1_458' title='bbox 669 2842 793 2878; x_wconf 91' lang='lat' dir='ltr'><strong>robore</strong></span> <span class='ocrx_word' id='word_1_459' title='bbox 810 2841 1005 2888; x_wconf 80' lang='lat' dir='ltr'><strong>subnixum,</strong></span> <span class='ocrx_word' id='word_1_460' title='bbox 1029 2842 1121 2878; x_wconf 85' lang='lat' dir='ltr'><strong>nulla</strong></span> <span class='ocrx_word' id='word_1_461' title='bbox 1135 2840 1317 2877; x_wconf 82' lang='lat' dir='ltr'><strong>maiestate</strong></span> <span class='ocrx_word' id='word_1_462' title='bbox 1334 2838 1544 2875; x_wconf 83' lang='lat' dir='ltr'><strong>venerabile.</strong></span> <span class='ocrx_word' id='word_1_463' title='bbox 1591 2837 1639 2872; x_wconf 82' lang='lat' dir='ltr'><strong>At</strong></span> <span class='ocrx_word' id='word_1_464' title='bbox 1653 2835 1741 2871; x_wconf 84' lang='lat' dir='ltr'><strong>enim</strong></span> 
     </span>
    </p>
   </div>
  </div>
 </body>
</html>
