1794 3172
217 128 318 177 766
623 129 940 177 NICEPHORI
967 127 1291 174 GREGORAE

0 251 36 283 Α.
52 246 97 282 Μ.
113 244 208 284 6854
219 243 288 288 διὰ
305 246 380 300 γῆς
402 243 470 286 καὶ
490 238 731 296 θαλάττης,
761 239 831 283 καὶ
850 236 989 295 πάσης
1013 238 1207 282 ἐντεῦθεν
1226 234 1572 293 ἀποκλεισθείσης
1597 233 1701 289 ἔξω·

44 296 111 330 ιω·
126 293 296 376 14υθιεν
326 312 599 367 σιτοπομπίας
633 311 702 354 καὶ
736 306 883 365 μπάσης
916 306 1055 352 ὅπλων
1091 306 1353 364 ἐπικουρίας,
1383 303 1439 350 τά
1458 323 1503 350 τε
1519 304 1700 364 χρειώδη

218 379 357 428 πάντα
389 379 548 424 ἐπέλιπε
589 380 658 423 καὶ
699 376 723 423 ὁ
763 377 882 434 λιμὸς
919 374 1115 435 ὖφίρπων
1148 374 1265 427 ἐντὸς
1300 373 1622 434 ἧνδραποδίζετό
1655 393 1701 419 τε

219 452 288 496 καὶ
312 449 452 506 ψυχὰς
472 447 577 505 ὅμοῦ
595 450 683 499 τοῖς
712 445 901 504 σώμασιν
922 443 1132 499 ἐδαπάνα,
1165 446 1376 500 μαστίζων
1403 462 1447 489 τε
1473 446 1542 488 καὶ
1563 462 1700 502 περιε-

220 518 381 565 λαύνων
408 520 449 569 ἐς
476 518 525 562 τὸ
559 515 785 574 ἀμήχανον.
823 514 924 560 ὅθεν
962 512 1210 572 ἀπογνόντες
1246 514 1287 558 οἱ
1325 517 1428 558 Χῖοι
1459 513 1729 572 παρέδοσανὸ

221 588 394 638 ἑαυτοὺς
411 585 702 638 ὖποσπόνδους
730 592 819 637 τοῖς
839 585 1060 640 πολεμίοις.
1097 587 1172 628 τοῦ
1197 583 1250 640 δὴ
1273 581 1465 628 τοιούτου
1490 581 1700 640 δυστυχή-

182 666 356 716 Εματος
384 656 500 715 ἔργον
530 658 599 700 καὶ
633 660 844 709 Φωκαεῖς,
872 655 912 699 οἳ
939 654 1044 713 πρὸς
1069 657 1120 713 τῇ
1150 654 1335 715 παραλία
1362 658 1440 710 τῆς
1465 652 1620 703 Ἰωνίας
1638 655 1702 697 οἰ-

221 732 400 780 κοῦντες,
430 725 682 783 γεγένηνται,
706 721 1080 769 καταπλευσάντων
1098 724 1217 781 σφίσι
1246 727 1331 767 τῶν
1350 724 1557 778 πολεμίων
1573 722 1704 773 εἰθὺς

218 796 323 853 μετὰ
343 796 420 853 τὴν
453 800 536 840 τῶν
565 797 686 839 Χίων
705 794 871 839 ἅλωσιν.
908 795 979 838 καὶ
1005 793 1054 837 τὸ
1084 793 1214 851 θέρος
1238 793 1281 837 ἐν
1310 789 1475 843 τούτοις
1498 789 1700 836 ἐτελεύτα.

5 873 41 907 Δ.
56 872 100 907 Μ.
114 871 207 908 6855
230 865 320 926 (Γ)
358 863 640 924 Φθινοπώρου
676 866 702 908 δ
708 864 721 882 ’
757 863 1037 922 ἐπιγενομένου
1075 861 1294 919 βασιλικὰς
1340 859 1520 921 τριήρεις
1570 878 1703 904 κατα·
1715 867 1760 904 10

46 920 112 954 Ind.
129 920 174 956 ¹5
219 933 563 991 σκευασάμενοςὸ
600 932 876 984 Φακεωλάτος
902 935 960 984 εἰς
992 933 1197 989 ἐκδίκησιν
1217 933 1350 988 δῆθεν
1365 936 1450 976 τῶν
1468 932 1590 975 Χίων
1615 930 1705 982 ἐξέ-

97 1008 396 1058 Ρ.481πλευσε,
427 1009 510 1049 τῶν
532 1001 639 1048 πάνυ
658 1005 734 1061 μὲν
751 1003 960 1047 πλουσίων
976 1000 1189 1061 ὑπάρχων,
1223 1000 1351 1058 τύχης
1373 1003 1399 1044 δ
1405 1001 1418 1018 ¹
1438 996 1513 1045 οὖν
1537 1000 1612 1044 οὗκ
1638 1001 1704 1043 ἔν-

224 1073 363 1129 δόξου,
390 1073 490 1118 ἀλλ’
514 1071 658 1125 ὁποίας
675 1074 742 1117 καὶ
765 1074 861 1131 πρὶν
882 1069 1198 1123 ὅἏπόκαυκος·
1235 1067 1487 1129 δραστήριος
1508 1070 1553 1114 δ’
1575 1068 1702 1125 ὅμως,

223 1146 291 1189 καὶ
310 1144 440 1195 δεινὸς
458 1141 651 1199 ὅμιλῆσαι
673 1145 870 1194 ποικίλοις
899 1139 1147 1200 πράγμασιν.
1185 1141 1270 1184 ἐπεὶ
1297 1142 1437 1184 τοίνυν
1455 1139 1706 1198 παραπλέων

222 1214 295 1261 τὸν
326 1218 400 1259 τοῦ
440 1214 620 1271 Αἰγαίου
660 1212 810 1269 αὐχένα
849 1210 1044 1271 τριήρους
1071 1215 1171 1267 μιᾶς
1209 1209 1463 1268 ἀναγομένης
1503 1210 1703 1265 πολεμίας
1717 1216 1762 1253 15

222 1282 449 1339 ἐπιτυχὼν,
482 1272 550 1327 καὶ
580 1281 668 1340 ἅμα
697 1283 891 1340 μεγίστης
923 1279 1098 1332 ὁλκάδος
1118 1278 1376 1337 ὁμοεθνοῦς,
1415 1278 1497 1338 πρὸ
1519 1282 1595 1323 τοῦ
1622 1282 1707 1322 Τε-

222 1354 356 1397 νεδίου
379 1351 539 1408 λιμένος
560 1351 628 1396 ἔπ’
662 1352 849 1412 ἀγκυρῶν
872 1349 1151 1408 σαλευούσης,
1191 1347 1464 1406 ὅπλισάμενος
1482 1344 1707 1404 διεναυμά-

180 1422 325 1479 Βχησέ
351 1439 395 1467 τε
421 1423 490 1466 καὶ
522 1418 624 1466 εἷλεν
653 1421 807 1482 ἄμφω,
839 1421 1019 1474 πολλοὺς
1046 1421 1123 1477 μὲν
1142 1423 1227 1464 τῶν
1240 1420 1451 1474 ’πολεμίων
1470 1419 1514 1462 ἐν
1532 1423 1585 1477 τῇ
1603 1435 1707 1462 ναυ-

219 1491 351 1552 μαχίᾳ
376 1492 558 1547 κτείνας,
601 1490 688 1536 ἔστι
721 1490 765 1536 δ’
804 1490 877 1543 οὓς
904 1492 973 1535 καὶ
1004 1489 1131 1541 αὐτὸς
1156 1493 1241 1534 τῶν
1270 1490 1425 1533 οἰκείων
1455 1484 1705 1543 ἀποβαλών·

219 1561 340 1605 τοῦτ’
364 1558 562 1618 αἰσχύνην
581 1577 625 1606 τε
643 1562 711 1606 καὶ
730 1562 877 1618 ζημίαν
898 1564 1017 1620 σφῶν
1038 1558 1176 1604 αὐτῶν
1192 1558 1232 1603 οἶ
1250 1559 1293 1602 ἐν
1314 1565 1402 1610 τοῖς
1418 1555 1613 1603 Γαλάτου
1633 1574 1706 1601 νο-
1717 1565 1765 1602 20

223 1632 417 1686 μίσαντες
450 1630 622 1688 ἐπέσχον
655 1631 731 1689 τὴν
766 1633 922 1675 ἐκεῖθεν
962 1631 1005 1682 ἔς
1049 1626 1279 1683 Βυζάντιον
1322 1629 1601 1683 σιτοπομπίαν
1638 1625 1708 1670 εὗ·-

225 1700 310 1751 θὺς
319 1732 333 1754 ,
374 1699 450 1744 οὐκ
471 1699 651 1746 ἄλλοθέν
671 1705 806 1747 ποθεν
825 1695 956 1745 οὖσαν
977 1699 1054 1757 τὴν
1079 1697 1243 1743 τοιάνδε
1264 1705 1354 1750 τοῖς
1373 1699 1616 1751 Βυζαντίοις
1634 1697 1709 1753 ἐμ·-

226 1771 376 1828 πορίαν
397 1767 570 1825 εἰδότες,
606 1769 634 1828 ἢ
661 1770 776 1830 παρὰ
796 1772 916 1829 σφίσι
935 1774 1128 1823 κεῖσθαι,
1160 1763 1204 1812 εὖ
1226 1784 1269 1812 τε
1300 1767 1403 1824 ἔχειν
1426 1771 1502 1811 τοῦ
1535 1768 1606 1825 ζῇν
1639 1767 1710 1810 καὶ

228 1843 332 1899 λιμῷ
357 1838 670 1886 διακινδυνεύειν
691 1837 903 1886 τεθνάναι.
941 1839 990 1885 οὗ
1008 1839 1093 1897 μὴν
1113 1836 1212 1882 ἀλλ’
1235 1837 1301 1882 ε’πὶ
1320 1835 1485 1888 τούτοις
1500 1838 1570 1880 καὶ
1589 1836 1710 1895 ἕτερα

226 1993 361 2040 longius
387 1995 604 2038 traheretur,
637 1995 813 2043 omnisque
835 1995 918 2032 inde
944 2007 1025 2043 spes
1050 1995 1240 2031 interclusa
1259 1998 1354 2031 esset
1374 1998 1594 2031 externorum
1616 2004 1708 2028 com-

226 2045 394 2076 meatuum
417 2046 454 2076 et
473 2042 701 2089 cuiuscunque
725 2055 892 2079 armorum
910 2043 1050 2086 auxilii;
1082 2054 1141 2077 eos
1161 2042 1359 2077 necessaria
1386 2053 1542 2088 quaeque
1567 2040 1711 2075 deficie-

226 2087 330 2130 bant3
353 2088 590 2134 obrepensque
606 2089 696 2124 intus
714 2090 823 2125 fames
842 2091 1077 2136 grassabatur,
1095 2089 1293 2135 animasque
1311 2094 1348 2124 et
1362 2099 1509 2134 corpora
1527 2087 1625 2122 simul
1642 2087 1711 2122 fla-

227 2133 388 2188 gellando
412 2140 518 2181 atque
543 2136 587 2170 ad
606 2139 789 2171 extremam
815 2137 964 2183 inopiam
991 2136 1181 2182 redigendo
1205 2137 1416 2171 absumebat.
1466 2134 1570 2169 Omni
1590 2134 1711 2179 itaque

227 2180 472 2234 spe-abiecta,
506 2182 632 2216 dedunt
661 2194 699 2217 se
724 2183 881 2218 hostibus
908 2183 989 2218 Chii
1013 2195 1057 2218 ex
1083 2182 1255 2230 pactione.
1303 2183 1375 2217 Sed
1401 2186 1438 2217 et
1456 2181 1710 2222 Phocaeenses,

226 2231 428 2282 marltimam
446 2227 564 2262 Ioniae
582 2239 675 2262 oram
698 2231 912 2273 accolentes,
935 2230 973 2265 in
991 2229 1134 2265 eandem
1158 2229 1386 2265 calamitatem
1404 2228 1622 2270 inciderunt,
1647 2228 1711 2261 ho·—

227 2278 331 2308 stlum
350 2273 461 2308 classe
480 2278 558 2318 post
576 2274 700 2309 Chium
718 2280 853 2321 captam
871 2278 916 2312 ad
935 2289 995 2311 eos
1013 2277 1129 2312 statim
1148 2277 1304 2323 appulsa.
1336 2277 1434 2312 Haec
1451 2275 1530 2309 dum
1547 2285 1714 2318 gereren-

228 2323 298 2361 tur,
324 2323 439 2374 aestas
458 2320 604 2354 effluxit.
652 2321 755 2365 (ΙΙΙ.)
778 2323 964 2370 Insequuto
984 2328 1157 2365 autumno,
1180 2321 1413 2369 imperatoriis
1436 2321 1634 2356 triremibus
1657 2320 1714 2354 in-

228 2370 386 2408 structis,
409 2366 640 2400 Phaceolatus
660 2368 766 2402 Chios
785 2370 922 2404 ulturus
945 2370 981 2404 in
1003 2370 1107 2404 altum
1129 2369 1304 2405 defertur:
1328 2369 1383 2404 vir
1402 2367 1580 2403 admodum
1601 2366 1712 2410 dives,

229 2422 297 2467 non
321 2416 435 2448 tamen
459 2412 626 2454 illustris3
650 2413 800 2450 eiusdem
817 2415 982 2451 videlicet
1000 2416 1226 2459 conditionum
1250 2415 1347 2451 cuius
1365 2419 1468 2450 antea
1485 2416 1713 2459 Apocaucus=

229 2462 268 2492 at
285 2458 374 2514 idem
394 2463 575 2502 strenuus,
599 2464 636 2494 et
659 2460 921 2508 quibuscunque
946 2463 1097 2509 negotiis
1121 2461 1312 2498 tractandis
1331 2467 1443 2497 natus.
1490 2461 1558 2496 Hic
1581 2459 1715 2505 Aegaei

227 2513 331 2559 maris
350 2506 766 2561 ‘fauces-praetervectus
788 2508 975 2544 solventem
1000 2521 1021 2543 e
1040 2513 1146 2556 portu
1173 2509 1320 2544 offendit
1347 2519 1448 2543 unam
1470 2518 1512 2543 ex
1530 2507 1715 2542 hostilibus

228 2552 450 2594 tnremlbus3
482 2558 565 2587 item
589 2552 764 2587 maximam
783 2565 826 2588 ex
848 2555 967 2590 eadem
993 2560 1098 2601 gente
1120 2557 1236 2591 na'vim
1263 2555 1473 2597 onerariam,
1497 2559 1579 2589 ante
1596 2554 1716 2589 Tene·

230 2596 324 2632 dium
351 2603 485 2652 portum
510 2598 612 2633 iactis
639 2599 774 2634 ancoris
795 2599 1028 2636 fluctuantem.
1085 2604 1190 2639 Arma
1213 2601 1357 2648 arripit:
1391 2601 1515 2636 navale
1548 2600 1715 2647 praelium

230 2650 403 2686 consentu
426 2649 464 2679 et
482 2644 596 2680 multis
618 2645 766 2680 hostium
785 2646 928 2690 occisis,
954 2649 1124 2684 nonnullis
1141 2650 1245 2685 etiam
1264 2660 1400 2684 suorum
1415 2647 1564 2689 amissis,
1585 2652 1715 2682 utram-

230 2701 312 2744 que·
326 2691 595 2737 comprehendit.
640 2691 682 2726 Id
701 2692 766 2726 sibi
790 2693 916 2738 probro
937 2694 1036 2729 simul
1066 2699 1103 2730 et
1125 2696 1248 2731 damno
1274 2707 1350 2731 esse
1372 2694 1534 2730 arbitrati
1549 2693 1717 2729 Galataei

231 2741 347 2771 statim
365 2737 409 2771 ab
426 2738 596 2773 frumento
610 2737 815 2784 Byzantium
833 2739 1035 2775 advehendo
1054 2742 1240 2785 abstinent,
1259 2742 1354 2777 haud
1365 2741 1481 2786 ignari
1495 2752 1564 2776 non
1580 2740 1717 2775 aliunde

230 2782 414 2839 Byzantiis
437 2783 630 2819 istiusmodi
650 2795 796 2820 mercem
815 2786 1006 2830 advenire3
1029 2788 1092 2823 sed
1113 2801 1219 2835 penes
1239 2800 1278 2825 se
1297 2800 1396 2830 esse,
1421 2793 1462 2823 ut
1478 2792 1540 2823 aut
1562 2787 1613 2822 illi
1630 2786 1718 2821 faci·

231 2828 297 2865 lem
314 2834 443 2867 vlcmm
462 2835 648 2878 pararent,
670 2836 733 2868 ast
756 2832 848 2869 fame
872 2834 960 2870 mori
978 2834 1267 2882 periclitarentur.
1315 2835 1411 2879 Quin
1427 2838 1465 2871 et
1481 2834 1554 2871 alia
1576 2834 1718 2882 insuper
