1794 3172
275 140 378 190 826
562 188 566 190 ,
631 184 634 186 ,
688 141 1007 190 NICEPHORI
1036 140 1365 188 GREGORAE

53 267 91 300 Α.
110 265 155 300 Μ.
174 263 269 302 6856
280 255 410 314 αὐτὴν
445 254 673 300 ἐπεπείκειν.
715 251 907 310 ἀγχίνους
941 252 1021 311 γὰρ
1055 247 1311 310 οὖσαγυνὴ,
1352 252 1421 296 καὶ
1453 251 1671 311 δεισαμένη
1699 253 1759 311 μὴ

109 313 215 349 Ind‘l
274 327 431 378 πένθος
461 325 527 368 ἐπὶ
557 324 699 367 πένθει
728 321 949 381 προσλάβῃ
978 321 1315 380 παροξυνομένου
1338 326 1470 376 θεοῦ,
1502 325 1670 380 ξυνῆκεν
1692 323 1761 367 εὗ-

121 394 124 397 ⁸
274 397 361 448 θῦς
395 396 465 439 καὶ
496 391 716 453 κράτιστος
740 387 793 448 ἦν
821 396 898 436 τοῦ
924 396 1070 435 λοιποῦ
1102 397 1190 442 τοῖς
1213 392 1328 448 ἐμοῖς
1351 389 1580 451 συνήγορος
1607 390 1758 449 λόγοις,

273 462 424 524 ἥκιστά
447 481 492 507 τε
513 464 670 507 ἐκεῖθεν
698 461 813 520 ἔληγε
842 463 1095 520 λοιδοροῦσα
1130 463 1200 505 καὶ
1229 461 1520 520 σκληροτέροις
1556 461 1656 512 τούς
1684 467 1761 519 τῆς

277 534 491 591 ἐκκλησίας
520 530 671 583 λύκους
689 530 908 587 βάλλουσα
930 529 1189 588 σκώμμασιν.
1227 531 1420 585 ἐντεῦθεν
1440 531 1597 586 τοῦμόν
1615 532 1657 575 ἐν
1675 530 1789 580 πελ-5

235 613 372 655 Βσαις
401 602 526 647 ἔκειτο
565 599 771 660 γλώσσαις
803 600 957 657 ὄνομα,
1003 606 1175 660 πρᾶγμα
1205 598 1463 651 τετελεκότος
1492 605 1643 659 μικροῦ
1673 608 1762 653 τοῖς

278 672 390 724 ὅλοις
416 672 690 730 ἀπογνωσθέν
719 673 788 715 καὶ
823 670 998 728 ἥκιστα,
1039 673 1134 729 πρὶν
1168 672 1224 722 εἷς
1256 670 1375 729 ἔργον
1407 671 1567 724 ἐλθεῖν,
1602 669 1762 725 ἐλπιζό-

275 760 412 800 μενον.
448 745 574 788 τοῦτο
594 748 686 792 ταῖς
705 740 981 797 ὀδυνωμέναις
998 738 1101 799 ὑπὲρ
1120 745 1195 797 τῆς
1212 741 1428 798 ἐκκλησίας
1444 747 1602 796 ψυχαῖς
1621 739 1763 796 ἡδείας

278 812 490 869 ἀναπνοῆς
519 828 632 863 τινος
660 811 798 863 ἔδοξεν
839 810 912 869 ἴαρ
954 812 1022 854 καὶ
1057 811 1209 868 γλυκὺς
1238 810 1459 868 θησαυρὸς
1485 808 1758 868 εὐφροσύνης,

279 884 348 927 καὶ
371 881 469 926 οὐδὲ
486 879 631 941 πόρῥω
654 884 852 939 χρηστῶν
882 898 1006 924 τινων
1025 874 1078 937 ἦν
1101 881 1300 935 ἐλπίδων,
1340 880 1436 924 οὐδ’
1464 879 1523 923 ἔτι
1544 880 1648 937 μέγα
1671 887 1789 927 πεῖ-1

279 970 352 996 σαι
379 953 448 995 καὶ
479 951 655 1007 βασιλέα
680 950 848 1005 λοιπὸν,
881 948 1183 1007 συμμαχούσης
1205 950 1287 1007 ἤδη
1306 954 1359 1009 τῇ
1384 949 1563 1010 ἀληθείᾳ
1591 951 1659 993 καὶ
1678 954 1762 1004 βα-

239 1022 451 1072 Εσιλίδος.
512 1020 613 1080 (H.)
652 1020 790 1064 Ταῦτ’
824 1019 901 1064 οῦκ
920 1015 974 1076 ἦν
1004 1019 1155 1064 ἀνεκτὰ
1176 1018 1360 1081 διαβόλῳ
1383 1021 1453 1063 καὶ
1473 1026 1558 1070 τοῖς
1580 1019 1763 1076 ἀγγέλοις

283 1091 442 1136 αὐτοῦ·
479 1090 586 1134 ἀλλὰ
613 1088 805 1150 θόρυβος
835 1094 949 1148 σφᾶς
977 1089 1237 1146 ἧγκαλίζετο·
1284 1092 1353 1133 καὶ
1383 1090 1544 1147 μυρίων
1561 1087 1762 1133 θανάτων

282 1156 336 1218 ’ἦν
356 1158 671 1219 φορτικώτερον.
710 1160 774 1205 διὸ
792 1161 861 1204 καὶ
883 1159 988 1217 πρὸς
1003 1157 1048 1202 ’ἐν
1069 1157 1359 1218 ἀθροιζόμενοι
1380 1157 1574 1215 σύστημα
1595 1156 1759 1212 πάντες,

286 1228 434 1275 ὁπόσοι
458 1235 536 1287 τῆς
560 1234 746 1287 πονηρᾶς
778 1230 960 1288 φατρίας
985 1228 1063 1279 τὰς
1094 1233 1180 1273 τῶν
1209 1230 1252 1273 ἐν
1272 1229 1488 1288 Βυζαντίῳ
1509 1238 1791 1286 φροντιστη-Ῑ

286 1300 388 1358 ρίων
412 1299 601 1356 διέλαχον
631 1300 872 1358 προεδρίας,
905 1299 975 1342 καὶ
1009 1295 1092 1355 πρό
1121 1315 1166 1355 γε
1195 1296 1358 1343 τούτων
1382 1295 1404 1342 ὅ
1428 1297 1502 1342 τὸν
1515 1315 1763 1356 πατριαρχι-

285 1369 359 1413 κ’ὂν
377 1367 481 1426 ἔχων
497 1369 708 1428 Ἰσίδωρος
723 1366 897 1427 θρόνον,
919 1365 1165 1427 ,προσῄεσαν
1185 1365 1344 1427 Εἰρήνῃ
1363 1371 1416 1426 τῇ
1434 1369 1633 1422 βασιλίδι,
1657 1370 1763 1411 πολ-

242 1440 252 1462 ’
283 1438 361 1495 λὴν
382 1439 484 1494 ἐμοῦ
505 1440 681 1496 δρῶντες
702 1443 754 1497 τῇ
777 1436 940 1496 γλώττῃ
958 1437 1243 1496 καταδρομὴν,
1277 1439 1345 1482 καὶ
1363 1437 1521 1487 πολλὰς
1537 1436 1762 1492 καταχέον-

283 1525 351 1559 τες
383 1509 616 1567 λοιδορίας,
660 1510 728 1551 καὶ
756 1508 834 1565 τὴν
863 1507 965 1564 ἐμὴν
996 1507 1265 1552 ἀποσείεσθαι
1294 1508 1452 1551 πείθειν
1471 1507 1763 1565 ἐπιχειροῦντες

150 1575 516 1636 Ὑς4216λοσχερῶς
545 1575 720 1634 ὅμιλίαν.
758 1577 843 1621 ἐπεὶ
873 1578 920 1621 δὲ
944 1577 1079 1621 πολλὰ
1106 1575 1364 1635 μογήσαντες
1393 1576 1550 1633 ἤνυσαν
1577 1577 1653 1630 μὲν
1685 1575 1794 1620 offis

283 1647 367 1699 δέν,
403 1645 632 1703 ἠλαύνοντο
647 1650 672 1691 δ
679 1648 692 1664 ’
714 1647 789 1692 οὐκ
809 1647 906 1691 ἄνευ
923 1646 1123 1703 μέμψεων
1142 1648 1299 1692 ἐκεῖθεν
1318 1651 1508 1704 μακρῶν,
1532 1644 1761 1704 γράμματα

282 1717 326 1767 ἐς
363 1716 538 1772 βασιλέα
579 1717 656 1774 τὴν
696 1722 780 1762 τῶν
816 1714 1065 1772 ἀποβάντων
1103 1716 1250 1774 ἔχοντα
1288 1716 1469 1774 δήλωσιν
1514 1716 1759 1771 πέμπουσιν,

283 1785 492 1839 ἀξιοῦντες
527 1785 732 1845 ἀφέμενον
772 1785 853 1831 ὅσα
883 1787 924 1830 οἳ
953 1786 1033 1830 ἀνὰ
1067 1794 1212 1846 χεῖρας
1238 1788 1379 1844 ἔτυχεν
1414 1785 1515 1831 ὄντα
1550 1786 1761 1842 δημοσίων

377 1897 412 1933 1.
434 1893 487 1943 μὴ
510 1896 590 1932 add.
614 1897 716 1936 Boiv.
809 1899 865 1935 13.
888 1893 1099 1944 ἠγκαλίζετο
1123 1909 1187 1934 em.
1211 1897 1313 1934 Boiv.
1336 1909 1400 1944 pro
1423 1894 1668 1943 ἠγκαλλίζετο.

284 1999 386 2035 quam
409 2000 629 2035 speraveram
649 1989 741 2025 illam
761 1990 928 2036 permovi.
973 1990 1132 2026 Prudens
1160 1990 1289 2037 quippe
1311 1989 1453 2033 mulier,
1485 1989 1599 2025 verita
1620 2001 1663 2025 ne
1683 1989 1760 2025 Deo

283 2036 490 2071 exacerbato
509 2037 612 2071 alium
633 2048 676 2071 ex
692 2036 759 2072 alio
779 2036 905 2072 luctum
925 2037 1115 2083 acciperet,
1140 2037 1313 2073 intellexit
1329 2037 1464 2080 statim,
1489 2042 1525 2071 et
1541 2037 1626 2072 meis
1643 2038 1759 2071 verbis

283 2082 452 2116 acerrime
473 2082 596 2117 deinde
613 2083 830 2128 patrocinata
846 2088 919 2118 est:
943 2095 1007 2118 nec
1026 2084 1130 2119 desiit
1148 2096 1193 2120 ex
1213 2097 1253 2120 eo
1273 2084 1440 2120 insectari
1464 2088 1500 2119 et
1526 2083 1760 2119 acerbioribus

282 2127 389 2163 dictis
414 2128 513 2174 lupos
534 2129 702 2164 ecclesiae
724 2129 909 2165 incessere.
957 2131 1084 2177 Coepit
1101 2131 1238 2166 ‘deinde
1268 2143 1377 2166 meum
1401 2142 1522 2166 nomen
1549 2131 1587 2165 in
1613 2130 1759 2165 omnium

283 2185 346 2209 ore
365 2175 517 2217 versari,
544 2177 701 2222 perfecta
720 2187 772 2218 re,
798 2188 888 2222 quae
909 2177 952 2212 ab
973 2178 1126 2212 omnibus
1146 2178 1254 2213 ferme
1273 2179 1458 2223 desperata
1480 2181 1567 2219 erat,
1593 2182 1629 2212 et
1646 2177 1759 2222 prius-

280 2231 387 2266 quam
406 2221 562 2266 perfecta
579 2227 683 2265 esset,
700 2222 843 2258 minime
861 2223 939 2259 fieri
955 2236 1056 2270 posse
1072 2225 1270 2260 videbatur.
1316 2225 1358 2259 Id
1379 2225 1499 2259 animis
1517 2224 1627 2258 vicem
1647 2223 1759 2258 eccle-

283 2267 357 2302 siae
375 2266 569 2302 dolentibus
583 2268 692 2303 instar
709 2268 804 2303 veris
821 2269 901 2313 fuit,
925 2271 1161 2306 suavissimam
1177 2283 1292 2307 auram
1304 2271 1534 2317 adspirantis3
1558 2271 1589 2304 is
1599 2271 1758 2316 volupta-

283 2312 330 2347 tis
349 2313 532 2349 thesaurus
556 2314 665 2350 dulcis
687 2315 826 2350 habitus
849 2322 922 2360 est3
946 2330 1010 2353 nec
1029 2319 1131 2364 longe
1149 2330 1171 2353 a
1189 2320 1279 2354 bona
1299 2319 1416 2364 aliqua
1433 2330 1496 2364 spe
1514 2318 1664 2360 aberam,
1693 2328 1758 2351 nec

282 2358 448 2406 deinceps
468 2361 609 2396 arduum
626 2365 720 2404 erat,
744 2362 985 2408 imperatorem
1002 2377 1138 2412 quoque
1155 2366 1308 2408 flectere,
1333 2377 1408 2400 cum
1425 2364 1492 2399 iam
1509 2364 1587 2410 ipsa
1608 2364 1758 2409 impera-

281 2406 353 2441 trix
381 2406 558 2442 nobiscum
585 2420 647 2454 pro
667 2409 815 2445 veritate
834 2415 1017 2456 pugnaret.
1064 2412 1200 2458 (VIII.)
1225 2412 1281 2446 Ea
1310 2411 1446 2446 diabolo
1471 2415 1508 2445 et
1531 2410 1663 2455 angelis
1684 2410 1757 2444 eius

282 2452 478 2504 tolerabilia
499 2454 593 2490 haud
614 2455 777 2498 fuerunt;
802 2458 863 2491 sed
883 2470 941 2492 eos
964 2459 1151 2505 trepidatio
1173 2458 1322 2500 invasit,
1346 2463 1382 2493 et
1398 2456 1520 2504 quavis
1539 2462 1648 2492 morte
1674 2468 1757 2503 gra-

282 2498 360 2534 vius
383 2499 421 2535 id
446 2500 491 2536 iis
518 2501 628 2537 visum
655 2507 719 2536 est.
768 2502 927 2539 Coitione
948 2505 1068 2552 itaque
1094 2506 1208 2547 facta,
1232 2506 1427 2551 quicunque
1450 2515 1559 2550 pravo
1585 2504 1629 2538 de
1647 2515 1757 2548 grege

280 2545 405 2627 partiti
424 2545 517 2582 inter
534 2559 574 2583 se
592 2549 730 2583 fuerant
747 2549 1014 2596 Byzantiuorum
1032 2552 1312 2587 monasteriorum
1329 2551 1586 2597 praefecturas,
1621 2556 1656 2585 et
1676 2553 1757 2584 ante

306 2603 344 2626 os
364 2592 408 2634 is,
433 2593 492 2640 qui
511 2595 779 2642 patriarchalem
803 2597 916 2633 sedem
938 2599 1090 2643 tenebat,
1101 2599 1267 2641 Isidorus,
1300 2599 1345 2632 ad
1370 2597 1621 2644 imperatricem
1634 2597 1757 2631 Irenen

280 2638 462 2683 accedunt,
487 2645 523 2676 et
538 2640 655 2687 lingua
671 2642 707 2677 in
723 2654 777 2678 me
796 2643 923 2679 acriter
941 2645 1072 2680 invecti
1090 2645 1203 2680 multis
1222 2656 1274 2679 me
1300 2645 1436 2691 probris
1465 2643 1680 2690 cooperiunt,
1705 2642 1759 2678 ei-

283 2726 286 2728 *
303 2696 360 2727 ue,
381 2690 420 2721 ut
442 2687 487 2722 ab
504 2689 594 2723 omni
635 2700 748 2726 torsus
764 2701 898 2726 mecum
915 2693 1162 2728 consuetudine
1184 2692 1367 2734 abstineat,
1388 2691 1596 2737 persuadere
1615 2695 1759 2725 conten-

277 2777 288 2785 ·
303 2736 375 2768 unt.
421 2733 494 2769 Sed
510 2746 589 2784 'cum
605 2735 656 2770 ili
671 2747 793 2781 magno
811 2736 928 2773 labore
950 2750 1018 2774 non
1036 2739 1136 2775 modo
1153 2739 1239 2773 nihil
1259 2737 1462 2784 consequuti
1479 2741 1614 2779 essent,
1638 2735 1700 2771 sed
1720 2740 1757 2770 et

277 2778 361 2813 inde
382 2790 449 2814 non
466 2781 543 2816 siue
560 2781 672 2818 multis
696 2783 1022 2829 reprehensionibus
1050 2786 1165 2821 exacti
1186 2790 1323 2827 essent,
1347 2785 1482 2820 litteras
1501 2784 1546 2818 ad
1569 2783 1758 2829 imperato-

277 2835 350 2860 rem
366 2825 525 2871 mittunt‚
549 2839 593 2866 ea
613 2840 702 2877 quae
722 2829 922 2868 acciderant
938 2832 1195 2879 significantem
1219 2831 1475 2880 postulantque,
1490 2835 1529 2866 ut
1544 2829 1678 2866 omissis
1696 2841 1758 2863 ne-
