1794 3172
368 132 685 186 fflSTORlAE
712 138 1088 184 BYZANTINAE
1108 136 1230 182 xm.
1252 143 1318 185 13.
1481 133 1581 181 687

85 254 219 306 χεῖρες
237 250 443 306 Περσικαὶ
462 253 701 306 γεωργοῦσι,
737 247 869 291 πολὺν
889 245 1113 306 ἐχορήγουν
1128 253 1355 305 τηνικαῦτα
1374 248 1447 292 τὸν
1464 256 1580 293 σῖτον
1602 263 1641 293 A.
1653 262 1691 293 C.
1710 258 1794 297 1343

87 325 181 368 ταῖς
210 315 379 371 πόλεσι,
415 320 484 361 καὶ
512 315 864 376 ψυχορραγούσας
890 315 917 375 ἦ
938 320 1038 362 θεία
1062 316 1186 362 πάλιν
1211 317 1345 368 οὕτως
1371 308 1794 389 &vffigiwoelmsseffl‘ga‘

83 388 187 444 χείρ.
244 386 347 446 (H.)
377 386 467 443 Τήν
488 405 531 444 γε
561 387 646 444 μὴν
666 387 903 443 Λατινικὴν
932 388 1040 431 κατὰ
1060 392 1244 433 Σκυθῶν
1262 389 1417 444 ε’κείνην
1436 387 1579 432 αὖθά-
1711 378 1721 387 ’

88 458 201 500 δειαν
230 458 288 507 εἷς
314 461 414 500 νοῦν
446 458 485 501 οἱ
521 454 840 515 Τραπεζούντιοι
867 455 1117 513 βαλλόμενοι
1143 459 1212 500 καὶ
1246 459 1487 511 δείσαντες,
1513 458 1615 516 μὴΕ

49 527 155 569 ὁκαὶ
173 526 274 569 κατ’
295 526 436 570 αὐτῶν
454 544 495 570 τι
514 528 804 583 νεωτερίσωσιν
823 525 967 582 ὅμοιον
993 529 1064 570 καὶ
1097 527 1138 571 οἱ
1161 527 1276 584 παρὰ
1304 532 1418 584 σφᾶς
1443 545 1576 583 προσ-

86 599 293 646 οικοῦντες
338 594 492 651 ὁμοίως
534 599 719 640 Λατῖνοι
737 629 751 649 ,
798 594 1061 654 περιστάντες
1105 598 1312 655 αἰφνίδιον
1358 597 1458 648 τοὺς
1498 598 1575 653 μὲν

83 666 249 716 πλειόυς
279 664 397 723 ἔργον
430 665 648 723 ἀπέφηναν
678 667 848 723 ξίφους·
897 662 960 716 οἷς
994 667 1040 710 δὲ
1069 670 1387 724 περιλειφθῆναι
1414 668 1574 722 συμπέ-

83 752 218 778 πτωκε
230 767 246 788 ,
282 733 446 786 τούτοις
467 736 513 778 δὲ
537 733 822 792 ταπεινότερον
842 740 1074 791 κεχρῆσθαι
1095 738 1451 794 Τραπεζουντίους
1479 739 1573 780 δια-

83 804 218 861 γέγονε
238 808 314 848 τοῦ
341 808 501 848 λοιποῦ.
538 807 606 847 καὶ
626 809 759 848 ταῦτα
784 806 860 860 μὲν
878 806 983 863 τῇδέ
1009 824 1066 861 πη
1093 805 1220 861 ἴσχεν.

29 882 73 916 10
199 871 266 930 ιγ’.
294 872 452 931 ’Ὠσπερ
497 875 542 918 δὲ
574 875 849 931 ψηφίσματος
893 875 1002 918 κατὰ
1030 880 1181 919 τοῦτον
1212 875 1287 919 τὸν
1315 873 1471 932 χρόνον
1500 877 1568 918 καὶ
1578 882 1620 916 Ρ.
1632 879 1704 919 430

80 947 220 986 κοινοῦ
251 960 362 995 τινος
392 942 599 1001 δόγματος
637 945 682 987 ἐκ
714 948 819 987 θεοῦ
860 944 968 987 κατὰ
1000 943 1139 1002 πάσης
1167 943 1273 1000 ὁμοῦ
1305 945 1570 1002 κυρωθέντος

80 1017 156 1062 ἐἷς
187 1014 449 1069 οῗκουμένης,
489 1012 622 1070 ἀρχάς
651 1031 696 1057 τε
728 1015 797 1057 καὶ
829 1015 1039 1068 ἐξουσίας,
1077 1017 1146 1058 καὶ
1175 1014 1270 1058 ὅσαι
1292 1016 1569 1072 δημοκρατίαι

79 1085 148 1125 καὶ
180 1082 516 1140 ἀριστοκρατίαι,
555 1082 834 1140 συγκεχύσθαι
865 1086 1194 1136 στασιασθείσας
1221 1085 1294 1142 ἐφ’
1327 1082 1480 1135 ἑαυτὰς
1496 1086 1567 1127 καὶ

77 1151 183 1209 πρὸς
210 1153 436 1210 ἐμφυλίους
465 1153 834 1211 ἅναρριπισθείσας
866 1151 1032 1209 μάχας,
1078 1154 1199 1198 οὐδὲν
1230 1154 1397 1211 οὐδαμῆ
1418 1154 1566 1210 σχεδὸν

25 1229 69 1264 15
80 1221 327 1266 ἐλλέλειπται
357 1223 506 1280 μέρος,
554 1222 577 1267 ὃ
610 1223 671 1279 μὴ
701 1227 775 1266 τοῦ
799 1221 991 1267 τοιούτου
1024 1222 1382 1282 παραπολελαύκει
1410 1226 1560 1277 δεινοῦ,

77 1293 114 1339 εἰ
141 1293 210 1334 καὶ
245 1292 306 1348 μὴ
336 1292 444 1336 κατὰ
470 1293 544 1336 τὸν
573 1292 665 1336 ἴσον
687 1291 900 1349 δήπουθεν
918 1291 1098 1351 τρόπον,
1136 1294 1178 1345 ἴς
1198 1312 1243 1351 γε
1264 1294 1312 1338 τὸ
1335 1295 1473 1350 μεῖζον
1492 1295 1564 1337 καὶ

75 1355 216 1418 ἧττον.
253 1363 434 1420 κρίματα
451 1362 531 1419 γὰρ
551 1361 652 1406 εἶναι
673 1367 807 1406 ταῦτα
829 1368 933 1406 θεοῦ
952 1361 1111 1415 πάντας
1132 1363 1319 1420 θνητοὺς
1339 1363 1598 1420 λογισμοὺςΒ

73 1429 401 1489 ὑπερβαίνοντα,
439 1434 475 1475 εἷ
493 1432 554 1489 μή
576 1431 657 1476 πού
674 1450 736 1483 τις
759 1434 803 1484 ε”ξ
823 1434 1005 1483 εἰκασίας
1025 1433 1136 1485 τινὸς
1156 1432 1455 1489 στοχαζόμενος
1474 1431 1560 1490 φά-

76 1517 162 1544 σκει
183 1505 496 1546 παλαιωθεΐσαν
525 1504 649 1563 κακίᾳ
679 1503 756 1558 τὴν
774 1507 863 1558 γῆν,
889 1504 957 1545 καὶ
979 1504 1234 1553 δευσοποιοῖς
1252 1520 1333 1546 τισι
1354 1506 1561 1558 καπηλευ-

19 1575 227 1614 ἓοθεΐσαν
254 1575 414 1627 κηλῖσι,
463 1571 658 1630 καθαρόν
688 1589 734 1615 τε
767 1573 836 1614 καὶ
866 1569 1003 1628 πάσης
1035 1576 1279 1630 χαμερποῦς
1314 1573 1561 1629 ἓμβριθείας

73 1638 296 1698 ὑπέρτερον
325 1641 589 1698 χαρίσασθαι
614 1641 900 1697 βουληθέντος
928 1638 1061 1699 ταύτῃ
1090 1641 1264 1698 πτερὸν,
1299 1641 1357 1684 ἵν’
1387 1641 1570 1686 ἐλευθεὲ,

76 1727 166 1767 ριον
193 1711 263 1752 καὶ
289 1710 496 1768 μετέωρον
525 1713 594 1754 καὶ
622 1708 784 1767 εἰρήνης
805 1709 890 1764 ὀψέ
907 1728 1008 1760 ποτε
1027 1701 1262 1768 ἅναπνεύσῃ
1284 1708 1554 1768 τερπνότητα,

74 1779 268 1835 εὐνομίας
288 1781 356 1822 καὶ
376 1779 639 1837 δικαιοσύνης
656 1780 834 1837 ἀγομένη
853 1778 998 1824 κανόσι
1014 1782 1084 1824 καὶ
1100 1778 1327 1836 στάθμαις.
1365 1778 1458 1839 (Β.)
1470 1781 1595 1824 Kaio

166 1879 202 1914 8.
222 1877 499 1925 ταπεινοτέροις
519 1879 608 1914 coni.
627 1878 730 1913 Boiv.

72 1958 242 2005 quidquid
268 1958 360 1994 ultra
379 1972 440 1994 eas
461 1959 657 2005 provincias
674 1960 859 1994 Persarum
885 1959 1040 1994 manibus
1063 1958 1207 2001 colitur,
1230 1958 1370 1998 multum
1391 1957 1555 1993 frumenti

70 2006 215 2040 urbibus
234 2011 305 2040 tum
323 2007 613 2052 suppeditarunt,
637 2018 723 2052 quas
741 2006 955 2040 semianimes
976 2006 1011 2041 in
1033 2007 1122 2041 hunc
1144 2006 1278 2041 modum
1299 2016 1420 2040 rursus
1438 2005 1554 2039 caele-

71 2053 135 2087 stis
158 2053 282 2088 dextra
306 2054 420 2089 erexit
440 2065 482 2088 ac
502 2054 690 2088 roboravit.
738 2053 874 2098 (vul.)
897 2053 983 2088 Eam
1000 2053 1196 2088 Latinorum
1219 2051 1465 2087 contumaciam
1483 2052 1553 2086 ad-

70 2110 192 2141 versus
207 2099 359 2145 Scythas
375 2112 451 2136 cum
465 2100 695 2146 Trapezuntii
716 2101 828 2146 animo
843 2104 1076 2145 reputassent,
1095 2103 1378 2144 vererentur-que,
1397 2109 1441 2132 ne
1457 2098 1493 2132 in
1512 2110 1552 2132 se

69 2145 180 2180 simile
201 2146 331 2192 aliquid
353 2147 574 2192 inceptarent
600 2147 626 2180 ii
645 2146 783 2188 Latini,
806 2147 868 2192 qui
886 2154 922 2181 et
945 2146 1032 2192 ipsis
1055 2146 1187 2192 pariter
1205 2145 1312 2180 vicini
1334 2143 1551 2186 habitabant,

19 2189 32 2198 χ
69 2192 329 2228 circumsistunt
349 2194 476 2236 subito,
501 2205 543 2227 ac
561 2193 740 2239 plerosque
758 2193 884 2238 gladiis
903 2194 1101 2228 concidunt.
1149 2193 1221 2234 Qui
1237 2203 1322 2227 vero
1339 2190 1548 2237 superstites

67 2237 151 2274 inde
176 2250 340 2282 evasere,
374 2253 434 2275 eos
459 2240 657 2275 humiliores
681 2245 804 2287 postea
831 2240 968 2286 experti
992 2246 1073 2275 sunt
1098 2237 1341 2286 Trapezuntii.
1387 2237 1437 2273 Et
1460 2237 1549 2272 haee

68 2286 205 2331 quidem
222 2286 274 2320 ita
291 2298 329 2321 se
346 2287 552 2321 habuerunt.

163 2334 218 2369 13.
243 2333 352 2373 Quasi
375 2341 487 2368 autem
512 2333 736 2368 constitutum
760 2336 855 2367 esset
882 2332 1047 2368 divinitus
1073 2344 1114 2368 eo
1141 2336 1315 2379 tempore,
1338 2335 1376 2366 et
1392 2327 1550 2375 generali

67 2377 215 2414 numinis
235 2379 376 2414 decreto
401 2381 566 2415 sancitum
593 2381 758 2415 adversus
777 2391 893 2414 omnes
917 2381 1051 2426 pariter
1069 2385 1215 2426 gente&
1238 2384 1278 2413 ut
1294 2381 1332 2412 et
1348 2376 1494 2422 imperia
1511 2378 1548 2410 et

67 2430 259 2470 potestates
279 2431 315 2460 et
331 2439 446 2462 omnes
470 2432 540 2462 tam
565 2426 794 2462 democratiae
811 2437 912 2472 quam
936 2426 1177 2461 aristocratiae
1194 2426 1430 2463 turbarentur,
1451 2422 1548 2456 inte-

67 2470 167 2507 stinis
194 2471 423 2508 seditionibus
445 2473 599 2519 agitatae
629 2485 672 2508 ac
686 2473 854 2508 bellorum
874 2472 1026 2507 civilium
1046 2472 1146 2518 quasi
1167 2472 1313 2507 flabellis
1337 2469 1544 2510 ventilatae3

66 2517 161 2553 nulla
182 2531 264 2565 pars
288 2521 422 2565 uspiam
441 2521 549 2555 ferme
565 2520 691 2555 relicta
707 2525 780 2566 est,
802 2531 893 2565 quae
908 2519 1001 2555 illam
1016 2519 1265 2560 calamitatem,
1288 2517 1319 2551 si
1340 2528 1408 2551 non
1426 2515 1547 2561 utique

67 2575 111 2598 ex
129 2577 254 2611 aequo,
279 2570 316 2600 at
333 2567 410 2613 plus
429 2566 582 2601 minusve
597 2565 871 2612 participaverit.
917 2567 973 2602 Ea
991 2566 1080 2600 enim
1094 2566 1163 2600 Dei
1181 2565 1322 2600 decreta
1340 2567 1432 2605 sunt,
1456 2573 1547 2608 quae

66 2621 197 2646 omnem
215 2612 391 2647 humanam
412 2614 582 2648 >rationem
606 2613 939 2659 supergrediuntur3
962 2612 1029 2647 nisi
1053 2612 1131 2658 quis
1150 2613 1244 2647 forte
1265 2610 1464 2646 coniectura
1481 2608 1548 2643 ali-

66 2668 136 2702 qua
159 2657 284 2694 ductus
307 2659 419 2695 Deum
436 2661 531 2694 dicat
547 2660 699 2696 voluisse
715 2659 813 2694 vitiis
836 2660 1041 2694 inveteratis
1059 2659 1234 2694 laboranti
1255 2664 1292 2692 et
1306 2656 1450 2692 maculis
1467 2654 1548 2700 qui-
1571 2681 1584 2692 .

65 2702 209 2739 busdam
223 2705 361 2750 penitus
377 2706 607 2742 insidentibus
635 2711 797 2752 corrupto
816 2706 892 2741 orbi
914 2705 1037 2752 largiri
1054 2705 1228 2751 puriorem
1243 2709 1282 2739 et
1298 2702 1389 2738 omni
1405 2709 1546 2737 terrena

65 2748 154 2784 mole
172 2750 328 2788 altiorem
343 2765 509 2799 pennam,
533 2760 574 2788 ut
588 2753 678 2788 liber
696 2752 919 2799 excelsusque
930 2779 942 2796 ‚
964 2758 1002 2788 et
1018 2753 1116 2799 pacis
1132 2756 1309 2787 recreatus
1324 2749 1547 2789 amoenitate,

64 2796 324 2844 aequitatisque
346 2805 383 2834 et
407 2799 560 2836 iustitiae
585 2800 785 2846 praeceptis
810 2811 851 2834 ac
877 2799 1009 2845 regulis
1033 2801 1295 2845 obtemperans,
1318 2796 1458 2831 tandem
1481 2793 1547 2829 ali-

64 2843 200 2889 quando
220 2845 420 2892 respiraret.
466 2846 554 2894 (11.)
577 2850 629 2883 Ac
646 2846 755 2894 primo
769 2846 910 2893 quidem
926 2846 1045 2883 hatini
1060 2846 1267 2882 Genuenses
1282 2844 1316 2879 Τ
1318 2855 1421 2880 uzum
1439 2842 1545 2884 inum,
