1754 3164
226 147 251 191 1
258 149 289 193 2
300 148 366 195 38
782 153 1264 200 ANNOTATIONES.

343 262 438 312 Pag.
469 258 574 307 420,
608 262 672 300 13.
734 257 843 313 Πρός
867 257 916 300 τοὶ
945 259 1038 313 περὶ
1068 257 1139 301 τὸν
1167 259 1372 314 Ῥωμανὸν
1401 263 1533 317 τείχη]
1570 263 1646 305 Ad
1675 264 1754 306 Ro-

225 330 386 355 manam
411 325 584 368 portam.
615 315 783 355 Wolfius
807 330 897 370 pro,
928 315 984 356 acl
1006 316 1113 356 urbis
1137 320 1304 371 moenia,
1336 318 1516 360 Romani
1532 333 1672 376 portae
1700 325 1754 362 vi-

225 374 330 412 cina.
390 374 456 411 Sic
483 372 588 411 idem
613 375 736 426 paulo
758 387 902 427 supra,
931 371 1007 424 τήν
1034 378 1108 416 τοῦ
1125 374 1331 428 Ῥωμανοῦ
1358 375 1492 431 πύλην
1517 379 1754 432 interpreta-

223 429 344 469 batur
365 427 592 469 Romanam
616 441 798 485 portam,
836 446 912 484 pro
937 430 1115 471 Romani
1138 443 1319 485 portam3
1351 449 1452 487 quae
1481 437 1539 475 sic
1567 437 1670 476 dicta
1704 445 1754 476 es!

225 501 247 524 a
271 488 309 526 S.
332 487 502 525 Romani
522 488 621 527 aede
642 489 788 528 vicina.
819 489 921 528 Vide
941 490 1244 544 Constantinop.
1260 491 1404 532 Christ.
1427 494 1494 533 lib.
1514 494 1546 533 I.
1565 497 1754 535 sechXV.

224 558 262 584 n.
285 543 357 584 IX.
403 558 556 585 nuivm.

340 603 436 654 Pag.
467 601 570 653 422,
598 606 662 645 12.
724 601 834 657 Πρὸς
854 599 931 656 τήν
950 604 1072 645 θείαν
1102 601 1262 655 εἰκόνα]
1295 607 1408 656 Quae
1431 615 1518 648 tum
1541 610 1582 649 in
1605 611 1754 651 Palatio

225 659 521 700 asservabatur.
587 660 689 701 Vide
727 661 1120 715 Constantinopolim
1158 663 1303 704 Christ.
1344 666 1414 705 lib.
1446 667 1513 707 IV.
1550 682 1644 721 pag.
1688 672 1754 712 91.

223 729 397 756 DUCANG.

340 776 436 827 Pag‘.
467 773 573 825 422,
608 776 674 819 15-
734 775 818 817 Καὶ
836 776 1070 831 περιχυθεὶς
1090 775 1324 832 τοῦδαφος]
1353 781 1440 820 Non
1464 782 1559 821 satis
1581 783 1678 834 scio,
1710 798 1754 822 an

225 845 316 871 eum
347 831 462 870 humi
492 839 739 885 prostratum
769 834 954 874 adorasse
985 835 1192 886 imaginem
1220 838 1347 888 dicat,
1381 854 1432 878 an
1463 841 1633 892 pulvere
1666 856 1754 880 con-

225 889 417 942 spersisse
441 897 584 942 caput:
617 907 666 930 an
691 893 810 932 imam
837 892 1018 945 imaginis
1037 900 1193 946 partem
1220 894 1331 934 humi
1351 896 1546 936 iacentem
1572 912 1655 937 esse
1678 913 1754 937 am-

224 948 401 1000 plexum.
449 961 647 988 womuus.

340 1009 435 1058 Pag.
466 1004 568 1057 424,
603 1010 666 1051 19.
733 1010 794 1065 Τῇ
811 1008 1008 1064 σεβασμίᾳ
1023 1010 1095 1061 τῆς
1117 1005 1369 1064 θεομήτορος
1389 1007 1534 1060 εἰκόνι]
1566 1013 1754 1066 Deipai'ae

224 1062 511 1114 Hodegetriae‚
546 1070 592 1103 ut
611 1079 733 1117 supra
754 1080 840 1118 cap.
862 1066 987 1106 XVII.
1043 1080 1221 1106 DUGANG.

341 1122 438 1174 Peg.
473 1119 576 1171 427,
610 1125 675 1163 10.
740 1119 912 1180 Τετάρτῃ
937 1121 1005 1163 καὶ
1031 1124 1190 1180 εἰκοστῇ
1216 1125 1290 1164 τοῦ
1312 1126 1457 1166 Μαΐου
1477 1124 1626 1180 μηνός]
1658 1128 1754 1167 Pro-

225 1176 320 1216 inde
344 1177 407 1216 die
427 1178 474 1219 V.
497 1179 545 1216 ab
571 1179 676 1218 Urbe
704 1186 833 1233 capta.
862 1194 1037 1219 DUGANG.
1098 1182 1396 1220 Cantacuzenus
1413 1184 1558 1223 Urbem
1579 1185 1635 1223 ait
1654 1200 1675 1222 a
1696 1186 1754 1224 iu-

225 1236 340 1274 niore
359 1234 588 1274 Andronico
616 1245 851 1291 occupatam
883 1238 948 1277 die
973 1238 1066 1276 Maii
1092 1239 1225 1289 XIX,
1252 1239 1450 1290 Gregoras
1481 1242 1546 1281 die
1579 1242 1754 1282 eiusdem

226 1292 373 1332 mensis
394 1293 542 1332 XXIV.
575 1294 679 1333 Cave
702 1295 805 1334 enim
830 1295 980 1345 credaS‚
1009 1295 1052 1334 id
1071 1297 1180 1347 quod
1199 1297 1421 1348 Ducangius
1445 1300 1626 1349 credidit,
1650 1301 1754 1340 Gre-

228 1363 364 1401 goram
399 1349 594 1390 hocloco
626 1353 800 1392 voluisse
833 1353 1032 1404 assignare
1070 1354 1175 1392 diem
1200 1354 1384 1405 quintum
1409 1356 1457 1394 ab
1487 1356 1589 1395 Urbe
1627 1365 1754 1410 capta.

227 1408 354 1446 Immo
375 1407 482 1447 diem
505 1409 638 1461 ipsum
659 1417 799 1461 captae
826 1411 947 1450 Urbis
979 1410 1028 1448 ab
1061 1416 1106 1450 eo
1137 1411 1231 1463 poni
1261 1411 1358 1450 hinc
1386 1420 1520 1465 patet,
1551 1415 1659 1467 quod
1688 1416 1754 1465 ait,

227 1464 258 1518 ἦ
283 1464 416 1519 ἡμέρα
444 1465 598 1518 ἐκείνη,
630 1467 672 1508 έν
689 1464 720 1524 ᾗ
740 1470 866 1508 ταῦτα
885 1464 1018 1509 πάντα
1045 1467 1278 1518 τετέλεσται,
1310 1468 1391 1508 dies
1407 1486 1484 1525 quo
1507 1471 1601 1511 haee
1622 1474 1754 1511 omnia

226 1533 336 1576 gesta
364 1533 477 1574 sunt,
515 1537 657 1578 nempe
689 1539 734 1564 ea
765 1525 895 1564 onmia
926 1539 1029 1577 quae
1061 1531 1144 1564 toto
1174 1526 1304 1578 capite
1335 1529 1535 1579 superiori
1562 1531 1754 1570 narravit.

229 1582 419 1632 Superest
445 1580 584 1634 itaque
615 1589 663 1621 ut
695 1584 963 1634 inquiramus,
1006 1589 1094 1622 uter
1119 1583 1160 1621 in
1191 1583 1255 1622 die
1283 1584 1522 1635 assignando
1551 1588 1754 1637 erraverit,

231 1638 504 1689 Gregorasne‚
553 1653 603 1677 an
630 1640 943 1679 Cantacuzenus.
1011 1640 1100 1692 Ipsa
1133 1642 1396 1680 Cantacuzeni
1422 1643 1545 1682 verba
1583 1645 1754 1686 afferam.

227 1691 501 1749 Ἐπολέμησαν
531 1694 575 1737 δὲ
611 1698 815 1750 (loquitur
846 1698 895 1736 de
924 1703 1097 1750 utroque
1127 1696 1373 1754 Andronico)
1405 1700 1448 1741 ἒν
1476 1700 1537 1742 ἑνὶ
1566 1702 1663 1754 μηνὶ
1689 1702 1754 1743 καὶ

231 1752 357 1794 ἔτεσιν
383 1753 448 1804 ἓξ,
479 1749 715 1808 ἀρξαμένων
746 1751 826 1796 οἷπὸ
850 1758 926 1796 τοῦ
945 1753 1110 1796 ἕννάτου
1130 1756 1198 1796 καὶ
1227 1757 1411 1798 εἰκοστοῦ
1440 1757 1551 1806 ἔτους
1580 1758 1646 1800 ἐπὶ
1674 1764 1754 1808 τοῖς

230 1807 483 1859 ὀκτακοσίοις
521 1811 592 1852 καὶ
629 1812 904 1866 ἑξακισχιλίοις
939 1812 982 1854 έν
1019 1809 1181 1869 τετάρτῃ
1219 1809 1468 1866 Ἰνδικτιῶνι,
1512 1816 1754 1857 ἐννεακαιδε-

230 1864 358 1921 κάτην
389 1866 556 1923 ἄγοντος
582 1865 820 1925 Ἀπριλλίου,
853 1868 945 1924 ἅχρι
973 1873 1046 1911 τοῦ
1070 1869 1250 1923 πέμπτου
1280 1871 1347 1912 καὶ
1376 1877 1615 1927 τριακοστοῦ
1633 1874 1754 1924 ἔτους,

230 1924 299 1968 ἐπὶ
326 1930 410 1974 τοῖς
441 1923 493 1968 ω’.
524 1925 594 1967 καὶ
621 1924 669 1980 χ’.
700 1927 743 1968 ἐν
773 1923 911 1983 πρώτῃ
943 1926 1008 1968 ἐπὶ
1038 1927 1133 1968 δέκα
1160 1924 1404 1978 Ἰνδικτιῶνι,
1436 1932 1580 1972 Μαΐου
1610 1928 1754 1987 ἒννάτῃ

231 1983 298 2025 ἐπὶ
331 1982 438 2024 δέκα.
495 1984 544 2023 Id
574 1991 655 2035 est⁷
703 1990 749 2023 ut
776 1985 859 2023 fere
897 1985 1019 2023 vertit
1046 1986 1269 2036 Fontanus,
1313 1984 1603 2040 Belligerarunt
1634 2003 1754 2028 annos

231 2055 331 2090 sex,
370 2056 536 2080 mensem
574 2058 712 2092 unum,
752 2042 977 2095 incipientes
1015 2043 1197 2082 nimirum
1236 2058 1341 2082 anno
1378 2043 1428 2082 ab
1466 2044 1558 2084 orbe
1598 2044 1754 2085 condito

232 2098 414 2137 vicesimo
445 2113 548 2137 nono
577 2114 697 2152 supra
726 2114 799 2138 seae
827 2097 960 2138 millia
989 2109 1024 2137 ei
1054 2101 1318 2154 octingentos,
1351 2099 1574 2141 Indictione
1605 2112 1754 2157 quarta,

208 2153 385 2199 ‚decimo
425 2169 527 2194 nono
559 2154 719 2210 Aprilis·
759 2154 842 2204 die,
879 2166 914 2194 et
955 2154 1010 2194 ad
1049 2172 1195 2196 annum
1234 2158 1410 2212 quinium
1450 2168 1486 2197 et
1522 2160 1754 2198 tricesimum

232 2226 353 2264 supra
383 2210 492 2250 mille
522 2214 784 2266 octingentos,
822 2211 1082 2253 Indictionem
1113 2213 1373 2266 undecimam,
1403 2225 1438 2254 et
1467 2213 1659 2255 decimum
1689 2230 1754 2254 no·

234 2283 328 2307 num
359 2267 459 2307 diem
495 2271 604 2310 Maii
635 2268 902 2324 producentes.
964 2271 1230 2323 Chronologia
1259 2271 1358 2310 haec
1386 2278 1471 2311 tota
1501 2272 1584 2311 sere
1613 2273 1754 2311 vitiosa

237 2331 310 2365 est.
370 2323 667 2378 Belligerarunt‚
693 2327 834 2379 inquit,
864 2343 990 2367 annos
1017 2344 1114 2368 sex:
1143 2328 1286 2379 immo,
1317 2343 1443 2368 annos
1473 2339 1612 2382 septem
1645 2328 1754 2383 (vide

237 2383 404 2434 Gregor.
429 2382 498 2423 lib.
525 2382 616 2422 XII.
648 2398 736 2437 cap.
764 2385 884 2439 HL),
920 2386 1117 2437 siquidem
1147 2387 1240 2424 anni
1270 2386 1436 2424 totidem
1460 2387 1704 2426 effluxerunt
1737 2402 1754 2424 a

235 2454 370 2479 mense
393 2440 518 2492 Aprili
546 2440 776 2480 Indictionis
798 2449 962 2495 quartae
985 2444 1038 2482 ad
1056 2457 1230 2482 mensem
1252 2443 1399 2481 Maium
1425 2444 1658 2483 Indictionis
1681 2458 1754 2482 un-

237 2497 428 2538 decimae.
488 2497 639 2537 Deinde
671 2498 827 2538 initium
857 2500 953 2539 belli
982 2500 1114 2553 ponit,
1153 2498 1314 2554 Aprilis
1343 2497 1406 2539 die
1434 2500 1565 2539 XIX.
1597 2501 1706 2552 quod
1737 2515 1754 2538 a

238 2555 417 2606 Gregora
440 2555 543 2593 Hist.
566 2555 635 2596 lib.
662 2555 769 2595 VIII.
797 2571 881 2610 cap.
902 2557 967 2597 VI.
997 2564 1093 2597 sect.
1115 2557 1155 2600 4.
1185 2558 1348 2610 ponitur
1375 2555 1535 2611 Aprilis
1563 2555 1625 2597 die
1654 2556 1754 2596 XX.

237 2613 339 2650 Tum
362 2613 417 2651 ait
436 2612 585 2651 bellum
613 2613 856 2665 productum
878 2628 962 2654 esse
982 2613 1036 2654 ad
1064 2630 1209 2653 annum
1239 2615 1416 2669 quintum
1446 2624 1482 2654 et
1509 2615 1754 2664 tricesimum¹

238 2669 347 2721 quod
369 2671 455 2722 ipse
483 2670 587 2709 dixit
617 2669 859 2722 productum
879 2686 963 2711 esse
992 2685 1119 2724 usque
1143 2673 1194 2711 ad
1211 2671 1477 2710 Indictionem
1495 2672 1754 2721 undecimam,

239 2740 340 2778 quae
376 2727 522 2766 incidit
552 2726 596 2765 in
624 2741 769 2767 annum
807 2729 1054 2781 trigesimum
1081 2735 1249 2768 sextum.
1309 2729 1445 2778 Idem,
1483 2735 1528 2767 ut
1569 2743 1754 2767 summam

240 2797 434 2822 annorum
462 2784 604 2823 Mundi
635 2786 857 2837 compleat,
888 2787 999 2825 addit
1021 2782 1073 2827 ω’.
1094 2786 1162 2826 καὶ
1191 2782 1236 2839 χ’.
1262 2800 1397 2826 errore
1425 2786 1654 2835 manifesto,
1683 2798 1754 2837 pro

241 2836 296 2880 ω’.
315 2839 384 2882 καὶ
408 2856 453 2896 Ις.
483 2855 554 2882 seu
580 2842 646 2883 VI.
673 2842 857 2883 MDCCC.
918 2843 1097 2897 Denique
1121 2843 1226 2884 diem
1248 2844 1421 2896 assignat
1452 2857 1541 2883 eum
1563 2857 1680 2896 quem
1697 2856 1754 2880 su-
