1794 3172
273 158 407 208 1076
688 161 1004 209 NICEPHORI
1031 162 1357 210 GREGORAE

49 287 85 322 Δ.
102 285 259 324 Μ.,6859
271 273 603 333 ἐξηπατημένους
622 272 797 317 δείκνυσι
817 272 947 317 τουτί.
986 272 1038 316 σὺ
1059 273 1102 317 δ’
1128 272 1202 317 οὐκ
1220 272 1304 318 οἶδ’
1328 273 1404 319 εἴτ’
1427 274 1627 332 ἐπίτηδες,
1660 276 1747 321 ἓτὲ-

111 332 220 369 lnd·4
273 363 349 405 ρου
377 343 500 402 χάριν
530 343 627 387 ὅτου
659 342 736 399 δὴ,
775 342 853 386 εἴτ’
875 343 919 386 ἐκ
941 346 1017 387 τοῦ
1045 342 1329 402 παρήκοντος,
1368 342 1437 389 οἷα
1467 346 1518 401 δὴ
1546 346 1593 389 τὸ
1621 344 1748 390 αὖτό-
1773 344 1775 347 ’

269 432 405 472 ματον
433 412 659 469 πάμπολλα
679 413 791 471 φέρει
820 412 925 468 μετὰ
948 415 1188 471 μυστηρίων
1210 431 1254 458 τε
1283 416 1351 457 καὶ
1377 412 1508 471 λόγων
1537 412 1641 472 ὖπέρ
1675 414 1748 459 λό-

268 502 364 542 γον,
400 481 513 538 ὅμως
545 482 867 541 εὐπρεπεστέραν
899 486 1039 543 πολλῷ
1070 501 1142 538 μοι
1169 483 1245 540 τὴν
1276 484 1486 540 ἀνθολκὴν
1509 482 1747 542 ἐπεπράχεις

234 553 422 607 Οαῦτὸς,
456 552 483 609 ἢ
511 552 618 596 κατὰ
646 557 786 596 πᾶσαν
820 552 981 610 ἀγωγὴν
1011 555 1078 596 καὶ
1108 554 1525 610 κατεσπουδασμένην
1550 552 1776 611 πρόνοιαν5

269 621 385 679 ἐμήν.
421 621 449 665 ἃ
469 623 548 681 γὰρ
577 622 786 680 προῦργου
813 622 967 673 παντὸς
988 621 1212 679 ἐποιούμην
1230 621 1357 667 πάλαι
1378 621 1508 666 πολύν
1529 641 1622 666 τινα
1645 622 1744 680 χρό-

268 711 341 737 νον
355 692 413 735 ἕπ’
438 691 673 751 αὐτοφώρῳ
693 699 911 748 κατασχεῖν
927 694 1076 736 ἐκεΐνον
1087 691 1368 750 ὁμολογοῦντα
1387 694 1605 748 δημοσίαις
1615 693 1748 750 γλώτ-

268 780 382 817 ταις,
421 761 448 805 ἃ
468 764 695 819 λαθραιάις
718 760 877 821 φήμαις
901 761 1046 805 ἄλλοτ’
1074 762 1211 813 ἄλλως
1237 763 1519 819 καταγγέλλων
1541 761 1748 806 ἁλίσκεται

270 836 486 889 πανταχῆ,
525 833 627 889 λέγω
658 832 710 888 δὴ
743 833 791 875 τὸ
825 832 950 889 λέγειν
981 832 1131 886 αὐτὸν,
1170 830 1225 883 ὥς
1249 830 1400 883 πάντες
1427 835 1484 882 εἷς
1510 832 1585 889 τὴν
1618 833 1746 876 αὐτοῦ

271 903 511 958 συμμαχίαν
537 902 779 958 ποταμηδὸν
811 902 1023 946 ἀπαντῶσι
1053 904 1202 960 σοφοὶ,
1234 901 1324 946 ὅσοι
1352 919 1395 946 τε
1425 906 1508 945 τῶν
1541 900 1748 959 ἡμετέρων
1761 909 1794 945 1(

233 974 343 1019 Dua}
367 970 457 1015 ὅσοι
485 976 569 1016 τῶν
603 971 785 1026 ἔξωθεν,
821 976 955 1015 ταῦτα
983 972 1120 1030 φέρων
1144 971 1392 1030 προῦθηκας
1418 969 1516 1028 ἡμῖν
1539 972 1750 1033 παρρησίᾳ

271 1040 450 1100 τήμερον
460 1075 473 1096 ,
513 1043 765 1099 προσδοκιάς
793 1039 956 1097 ἁπάσης
976 1040 1333 1099 ὑπερβαλόμενος·
1368 1046 1493 1085 τοῦτο
1525 1043 1570 1084 δὲ
1598 1042 1646 1085 τὸ
1674 1046 1750 1097 τῆς

273 1112 519 1169 παροιμίας·
545 1111 651 1154 κατὰ
671 1115 828 1154 σαυτοῦ
844 1110 1224 1169 Βελλεροφόντης.”
1263 1112 1374 1169 Τρία
1393 1110 1472 1169 γὰρ
1492 1106 1558 1167 ἦν,
1584 1109 1646 1162 οἷς
1664 1109 1749 1166 μά-

274 1185 396 1225 λιστα
425 1181 671 1240 κεχρημένος
699 1178 893 1224 ἁπάντων
938 1181 1064 1231 αὐτὸς
1090 1179 1397 1236 παρακρούεται
1432 1181 1530 1231 τοὺς
1571 1181 1750 1231 πολλοὺς

274 1251 350 1295 del.
386 1248 431 1294 ’ἐν
452 1252 550 1307 μὲν,
585 1249 649 1294 ὅτι
670 1250 913 1308 καταφυγὴν
931 1250 991 1293 ἀεὶ
1010 1250 1058 1293 τὸ
1083 1249 1305 1307 Θαβώριον
1329 1249 1424 1307 ὅρος
1442 1257 1636 1303 ποιεῖται,
1673 1250 1748 1306 τὴν
1762 1258 1794 1294 1ξ

274 1322 429 1364 ἐκεῖθεν
456 1325 910 1377 θαυματουργηθεΐσαν
933 1319 1138 1375 ἔλλαμψίν
1161 1337 1204 1363 τε
1232 1321 1298 1362 καὶ
1318 1321 1439 1363 θείαν
1466 1317 1590 1377 χάριν
1615 1338 1749 1375 καπη-

232 1388 404 1434 Ελεύων
437 1392 505 1434 καὶ
538 1388 774 1446 διαβάλλων
806 1389 890 1443 ἀεὶ,
936 1391 1004 1433 καὶ
1034 1397 1122 1440 τοῖς
1147 1387 1420 1447 ἀνδροφόνοις
1449 1393 1577 1432 ποιῶν
1609 1407 1750 1447 παρα-

271 1458 450 1516 πλήσια,
490 1461 533 1503 οἵ
558 1477 601 1517 γε
631 1458 789 1515 λόχμας
813 1457 1087 1514 ὑποδυόμενοι
1116 1465 1203 1509 τοῖς
1231 1463 1312 1502 τῶν
1343 1456 1576 1517 παριόντων
1606 1451 1770 1516 ἄπεριέ

273 1530 459 1580 σκέπτως
479 1534 691 1587 τρυφῶσιν
722 1531 914 1584 αἵμασιν
959 1528 986 1585 ἢ
1013 1532 1173 1584 μᾶλλον
1203 1526 1338 1572 ὁπόσα
1368 1527 1474 1572 κατὰ
1507 1528 1584 1578 τὰς
1611 1526 1751 1584 μάχας

272 1597 502 1656 ἡττώμενοι
533 1601 687 1657 δρῶσιν
711 1599 749 1643 οἳ
769 1596 1004 1656 βάρβαροι,
1039 1606 1127 1650 τοῖς
1148 1596 1359 1656 ἡμετέροις
1383 1598 1508 1656 ἱεροῖς
1534 1599 1602 1641 καὶ
1630 1599 1748 1653 τεμὲ-
1759 1605 1794 1641 2(

272 1685 358 1714 νεσι
381 1667 729 1727 καταφεύγοντες,
767 1670 834 1712 καὶ
856 1669 947 1712 ἀντὶ
966 1673 1133 1727 θυρεῶν
1153 1669 1220 1711 καὶ
1241 1665 1413 1726 τάφρων
1442 1665 1751 1725 καταχρώμενοι

275 1746 367 1791 ταῖς
395 1737 530 1796 ἁγίαις
562 1737 701 1784 εῗκόσι.
747 1742 872 1782 τοῦτο
905 1738 967 1793 δ’,
1000 1738 1042 1783 εἷ’
1056 1756 1118 1790 τις
1137 1737 1196 1794 μὴ
1218 1735 1422 1797 πάρεργον
1451 1744 1537 1788 τοῖς
1558 1737 1751 1796 ἀνωτέρω

368 1851 425 1887 18.
449 1849 494 1886 οῖ’
506 1861 547 1897 γε
565 1850 678 1898 Capp.
701 1861 765 1898 pro
789 1849 833 1887 οἵ
849 1861 898 1886 τε.

277 1942 432 1979 omnibus
448 1943 619 1989 Synodis,
643 1956 760 1979 errore
780 1943 944 1989 deceptos
967 1940 1075 1977 fuisse
1099 1940 1279 1976 manifeste
1295 1943 1430 1987 arguat.
1476 1941 1536 1977 'I'u
1559 1944 1671 1977 autem
1690 1953 1751 1977 ne-

277 1991 349 2025 scio
369 2001 413 2025 an
436 1991 479 2025 de
503 1991 697 2033 industria,
721 1991 862 2025 alterius
888 1988 1120 2033 cuiuscunque
1150 1989 1202 2022 rei
1227 1988 1340 2034 gratia
1354 2014 1364 2030 ‚
1389 1999 1433 2022 an
1454 1989 1566 2023 obiter
1584 2001 1647 2023 nec
1667 1989 1751 2024 data

277 2048 410 2082 opera3
431 2037 618 2072 cuiusmodi
643 2038 745 2073 multa
767 2048 847 2072 casu
874 2037 1049 2076 feruntur,
1072 2035 1208 2069 arcanis
1230 2035 1433 2080 quibusdam
1452 2035 1667 2076 rationibus,
1691 2047 1750 2069 su-

281 2095 344 2130 pra
370 2095 498 2118 omnem
524 2085 687 2119 rationem
714 2084 857 2130 positis3
892 2086 970 2116 utut
998 2081 1065 2123 sit,
1090 2082 1193 2115 multo
1223 2081 1452 2116 decentiorem
1477 2082 1559 2116 mihi
1590 2087 1630 2116 ut
1650 2082 1749 2116 vobis

281 2130 484 2165 obsisterem
505 2142 621 2166 ansam
639 2130 850 2177 praebuisti,
874 2140 974 2174 quam
994 2140 1057 2173 ego
1078 2139 1152 2162 mea
1179 2140 1286 2170 cura,
1311 2129 1401 2162 omni
1427 2128 1540 2162 studio
1569 2141 1610 2163 ac
1633 2129 1760 2173 provi-¹

281 2176 402 2211 dentia
426 2177 586 2221 propria,
610 2188 808 2223 comparare
832 2175 1010 2221 potuerim.
1064 2174 1268 2220 Iampridem
1300 2174 1389 2209 enim
1418 2175 1500 2209 nihil
1532 2174 1611 2208 mihi
1638 2175 1751 2220 potius

280 2227 344 2258 aut
367 2223 542 2268 antiquius
563 2228 658 2267 erat,
683 2234 782 2269 quam
802 2222 894 2256 illum
916 2222 1087 2256 Palamam
1102 2221 1197 2256 velut
1220 2221 1255 2255 in
1282 2221 1445 2266 flagranti
1465 2221 1590 2255 delicto
1620 2222 1751 2266 depre-

280 2268 455 2312 hendere,
487 2270 632 2314 publicis
656 2270 798 2304 vocibus
826 2269 1043 2303 confitentem
1068 2280 1128 2310 ea,
1160 2279 1251 2314 quae
1275 2267 1419 2302 occultis
1448 2267 1639 2301 rumoribus
1666 2267 1751 2301 alias

280 2315 382 2351 aliter
403 2316 605 2361 praedicare
631 2316 859 2351 convincitur:
884 2315 920 2349 id
949 2314 1115 2349 videlicet
1140 2314 1315 2359 intelligo,
1341 2313 1434 2359 quod
1455 2313 1581 2359 ubique
1600 2313 1750 2355 iactitat,

282 2373 399 2398 omnes
426 2362 501 2398 sive
528 2362 743 2398 Christianos
771 2362 844 2396 sive
871 2373 1028 2408 paganos
1060 2361 1234 2407 sapientes
1261 2372 1441 2394 numeroso
1472 2361 1607 2404 agmine
1629 2360 1701 2394 suis
1730 2371 1752 2394 a

282 2409 440 2456 partibus
460 2413 565 2446 stare.
612 2409 689 2443 Hoc
708 2413 819 2443 autem
841 2409 929 2442 ultro
948 2408 1045 2442 nobis
1065 2412 1100 2441 et
1119 2408 1226 2441 libere
1243 2418 1350 2452 supra
1369 2418 1499 2441 omnem
1520 2406 1752 2452 exspectatio-

281 2467 358 2491 nem
377 2460 528 2490 nostram
541 2455 644 2490 hodie
664 2456 707 2490 ob
724 2455 840 2489 oculos
858 2454 1022 2501 posuisti:
1047 2457 1152 2498 atque
1171 2454 1234 2488 hoc
1254 2458 1307 2487 est
1325 2454 1414 2498 quod
1432 2454 1515 2487 trito
1535 2454 1648 2487 fertur
1668 2453 1753 2486 ada-

281 2502 363 2548 gio:
396 2502 569 2537 Adversus
595 2507 632 2536 te
656 2502 767 2547 ipsum
786 2499 1104 2547 Bellerophontes.”
1136 2500 1227 2535 Nam
1243 2499 1311 2534 tria
1331 2504 1443 2541 erant,
1469 2499 1592 2545 quibus
1607 2499 1752 2533 omnium

282 2549 428 2584 maxime
448 2550 494 2584 ad
510 2548 633 2595 vulgus
651 2560 784 2594 semper
808 2548 1046 2594 decipiendum
1069 2558 1149 2581 usus
1170 2551 1234 2580 est.
1280 2546 1396 2580 Primo
1423 2545 1558 2591 quidem
1577 2545 1753 2580 Tliabori-

284 2607 359 2630 cum
382 2595 427 2630 ad
453 2600 598 2631 montem
621 2606 754 2640 semper
782 2595 1000 2640 confugiens,
1025 2593 1216 2628 claritatem
1239 2596 1275 2627 et
1299 2592 1447 2627 divinam
1469 2592 1636 2637 gratiam,
1661 2603 1753 2636 quae

284 2642 409 2687 grandi
437 2642 600 2678 miraculo
625 2641 676 2676 ibi
705 2646 843 2676 ostensa
872 2645 945 2683 est,
969 2652 1078 2687 prava
1103 2651 1164 2674 sua
1187 2639 1415 2684 explicatione
1440 2650 1574 2685 semper
1601 2649 1753 2671 corrum—
1780 2636 1781 2639 ’

284 2688 339 2734 pit
367 2693 404 2724 et
431 2688 679 2730 calumniatum
704 2687 794 2722 idem
821 2688 953 2722 faciens
979 2686 1070 2732 quod
1090 2685 1299 2727 homicidae,
1325 2686 1383 2730 qui
1410 2690 1493 2731 apta
1519 2683 1653 2719 insidiis
1678 2683 1754 2718 loca

284 2735 455 2777 subeunt,
479 2742 516 2770 et
528 2735 782 2770 inconsiderate
798 2734 1087 2779 praetereuntium
1111 2732 1278 2778 sanguiue
1302 2731 1534 2766 luxuriantur:
1558 2742 1619 2766 seu
1639 2730 1754 2775 potius

284 2782 379 2826 quod
401 2781 535 2816 faciunt
559 2780 699 2816 barbari
722 2780 860 2827 praeliis
877 2779 979 2822 victi,
1004 2780 1082 2814 dum
1108 2779 1153 2828 ad
1172 2778 1299 2824 templa
1325 2782 1362 2813 et
1384 2779 1466 2813 fana
1490 2782 1610 2812 nostra
1634 2777 1755 2811 confu-

286 2827 408 2871 giunt,
433 2832 470 2862 et
485 2828 594 2863 sacris
615 2827 819 2873 imaginibus
837 2826 936 2873 quasi
955 2826 1062 2861 scutis
1081 2830 1117 2860 et
1133 2825 1233 2860 vallis
1254 2825 1451 2861 abutuntur.
1497 2824 1608 2858 Porro
1627 2823 1657 2857 si
1677 2821 1754 2867 quis

286 2884 356 2909 non
371 2873 484 2911 obiter
501 2878 563 2912 aut
581 2873 817 2923 perfunctorie
835 2884 926 2921 quae
949 2884 1055 2921 supra
1072 2876 1152 2908 sunt
1169 2883 1191 2908 a
1206 2871 1304 2907 nobis
1324 2871 1419 2908 dicta
1437 2869 1583 2917 legerit,
1610 2869 1640 2904 is
1662 2879 1754 2904 com·
