1794 3172
222 119 241 166 1
257 116 356 167 150
372 173 374 177 ,
775 126 1258 175 ANNOTATIONES.

333 229 438 287 Pag.
471 235 510 284 6,
534 237 575 278 8.
630 228 738 275 Ἐπεὶ
763 229 805 276 δ’
827 230 928 289 ὅπερ
947 229 1190 289 ὀφθαλμός]
1222 235 1492 291 Pachymeres
1514 238 1586 280 lib.
1605 238 1636 280 1.
1660 239 1765 280 Hist.

220 302 309 343 cap.
332 293 369 333 1.
402 291 600 344 ἱστορίας,
633 290 688 340 ὥς
710 289 763 333 c'x'v
780 307 841 341 τις
862 292 981 343 εἴποι,
1011 289 1126 346 ψυχή
1146 291 1176 346 ἦ
1193 288 1391 347 ἀλήθεια,
1421 294 1492 337 καὶ
1513 293 1558 337 ‘co'
1579 299 1651 350 τῆς
1670 294 1766 350 ἅλη-

219 350 339 396 θείας
374 350 508 401 χρῆμα
545 346 768 403 ἐπαναγκὲς
797 346 921 403 ἱερόν.
979 349 1077 389 Ideo
1115 351 1321 405 Eunapius
1363 354 1495 393 aiebat
1535 353 1765 406 historicos,

220 405 457 460 priusquam
487 419 530 444 se
562 406 613 444 ad
645 406 904 447 scribendum
937 409 1214 460 accingerent,
1253 412 1328 463 τῆς
1351 406 1549 463 ἀληθείας
1574 409 1769 466 πρόθυρα

221 462 292 504 καὶ
307 460 436 511 πύλας
456 463 628 504 adorare
654 464 813 505 debere.
858 464 960 506 Vide
981 465 1216 506 Ciceronem
1239 466 1289 510 11.
1320 467 1372 509 de
1396 469 1580 520 Oratore,
1612 476 1651 509 et
1672 470 1768 509 alios

222 520 382 574 passim.
424 534 600 561 DUGANG.

337 576 436 632 Pag.
472 581 511 629 6,
542 583 611 622 21.
639 576 885 638 Ἀνδρονίκῳ
903 582 963 638 τῷ
981 577 1270 638 Παλαιολόγῳ]
1301 582 1470 634 Seniori,
1501 597 1619 636 quem
1639 580 1771 625 πολὺν

223 632 300 688 τὴν
330 631 494 677 σύνεσιν
516 637 641 677 fuisse
666 638 743 684 ait,
788 638 855 677 cui
884 637 1057 691 proinde
1085 639 1204 690 longe
1237 641 1374 693 potius
1409 642 1618 692 convenit,
1652 654 1769 693 quam

224 692 404 744 Iuniori,
437 707 518 746 quo
546 694 770 749 imperante
798 696 1053 749 potissimum
1081 696 1185 735 vixit
1214 711 1262 735 ac
1290 704 1411 737 notus
1443 699 1520 737 fuit
1554 700 1770 751 Gregoras.

225 751 289 791 Ad
313 764 430 803 quem
451 765 548 792 vero
577 767 629 792 ex
649 753 765 792 istius
792 754 1045 806 tempestatis
1075 753 1282 793 historicis
1312 756 1534 808 pertineat,
1565 757 1630 796 vel
1655 770 1772 808 quein

227 809 464 863 praesertim
484 816 639 863 spectet
659 811 736 850 ista
758 811 980 851 Andronici
999 811 1097 865 imp.
1121 813 1414 865 expostulatio,
1443 828 1496 853 ex
1516 814 1578 865 iis,
1607 828 1710 867 quae
1729 814 1774 851 in

230 881 275 906 ea
306 873 553 919 carpuntur,
583 883 666 907 non
693 869 856 908 omnino
884 875 1118 922 promptum
1149 876 1208 909 est
1242 871 1426 924 assequi,
1473 872 1550 911 nisi
1577 872 1774 924 Georgius

228 923 499 977 Pachymeres
533 927 804 978 intelligatur,
844 927 958 966 cuius
990 940 1083 980 pars
1115 926 1308 967 historiae
1337 935 1542 982 postrema
1567 944 1633 969 res
1657 945 1679 969 a
1702 931 1775 967 Se—

231 982 344 1021 niore
374 988 504 1033 gestas
534 985 840 1037 complectitur,
873 985 917 1024 in
947 998 1025 1037 qua
1058 985 1164 1024 forte
1197 985 1325 1025 eidem
1354 986 1530 1040 principi
1558 988 1681 1042 paulo
1710 1000 1775 1026 ae-

234 1040 354 1092 quior
374 1039 486 1078 visus
511 1041 584 1092 sit,
617 1048 656 1081 et
675 1056 794 1094 quam
818 1042 979 1082 demum
1001 1042 1176 1082 absolvit
1196 1043 1268 1082 illo
1288 1043 1533 1096 imperante,
1566 1052 1606 1084 et
1629 1058 1777 1084 annum

236 1097 375 1136 aetatis
396 1098 767 1150 quinquagesimum
788 1107 952 1152 agente,
983 1107 1028 1140 ut
1049 1100 1156 1140 idem
1186 1102 1364 1155 scriptor
1382 1108 1554 1142 testatur
1574 1102 1642 1144 lib.
1665 1103 1778 1142 XIII.

236 1167 329 1208 cap.
351 1154 426 1194 ult.
484 1169 660 1198 nucANG.

350 1210 450 1267 Pag.
482 1217 523 1263 6,
548 1216 615 1256 23.
672 1210 763 1254 Ἐπὶ
779 1209 935 1255 τούτων
954 1216 1038 1256 ταῖν
1066 1209 1232 1268 οἷνδραῖν
1257 1213 1314 1256 ἔτι
1334 1212 1561 1272 παρόντων]
1590 1213 1779 1258 Fortasse

237 1265 476 1325 περιόντων,
504 1268 589 1310 illis
609 1269 742 1310 adhuc
763 1271 1047 1324 superstitibus.
1078 1279 1276 1312 WoLFws.

353 1325 455 1382 Peg.
487 1332 528 1380 6,
558 1328 628 1372 24.
688 1328 771 1370 Καὶ
789 1330 857 1371 ἵνα
881 1332 953 1385 μιᾷ
973 1328 1079 1383 τῶν]
1116 1326 1469 1382 ἄνανταπόδοτον,
1500 1332 1579 1372 nisi
1600 1333 1704 1372 sorte
1730 1332 1780 1372 ab

239 1385 311 1425 illo
335 1386 533 1437 pendeat,
565 1384 620 1434 ὥς
649 1386 718 1426 καὶ
746 1382 957 1440 πρόφασιν
991 1385 1159 1441 εὔλογον
1192 1388 1410 1430 δεδωκέναι
1443 1397 1546 1437 etc.‚
1582 1391 1694 1442 quod
1724 1398 1783 1430 ta-

241 1456 334 1482 men
356 1442 474 1482 valde
495 1442 642 1482 durum
662 1443 799 1485 fuerit.
828 1458 1027 1487 woLFms.
1068 1445 1163 1484 -Hic
1187 1459 1229 1484 se
1244 1444 1410 1486 haerere
1432 1448 1581 1487 fatetur
1600 1448 1782 1488 Wolfius.

243 1500 315 1540 Est
342 1507 475 1539 autem
508 1499 610 1539 haec
640 1501 826 1540 transitio
858 1502 995 1541 similis
1030 1503 1087 1549 ei,
1125 1516 1230 1556 quae
1260 1505 1439 1544 occurrit
1470 1505 1576 1544 infra
1605 1506 1676 1546 lib.
1710 1506 1784 1548 IX.

246 1571 335 1609 cap.
358 1559 409 1599 X.
433 1565 532 1597 sect.
556 1562 594 1602 8.
627 1558 696 1599 ἵνα
718 1557 761 1600 δὲ
781 1556 879 1613 πρὸς
898 1557 973 1613 την
991 1563 1066 1602 τοῦ
1093 1557 1296 1615 παρόντος
1325 1557 1448 1617 λόγου
1473 1564 1693 1617 βεβαίωσιν
1714 1564 1785 1605 καὶ

245 1614 493 1670 παλαιοτὲρῳ
519 1615 601 1656 τινὶ
636 1612 853 1670 διηγήματι
884 1614 1111 1673 χρήσωμαι·
1164 1614 1287 1660 ὁπότε
1317 1617 1394 1674 γὰρ
1423 1617 1671 1674 Καμβύσου,
1706 1628 1784 1662 etc.

246 1672 346 1711 Item
368 1673 435 1715 lib.
455 1672 526 1713 XI.
548 1687 637 1726 cap.
662 1674 735 1714 IX.
759 1681 854 1715 sect.
883 1680 920 1718 2.
949 1675 1017 1716 καὶ
1039 1673 1099 1717 ἵν’
1118 1673 1173 1724 οἷς
1203 1675 1248 1717 ἐν
1275 1679 1483 1734 κεφαλαίῳ
1516 1678 1785 1733 διεξέλθωμεν

249 1726 327 1771 ὅσα
349 1729 392 1772 ἐν
412 1727 540 1785 τούτῳ
561 1734 616 1787 τῷ
637 1727 770 1787 χρόνῳ
788 1731 818 1785 ἦ
836 1735 912 1773 τοῦ
931 1728 1083 1789 ἀνδρός
1102 1729 1267 1786 εὐφυῶς
1286 1734 1505 1791 κατέπραξε
1526 1732 1710 1786 σύνεσις.
1725 1767 1735 1778 .
1753 1769 1763 1780 .
1776 1766 1786 1776 .

251 1783 379 1829 αὐτοῦ
396 1785 472 1843 γὰρ
497 1787 579 1841 ἅμα
598 1792 654 1844 τῷ
675 1790 712 1843 β.
739 1803 897 1831 ΒοῐνιΝ.

365 1844 462 1899 Pog.
494 1849 533 1895 6,
566 1847 635 1889 25.
692 1842 782 1888 Ἐπ’
806 1845 930 1900 ἐμοῦ]
959 1844 1060 1888 Mea
1083 1857 1224 1889 aetate.
1281 1848 1360 1888 Sed
1383 1849 1477 1902 quia
1501 1864 1543 1889 se
1563 1851 1788 1891 familiaris-

254 1902 397 1941 simum
425 1903 656 1942 Andronico
686 1904 807 1943 fuisse
837 1910 1005 1943 testatur
1036 1905 1257 1956 Gregorzm,
1306 1907 1509 1958 converti,
1549 1910 1787 1950 sententiani

258 1966 439 2010 secutus,
465 1960 542 1999 'Me
562 1959 753 2002 audiente.
782 1975 979 2003 woLFuJS.
1037 1961 1161 2001 Recte
1179 1962 1369 2013 wolfius,
1399 1979 1519 2019 quam
1544 1967 1579 2004 is
1607 1965 1789 2006 audiente

257 2031 318 2055 me
347 2015 498 2056 habuit.
569 2020 635 2056 Sic
664 2015 731 2059 ἐπ’
765 2015 894 2059 αὐτοῦ
926 2018 997 2058 lib.
1019 2017 1121 2063 VIII.
1155 2033 1244 2073 cap.
1275 2021 1383 2061 VIII.
1415 2028 1513 2060 sect.
1544 2027 1580 2065 1.
1616 2023 1687 2063 lib.
1716 2024 1787 2066 IX.

260 2087 349 2126 cap.
371 2074 400 2111 1.
430 2080 527 2112 sect.
549 2078 590 2117 6.
651 2075 716 2113 Sic
735 2072 805 2128 ἐφ’
822 2074 940 2129 ἡμῶν
965 2075 1035 2116 lib.
1053 2076 1151 2118 VIII.
1171 2091 1259 2130 cap.
1278 2079 1330 2119 X.
1349 2085 1444 2118 sect.
1459 2081 1497 2121 4.
1529 2080 1596 2118 Sic
1616 2080 1789 2132 denique

261 2126 329 2171 ἐπ’
351 2126 482 2172 αὐτῶν
503 2131 571 2174 lib,
594 2133 662 2174 IX.
688 2146 775 2186 cap.
794 2134 845 2174 X.
868 2139 962 2172 sect.
986 2137 1025 2177 8.
1082 2133 1210 2173 Aliter
1225 2141 1357 2174 tamen
1379 2142 1551 2179 veteres.
1601 2137 1791 2177 Theocri-

261 2192 347 2236 tus,
388 2184 495 2228 Αἷθ’
525 2185 593 2229 ἐπ’
622 2190 717 2241 ἐμεῦ
752 2192 867 2238 ζωοῖς
893 2190 1129 2245 ἐναρίθμιος
1162 2189 1313 2244 ὤφελες
1337 2187 1450 2246 ἦμες.
1516 2193 1677 2234 Utinam
1702 2210 1790 2234 mea

263 2253 390 2284 aetate
407 2244 446 2282 in
463 2245 729 2303 vivis-fuisses.
758 2247 863 2288 Vide
883 2254 997 2286 notas
1016 2247 1165 2289 Wolfii.
1223 2263 1375 2291 1301vm.

380 2303 475 2355 Pag.
506 2305 558 2347 7.
590 2305 629 2346 5.
686 2303 738 2344 Οἱ
759 2302 802 2344 δὲ
829 2302 1040 2357 πρόθυμοι
1059 2304 1161 2359 πρός
1180 2304 1222 2348 τό
1252 2306 1474 2360 λοιδορεῖν]
1507 2307 1657 2347 Contra
1679 2322 1791 2348 rece-

264 2363 373 2411 ptam
392 2358 440 2396 ab
462 2359 644 2398 omnibus
662 2359 852 2400 historiae
873 2363 1017 2414 legem:
1044 2359 1141 2404 ’ὅταν
1160 2361 1234 2418 γαρ
1255 2365 1311 2413 εἰς
1330 2362 1374 2405 τὸ
1390 2367 1463 2417 τῆς
1483 2366 1657 2420 ἱστορίας
1683 2361 1792 2418 ἦθος

268 2411 551 2486 ἀναλαμβάνῃ,
592 2416 862 2460 ἐπιλαθέσθαι
890 2417 964 2473 χρή
1001 2415 1162 2469 εὐνοίας
1192 2421 1263 2462 καὶ
1289 2422 1452 2475 μίσους,
1500 2422 1570 2463 καὶ
1599 2420 1794 2471 πολλάκις

267 2477 432 2526 κοσμεῖν
448 2487 544 2525 τους
563 2472 736 2527 ἐχθρούς
756 2480 839 2525 τοῖς
862 2478 1057 2533 μεγίστοις
1079 2477 1279 2528 ἐπαίνοις,
1307 2475 1402 2520 ὅταν
1428 2479 1474 2521 αἱ
1491 2477 1655 2534 πράξεις
1675 2477 1791 2521 ἄπαι-

269 2532 369 2570 τῶσι
385 2531 525 2571 τοῦτο·
556 2527 749 2580 πολλάκις
770 2528 811 2573 δ’
834 2532 1002 2588 ἐλέγχειν
1024 2531 1119 2583 τούς
1143 2531 1505 2590 ἀναγκαιοτάτους,
1537 2535 1634 2578 ὅταν
1655 2538 1792 2578 αἰτῶν

271 2583 595 2640 ἐπιτηδευμάτων
621 2587 812 2642 ἁμαρτίαι
837 2594 910 2631 τοῦ
940 2589 1332 2634 καθυποδεικνύωσι.
1389 2593 1503 2633 Anna
1525 2595 1724 2633 Comnena
1751 2594 1793 2632 in

271 2643 442 2695 Prologo
476 2644 526 2686 ad
554 2644 735 2684 Alexiad.
758 2645 1058 2698 Christodulus,
1106 2662 1178 2690 seu
1206 2651 1528 2697 Cantacuzenus.
1559 2652 1600 2691 in
1623 2653 1792 2702 Prologo

271 2699 374 2740 Hist.
395 2714 435 2753 p.
453 2700 496 2744 4.
526 2697 577 2742 ου’
596 2699 670 2756 γοῖρ
691 2698 888 2760 ἀπεχθείᾳ
905 2704 1003 2755 τινὶ,
1032 2702 1061 2758 ἢ
1081 2707 1196 2761 φιλία
1224 2705 1282 2760 (ἐξ
1301 2703 1358 2749 ὧν
1379 2705 1426 2749 vo*
1446 2710 1600 2759 ψεῦδος
1623 2705 1791 2750 {amoti}

273 2754 457 2810 τίκτεται)
487 2756 590 2812 πρὸς
615 2755 782 2808 τούτους
802 2756 996 2814 ἀπήχθην
1022 2761 1117 2811 τούς
1138 2762 1303 2818 λόγους,
1335 2761 1424 2806 ἄλλ’
1445 2761 1639 2818 ἀληθείας
1666 2765 1792 2816 ἕνεκα,

274 2812 344 2855 καὶ
366 2811 468 2868 πρὸς
489 2810 682 2870 ἀληθείας
698 2815 868 2871 ἐραστήν
892 2817 1062 2870 τούτους
1080 2823 1290 2875 ποιοῦμαι.
1346 2835 1520 2864 nocane.
