1794 3172
272 130 375 178 742
686 135 1003 180 NICEPHORI
1031 134 1357 182 GREGORAE

51 253 88 285 A.
107 251 148 284 Μ.
168 250 260 287 6853
272 247 341 291 διὰ
371 247 444 292 τὸν
476 251 550 291 τοῦ
582 243 838 290 Ἀποκαύκου
869 247 1000 288 παῖδα
1031 244 1193 302 δηλαδὴ
1229 246 1296 288 καὶ
1328 245 1406 303 τὴν
1441 244 1659 305 ἀφαίρεσιν
1681 253 1758 305 τῆς

88 299 162 358 ,lnd‘
178 300 222 334 13
270 319 492 375 ἐπιτροπῆς
522 317 716 371 ἀπεχθῶς
743 316 994 370 διακείμενος
1013 315 1117 372 πρὸς
1146 312 1287 359 αὐτόν.
1325 316 1408 359 ἐπεὶ
1432 316 1476 360 δ’
1501 316 1757 370 Ἀπόκαυκος

270 389 344 444 μὲν
366 389 408 439 ἐξ
429 385 665 445 ἀνθρώπων
692 381 764 441 ἦν,
803 383 1015 441 ἀγώνισμα
1036 386 1180 442 ξίφους
1199 383 1436 442 γενόμενος,
1475 388 1543 430 καὶ
1564 386 1642 430 ἔδει
1665 391 1755 430 Βυ-

271 459 444 514 ζαντίοις
480 455 631 512 ἀνδρὸς
674 454 929 512 θερμοτέρου
974 456 1042 497 καὶ
1074 453 1326 512 δραστήριον
1359 456 1541 507 ἐπιεικῶς
1588 456 1754 512 ἔχοντος

269 525 487 586 φρόνημα,
526 523 751 582 γράμματα
782 524 926 582 ἐφοίτα
953 524 1084 580 συχνὰ
1125 524 1230 582 πρὸς
1269 529 1344 581 τῆς
1374 526 1781 584 βασιλίδοςἌννηςό

141 600 259 637 v.377
270 598 383 654 αὐτῷ
394 630 407 650 ,
435 601 606 651 μακρῶν
628 596 793 651 δωρεῶν
815 596 881 636 καὶ
909 592 1154 649 ἀξιωμάτων
1175 595 1416 652 ἐπαγγελίας
1439 597 1679 651 κομίζοντα,
1720 600 1755 640 εἰ

225 670 255 704 C
266 665 460 724 βούλοιτο
485 663 677 720 διάδοχος
701 663 838 707 ἐλθῶν
860 668 1116 720 καταστῆναι
1139 666 1207 707 καὶ
1234 669 1391 722 βουλῆς
1413 667 1481 709 καὶ
1500 663 1664 723 τρόπων
1685 669 1754 710 καὶ

268 734 403 780 δόλων
421 735 783 790 Καντακουζηνοῦ.
821 737 967 783 ταῦτα,
980 733 1056 790 τὴν
1079 735 1230 778 ἐκείνου
1250 733 1435 778 διάνοιαν
1455 735 1651 793 ἔθραυσε,
1686 738 1754 779 καὶ

265 806 344 863 τὴν
363 803 529 863 γνώμην
546 802 784 861 μετήνεγκεν
799 817 808 827 ·
841 805 909 846 καὶ
927 808 1001 847 τοῦ
1023 805 1167 861 καιροῦ
1186 803 1377 862 καθάπερ
1400 803 1604 863 ὀστράκου
1624 823 1754 861 μετα-

266 874 486 928 πεσόντος,
523 876 647 918 πλείω
677 873 752 929 τὴν
782 875 1023 930 συμμαχίδα
1054 872 1229 930 δύναμιν
1262 876 1306 918 ἐκ
1342 878 1523 932 Περσῶν
1552 877 1751 932 μετεπέμ-
1767 882 1794 917 1(

266 964 366 990 πετο
384 960 394 970 ·
432 947 500 988 καὶ
531 944 661 1000 συχνοὶ
691 943 952 1001 κατατρέχων
978 941 1103 1002 ἐδῄου
1128 946 1195 988 καὶ
1218 944 1309 988 ἔκαε
1329 945 1404 996 τὰς
1425 950 1484 1005 τῷ
1502 948 1752 989 Καντακου-

269 1018 375 1075 ζηνῷ
406 1015 761 1073 προσεῤῥυηκυίας
787 1012 930 1071 χώρας
955 1016 1023 1057 καὶ
1046 1013 1207 1069 πόλεις,
1247 1017 1315 1058 καὶ
1335 1014 1388 1062 τοὶ
1409 1020 1494 1059 τῶν
1514 1017 1753 1068 Βυζαντίων

216 1128 222 1132 ε
266 1085 404 1129 ἔπειθε
436 1085 573 1145 ῥᾷστα
612 1090 799 1142 φρονεῖν,
847 1084 924 1140 τὴν
956 1085 1188 1128 ἐνεστῶσαν
1224 1083 1404 1142 ἀνάγκην
1449 1084 1751 1143 διαδιδράσκειν

223 1156 505 1214 Βέθὲλοντας.
554 1153 647 1214 (Δ.)
676 1153 789 1196 Ἀλλ’
818 1153 918 1197 οὔδ’
942 1154 1069 1205 αὐτὸς
1088 1159 1163 1211 τῆς
1181 1154 1377 1211 τοιαύτης
1396 1154 1530 1200 ὤνατο
1552 1158 1749 1212 σπουδῆς.

267 1227 351 1269 ἐπεὶ
374 1225 452 1283 γὰρ
475 1223 855 1280 ὃΚαντακουζηνὸς
872 1224 948 1281 τὴν
970 1224 1229 1283 διαστροφὴν
1248 1227 1316 1268 καὶ
1333 1223 1558 1286 μετάθεσιν
1576 1230 1748 1281 τῆς·τοῦ
1765 1232 1794 1267 11

265 1294 462 1352 Βατάτζη
493 1292 682 1350 διακήκοε
716 1291 905 1351 γνώμης,
943 1293 1119 1352 τάχιστα
1142 1295 1391 1339 συνέστειλεν
1416 1298 1472 1346 εἷς
1493 1295 1547 1339 τὰ
1571 1294 1752 1354 φρούρια

263 1363 425 1416 πάντας
466 1365 649 1422 καρποὺς
683 1361 787 1419 ὃμοῦ
826 1371 914 1416 τοῖς
954 1364 1198 1423 ἀνθρώποις
1232 1367 1301 1408 καὶ
1341 1373 1429 1416 τοῖς
1470 1364 1748 1421 βοσκήμασιν,

265 1435 464 1489 ἐπειπών,
503 1433 559 1485 ὥς
578 1432 736 1493 εὑρήσει
760 1434 836 1485 τὰς
865 1439 942 1491 τῆς
970 1436 1178 1493 ἐπιορκίας
1195 1436 1362 1487 ἐκτίσεις
1381 1435 1486 1494 πρὸς
1513 1441 1587 1478 τοῦ
1611 1437 1752 1493 ἐπιορ-

263 1505 464 1560 κουμένου
487 1509 591 1548 θεοῦ
606 1519 615 1529 ·
654 1503 710 1555 ὥς
742 1506 934 1549 ἐντεῦθεν
959 1504 1140 1549 ἐλθόντα
1170 1505 1276 1561 μετὰ
1295 1510 1370 1562 τῆς
1389 1509 1600 1563 Περσικῆς
1622 1504 1752 1549 δυνά-

261 1592 371 1629 μεως
392 1573 613 1631 Βατάτζην
641 1573 809 1633 ἐρήμοις
839 1593 883 1619 τε
913 1574 1168 1634 ἐντυγχάνειν
1199 1574 1426 1633 οἰκητόρων
1472 1582 1565 1626 ταῖς
1591 1574 1748 1634 χώραις
1760 1582 1794 1618 2(

222 1647 333 1688 Εκαὶ
358 1652 450 1696 ταῖς
469 1642 590 1696 πόαις
619 1644 714 1689 ἄνευ
743 1644 1048 1702 βοσκημάτων,
1087 1648 1155 1689 καὶ
1187 1650 1293 1706 λιμῷ
1316 1646 1385 1689 διὰ
1404 1650 1538 1691 ταῦτα
1565 1646 1752 1701 πιεζομέ-

261 1732 359 1766 νους
400 1713 626 1773 ἐπάγεσθαι
655 1716 840 1773 Πέρσας.
877 1721 1012 1760 ταῦτα
1047 1715 1162 1774 παρὰ
1192 1716 1268 1767 τὰς
1304 1717 1543 1773 ἐπαγγελίας
1576 1718 1644 1759 καὶ
1675 1716 1752 1766 τὰς

216 1828 221 1832 ,
264 1786 477 1844 ἐμβριθεῖς
515 1786 668 1837 ἐκείνας
713 1787 880 1838 ἐλπίδας
914 1787 1191 1843 θεασαμένοις
1230 1793 1317 1837 τοῖς
1350 1784 1584 1844 βαρβάροις
1619 1786 1751 1842 ἀχθε-

347 1906 393 1944 ’8.
416 1908 503 1943 Post
525 1905 647 1945 δόλων
669 1905 783 1945 Βοίνζ
797 1909 968 1946 excidisse
991 1913 1092 1957 putat
1114 1910 1184 1946 τοῦ
1200 1905 1429 1945 Ἀποκοιύκου
1452 1906 1548 1944 κατὰ
1574 1907 1657 1945 τοῦ.

264 2009 346 2045 tinis
360 2010 526 2046 Batatzes
545 2012 633 2055 fuit,
657 2013 700 2048 ob
728 2014 950 2060 subrogatum
976 2013 1140 2049 videlicet
1156 2012 1332 2060 Apocauci
1360 2013 1468 2048 filiurn
1492 2014 1528 2048 et
1555 2012 1750 2059 ademptam

263 2057 331 2111 sibi
359 2058 611 2104 praefecturam
634 2060 774 2106 ipsimet
792 2063 976 2107 Apocauco
992 2061 1159 2097 infensus.
1207 2061 1276 2095 Ubi
1293 2065 1405 2095 autem
1422 2065 1638 2106 Apocaucus,
1655 2062 1749 2095 ferro

263 2108 513 2149 interemptus,
538 2117 557 2139 e
577 2107 666 2142 vivis
695 2111 864 2151 excessit,
899 2120 976 2143 cum
996 2108 1193 2153 indigerent
1213 2108 1401 2152 Byzantini
1433 2108 1509 2142 viro
1536 2107 1609 2142 acri
1633 2111 1668 2142 et
1693 2118 1748 2148 eo,

264 2150 362 2185 cuius
382 2151 509 2186 animus
532 2158 624 2188 esset
647 2155 690 2189 ad
711 2156 879 2200 quidlibet
896 2156 1088 2191 audendum
1106 2155 1397 2201 promptissimus,
1421 2155 1621 2200 frequentes
1641 2154 1684 2188 ad
1705 2154 1748 2188 il-

263 2196 335 2232 lum
353 2198 471 2232 Annae
495 2198 722 2244 imperatricis
743 2202 883 2237 litterae
905 2203 1059 2249 perlatae
1078 2207 1176 2243 sunt,
1204 2214 1265 2247 per
1288 2213 1373 2247 quas
1398 2213 1521 2246 magna
1544 2201 1578 2236 ei
1608 2212 1748 2235 munera

264 2255 479 2290 magnaeque
498 2246 687 2291 dignitates
710 2250 1016 2294 promittebantur,
1042 2249 1071 2283 si
1094 2249 1198 2284 vellet
1217 2255 1252 2284 et
1275 2248 1488 2283 consiliorum
1510 2253 1545 2282 et
1561 2260 1685 2282 morum
1713 2253 1748 2281 et

261 2291 422 2326 fraudum
449 2303 629 2328 successor
649 2297 828 2341 Apocauco
850 2297 1011 2332 existere.
1059 2296 1113 2331 Ea
1136 2296 1230 2330 illius
1258 2296 1403 2330 animum
1427 2295 1577 2340 fregere.
1625 2295 1750 2339 Itaque

262 2342 394 2372 mutata
415 2340 609 2383 sententia,
642 2354 808 2378 converso
834 2347 991 2378 tesserae
1019 2343 1129 2379 instar
1154 2354 1267 2377 rerum
1297 2347 1411 2385 statu,
1447 2342 1579 2376 maiora
1603 2341 1750 2376 arcessit

262 2384 446 2420 Persarum
463 2386 608 2430 auxilia3
629 2389 759 2424 crebris
775 2390 1029 2426 incursionibus
1046 2395 1162 2424 vastat
1180 2394 1219 2425 et.
1232 2388 1386 2425 incendit
1400 2388 1560 2433 regiones
1578 2393 1613 2423 et
1631 2389 1749 2429 urbes,

264 2442 354 2476 quae
380 2432 424 2466 ad
450 2433 728 2470 Cantacuzenum
750 2436 990 2480 desciverant3
1016 2441 1052 2472 et
1067 2436 1228 2472 facillime
1248 2448 1305 2471 eas
1325 2436 1492 2482 impellit,
1516 2436 1546 2470 si
1569 2440 1748 2480 urgentem

263 2478 505 2514 necessitatem
527 2480 682 2527 effugere
701 2483 828 2526 velint,
853 2487 893 2519 ut
906 2484 1155 2529 Byzantiorum
1171 2488 1289 2529 partes
1309 2487 1508 2528 sequantur.
1555 2482 1655 2526 (IV.)
1677 2481 1749 2515 Sed

209 2557 226 2566 ‚
263 2535 327 2558 nee
351 2524 428 2570 ipse
452 2527 600 2562 fructum
622 2529 726 2564 ullum
746 2542 787 2564 ex
807 2531 872 2565 hac
890 2531 1064 2566 molitione
1083 2529 1249 2576 percepit.
1297 2530 1369 2564 Ubi
1387 2529 1475 2563 enim
1494 2539 1691 2575 perversam
1713 2533 1748 2562 et

263 2574 426 2606 mutatam
443 2572 610 2610 Batatzae
626 2577 828 2612 sententiam
851 2578 1115 2613 Cantacuzenus
1141 2577 1296 2618 audivit,
1327 2576 1444 2611 statim
1462 2576 1602 2610 *fructus
1630 2587 1746 2609 omnes

263 2628 342 2672 curn
367 2618 558 2672 nominibus
584 2633 626 2656 ac
654 2623 775 2658 bestiis
801 2625 916 2668 coegit
939 2624 1031 2659 intra
1053 2623 1213 2666 castella3
1246 2627 1319 2658 tum
1341 2623 1438 2658 illum
1466 2623 1557 2657 dixit
1584 2621 1747 2656 luiturum

264 2674 492 2719 penprlorum
509 2678 638 2711 poenas
657 2670 785 2704 numini
804 2670 966 2716 periuriis
988 2671 1133 2706 offenso.
1165 2671 1331 2705 Batatzes
1346 2670 1478 2715 itaque,
1502 2668 1654 2704 Persicis
1671 2679 1747 2702 cum

266 2711 378 2756 copiis
398 2723 475 2746 mox
494 2714 698 2758 adveniens,
722 2727 850 2751 vacuas
872 2718 1060 2753 cultoribus
1080 2717 1239 2763 regiones
1259 2722 1295 2751 et
1313 2716 1387 2751 sine
1402 2715 1526 2751 bestiis
1543 2727 1672 2762 pascua
1693 2715 1750 2749 in-

266 2757 385 2800 venit3
408 2761 513 2804 atque
529 2760 609 2795 hinc
626 2762 765 2805 factum,
787 2767 826 2797 ut
835 2764 977 2806 Persae,
994 2777 1080 2810 quos
1098 2765 1261 2806 ducebat,
1284 2764 1374 2798 fame
1394 2763 1604 2798 laborarent.
1641 2760 1747 2803 Quod

267 2815 344 2840 cum
362 2804 504 2842 barbari
520 2811 642 2844 contra
658 2809 841 2858 promissa,
862 2815 985 2847 contra
1004 2812 1194 2848 uberrimas
1211 2811 1288 2846 inas
1307 2822 1400 2858 speS‚
1423 2809 1499 2857 pati
1517 2821 1556 2845 se
1574 2808 1746 2851 viderent,
