1794 3172
261 118 367 167 778·
665 123 978 168 NICEPHORI
1012 121 1345 168 GREGORAE

42 247 81 281 Α.
98 247 143 281 Μ.
162 245 384 291 6855νους,
422 233 490 279 καὶ
510 232 569 290 μὴ
592 231 816 292 περαιτέρω
835 237 1071 288 θεομαχεῖν,
1105 231 1172 274 καὶ
1197 236 1302 276 θεοῦ
1323 232 1454 290 κρίσιν
1475 233 1637 278 δικαίαν
1660 251 1748 278 πει-

86 295 155 328 lnd.
173 294 251 374 151)
267 311 424 364 ρᾶσθαι
444 310 626 361 συγχεῖν,
660 304 728 346 καὶ
750 309 836 352 τοῖς
857 301 1078 352 ἀδυνάτοις
1101 300 1253 345 οὑτωσὶ
1276 301 1494 360 προδήλως
1520 305 1745 360 ἐπιχειρεῖν,

264 376 332 419 ἐπ’
360 375 522 432 ὀλέθρῳ
551 377 632 416 τῶν
657 390 699 416 τε
726 373 885 415 παίδων
912 373 979 414 καὶ
1011 370 1173 426 ἑαυτῆς.
1213 371 1290 428 ε’γὼ
1310 372 1389 430 γὰρ
1409 377 1484 428 τῆς
1503 373 1634 429 αὐτῆς
1655 373 1746 429 ἴχο-

263 463 339 501 μαι
369 442 532 501 γνώμης
563 443 646 484 ἀεί’
683 443 751 485 καὶ
787 439 1013 496 δυνάμενος
1043 439 1184 491 ὅπλοις
1207 443 1274 484 καὶ
1307 440 1530 497 δυνάμεσιν
1561 440 1665 498 ὁμοῦ
1695 446 1747 499 τῇ

262 511 477 571 ἀκροπόλει
506 509 791 568 χειρώσασθαι
819 511 916 561 τοὺς
953 509 1070 553 ἔνδον
1101 509 1288 561 ἅπαντας
1319 511 1361 553 ἐν
1393 517 1545 569 βραχεῖ’
1571 512 1646 568 τὴν
1670 513 1776 560 θέ-5

262 588 380 639 λησιν
400 581 473 625 οὐκ
493 580 571 636 ἔχω
594 579 900 640 συνάδουσαν.”
951 579 1045 638 (Θ.)
1075 581 1214 623 Ταῦτ’
1236 580 1359 624 εῗπὼν
1386 581 1649 638 προῦπεμπεν
1671 581 1748 623 αὗ-

220 649 373 702 Ετούς.
411 651 450 694 οἳ
483 651 528 693 δὲ
558 649 808 700 ἀπελθόντες
837 651 902 692 καὶ
932 647 1067 693 πάντα
1095 651 1352 708 συνείραντές
1380 668 1423 694 τε
1454 653 1521 694 καὶ
1557 650 1749 708 ἀπαγγεί-

261 725 406 771 λαντες
435 718 599 763 ἄνωθεν
643 722 710 762 καὶ
750 722 792 770 ἐξ
822 720 951 777 ἀρχῆς
975 719 1099 778 Ἄννῃ
1131 724 1183 777 τῇ
1217 721 1400 775 βασιλίδι
1437 720 1596 776 ἤνυσαν
1630 720 1748 764 οὐδὲν

260 789 407 843 πλέον,
437 787 547 845 ἢὸτι
565 789 668 846 πρὸς
699 790 865 832 πλείονα
896 790 1044 832 κακίαν
1077 789 1412 847 ἀναφλεχθεΐσαν
1444 788 1600 841 ῗδόντες
1627 807 1749 833 κατε-

261 857 477 916 πλάγησάν
499 876 542 902 τε
565 861 633 901 καὶ
653 857 930 915 ἀνεχώρησαν.
970 860 1051 902 ἐπεὶ
1080 860 1125 902 δὲ
1144 859 1280 902 ταῦθ’
1309 857 1330 902 ὃ
1355 860 1550 915 βασιλεὺς
1567 857 1746 916 ἠκηκόει,
1762 871 1794 905 1(

261 931 328 972 καὶ
349 927 405 980 ὥς
425 933 500 984 τῆς
523 928 651 984 αὐτῆς
670 929 730 971 ἀεὶ
751 926 1029 985 σκληρότητος
1050 927 1075 984 ἡ
1094 931 1260 983 βασιλὶς
1278 929 1409 984 ἔχεται
1430 929 1554 986 ἔγνω,
1586 931 1653 972 καὶ
1672 929 1749 985 τὴν

225 1028 238 1038 t
263 998 392 1054 αὐτὴν
426 998 465 1041 οἳ
482 996 637 1053 ταύτης
658 996 767 1054 λόγοι
792 998 897 1052 μετὰ
921 1003 995 1054 τῆς
1014 996 1179 1055 γνώμης
1198 1003 1370 1056 τηροῦσι
1398 997 1644 1056 βαρύτητα,
1681 1000 1749 1042 καὶ

137 1074 261 1111 v.395
272 1068 391 1111 οὐδὲν
419 1071 502 1111 τῶν
531 1067 741 1124 προτέρων
772 1066 1047 1124 ἀτυχημάτων
1072 1069 1273 1125 παρέσχεν
1299 1068 1404 1127 αὐτῇ
1437 1069 1484 1112 τὸ
1511 1072 1749 1112 λυσιτελοῦν

226 1137 460 1187 Ὲάπλανῶς
480 1139 601 1189 ῗδεΐν,
636 1136 800 1194 ὥρμησε
822 1138 897 1192 μὲν
919 1137 972 1181 τὰ
993 1142 1137 1192 πρῶτα
1157 1139 1339 1193 πολέμου
1362 1136 1474 1198 νόμῳ
1494 1139 1560 1182 καὶ
1579 1142 1749 1203 πολιορ-

264 1208 332 1267 κία
357 1209 500 1250 δοῦναι
531 1206 607 1262 τὴν
638 1211 712 1250 τοῦ
744 1205 988 1264 πράγματος
1016 1208 1204 1262 ἔκβασιν·
1253 1208 1390 1251 ἔπειτα
1422 1208 1585 1264 ε’πέσχεν
1606 1203 1745 1261 αὖθις,
1762 1220 1794 1256 1ξ

267 1277 335 1320 καὶ
362 1276 466 1332 πρὸς
492 1275 567 1331 τὴν
600 1275 793 1330 ἀμείνονα
822 1281 897 1332 τῆς
927 1276 1163 1333 πραότητος
1195 1275 1324 1335 τύχην
1355 1277 1401 1321 τὸ
1436 1283 1519 1321 τῶν
1537 1277 1750 1335 πρακτέων

268 1346 480 1388 ἀνετίθετο
498 1343 722 1401 βούλευμα.
777 1345 853 1405 (I.)
882 1347 996 1390 Ἀλλ’
1026 1348 1100 1390 οῖ’-κ
1120 1347 1264 1405 ἤρεσκε
1283 1352 1406 1391 τοῦτο
1426 1354 1512 1398 τοῖς
1535 1347 1647 1405 ἀμφ’
1671 1346 1749 1390 αὖ-

267 1415 341 1459 τὸν
365 1413 638 1469 στρατιώταις
668 1418 735 1458 καὶ
769 1423 1026 1473 στρατηγοῖς.
1065 1416 1165 1460 ὅθεν
1199 1421 1273 1473 τῆς
1308 1415 1530 1475 ὗστεραίας
1557 1414 1751 1472 ἐπιούσης

267 1484 310 1528 ἓν
335 1482 593 1543 παραβύστῳ
628 1485 734 1528 κατὰ
776 1491 887 1544 σφᾶς
921 1486 1074 1537 αὐτοὺς
1107 1487 1228 1530 αὐτοὶ
1261 1492 1475 1530 ποιοῦνται
1516 1485 1746 1543 συνθήκας,

135 1562 176 1598 Ρ.
186 1561 255 1601 489
271 1555 476 1611 αἲφνι’διον
497 1555 719 1598 ἐπιθέσθαι
741 1561 791 1613 τῇ
814 1553 1056 1613 ἀκροπόλει,
1096 1558 1191 1613 πρὶν
1218 1557 1449 1600 αἰσθέσθαι
1469 1556 1539 1600 τὸν
1558 1556 1745 1611 βασιλέα.
1759 1568 1794 1602 2(

265 1625 333 1666 καὶ
357 1623 408 1679 δὴ
435 1623 581 1680 μικρὸν
613 1624 784 1682 ὕστερον
809 1624 835 1682 ἢ
857 1625 963 1669 κατὰ
983 1627 1245 1684 μεσημβρίας
1266 1625 1366 1670 εἶναι
1386 1626 1462 1670 ’τὸν
1485 1625 1625 1682 ἥλιον,
1663 1629 1748 1669 τῶν

266 1693 443 1748 σημείων
475 1693 715 1749 ἀρθέντων,
755 1693 891 1754 κύκλῳ
931 1695 1194 1753 περιστάντες
1224 1696 1274 1740 οἳ»
1301 1697 1376 1752 μὲν
1407 1703 1494 1747 τοῖς
1536 1694 1749 1752 ἑκηβόλοις

266 1762 443 1820 ε’χριῧντο
464 1763 623 1816 βέλεσιν
640 1778 650 1787 ·
690 1764 730 1807 οἴ
750 1765 793 1807 δ’
818 1766 861 1808 ἒν
877 1772 1018 1821 χεροῖν
1037 1766 1318 1821 ἀνειλημμένοι
1337 1770 1418 1822 πῦρ
1438 1767 1504 1809 καὶ
1528 1764 1748 1823 φρυγάνων

265 1832 494 1888 φακέλλους
533 1830 711 1890 ὑφῆψαν
751 1833 828 1891 τὴν
865 1834 970 1891 πρὸς
1000 1838 1059 1894 τῷ
1087 1835 1240 1890 τεμένει
1273 1841 1356 1879 τῶν
1385 1839 1635 1893 Βλαχερνῶν
1672 1839 1748 1890 τῆς

355 1942 390 1977 8.
409 1939 520 1989 ’Ἅννῃ
544 1954 607 1977 em.
631 1943 732 1979 Boiv.
757 1955 824 1990 pro
848 1940 939 1990 ἅμα.

263 2032 390 2069 iustum
409 2033 476 2069 Dei
492 2035 654 2070 iudicium
674 2036 882 2072 confundere
899 2040 1054 2079 conetur,
1078 2049 1143 2073 neu
1163 2037 1314 2085 denique
1332 2051 1392 2082 ea,
1418 2051 1506 2085 quae
1523 2039 1652 2075 maiora
1667 2043 1749 2074 sunt

263 2091 364 2125 quam
388 2085 426 2115 ut
446 2082 567 2126 perfici
585 2083 738 2127 possint,
761 2083 798 2118 in
817 2084 1002 2119 liberorum
1017 2090 1053 2119 et
1068 2086 1119 2119 sui
1136 2086 1247 2131 ipsius
1270 2086 1453 2131 perniciem
1474 2087 1527 2122 sic
1550 2086 1660 2132 palam
1684 2099 1746 2131 ag-

265 2126 457 2171 grediatur.
481 2128 559 2174 Ego
578 2129 666 2163 enim
682 2129 716 2163 in
737 2130 854 2165 eadem
870 2142 981 2176 usque
1001 2136 1117 2177 persto
1137 2133 1329 2174 sententia;
1353 2138 1388 2167 et
1406 2145 1480 2168 cum
1499 2133 1624 2179 possim
1646 2135 1749 2167 armis

268 2183 311 2206 ac
326 2173 459 2208 viribus
475 2175 572 2208 brevi
591 2179 661 2209 tam
677 2176 779 2217 arcis,
799 2189 899 2223 quam
917 2189 1031 2212 eorum
1050 2179 1207 2221 omnium,
1224 2179 1282 2225 qui
1298 2179 1332 2214 in
1353 2192 1434 2215 arce
1453 2184 1544 2221 sunt,
1562 2180 1679 2226 potiri,
1694 2183 1749 2214 ta-

263 2230 342 2254 men
359 2219 538 2255 voluntate
554 2221 597 2255 ab
619 2234 658 2255 eo
676 2222 818 2257 consilio
836 2224 1043 2259 abhorreo.’'
1085 2226 1188 2270 (lx.)
1205 2226 1303 2260 Haec
1319 2227 1412 2261 fatus
1426 2239 1485 2261 eos
1504 2226 1656 2261 dimittit.
1691 2225 1748 2260 Illi

264 2265 414 2300 abeunt:
440 2267 552 2302 omnia
569 2267 604 2301 in
625 2279 728 2302 unum
757 2271 957 2313 conferunt,
982 2275 1018 2306 et
1047 2284 1068 2306 a
1086 2273 1201 2319 capite
1224 2284 1334 2318 usque
1360 2274 1511 2318 repetita
1534 2272 1750 2319 imperatrici

264 2312 483 2347 renunciant:
509 2313 594 2348 nihil
614 2318 725 2349 autem
749 2317 954 2361 proficiunt3
978 2319 1038 2353 sed
1059 2319 1119 2353 ubi
1137 2331 1209 2354 eam
1228 2319 1349 2354 maiori
1371 2320 1489 2354 furore
1505 2319 1748 2354 inflammatam

261 2357 397 2403 rident,
422 2360 574 2405 perculsi
593 2361 770 2398 recedunt.
818 2363 923 2404 Quod
942 2370 1120 2410 postquam
1138 2366 1326 2412 imperator
1343 2367 1490 2412 accepit,
1508 2372 1545 2400 et
1560 2368 1748 2411 Augustam

261 2404 300 2438 in
325 2405 454 2440 duritie
481 2406 548 2444 sibi
569 2410 747 2450 constare,
770 2409 979 2456 eandemque
999 2418 1066 2446 tam
1091 2413 1126 2446 in
1145 2413 1247 2447 dictis
1267 2424 1367 2458 quam
1388 2413 1423 2447 in
1445 2413 1556 2447 animo
1577 2412 1746 2448 acerbita-

262 2454 330 2485 tem
348 2452 500 2487 retinere
517 2452 658 2495 didicit,
683 2465 793 2500 neque
811 2456 879 2490 ulla
897 2457 1050 2502 priorum
1067 2460 1213 2493 cladium
1227 2459 1387 2494 effectum
1407 2472 1505 2502 esse,
1531 2463 1570 2493 ut
1587 2459 1669 2505 quid
1686 2470 1748 2493 ex-

263 2497 403 2543 pediret
430 2503 527 2536 certo
554 2500 788 2546 perspiceret3
810 2502 925 2537 statim
947 2504 1082 2550 quidem
1106 2505 1158 2540 rei
1185 2510 1342 2540 eventum
1370 2507 1450 2541 belli
1475 2506 1610 2551 legibus
1630 2511 1667 2540 et
1685 2506 1749 2540 ob-

263 2543 390 2579 sidioni
406 2546 603 2591 permittere
620 2547 749 2589 voluit;
774 2559 852 2583 mox
870 2561 909 2583 se
923 2549 1049 2585 iterum
1065 2553 1246 2594 continuit,
1266 2556 1302 2587 et
1319 2552 1528 2588 felicioribus
1547 2552 1749 2589 clementiae

264 2591 416 2627 consiliis
435 2593 517 2638 quid
538 2604 642 2638 agere
663 2598 839 2639 oporteret
853 2597 1068 2633 statuendum
1085 2598 1237 2644 reliquit.
1285 2599 1368 2644 (X.)
1393 2600 1432 2633 Id
1451 2599 1507 2642 iis,
1528 2611 1613 2645 quos
1632 2611 1747 2633 secum

261 2635 422 2682 hahebat,
440 2639 603 2674 militibus
621 2643 657 2674 et
675 2641 820 2675 ducibus
837 2653 905 2677 non
924 2643 1064 2688 placuit.
1111 2645 1259 2679 Postera
1276 2644 1383 2691 igitur
1399 2647 1457 2681 die
1476 2645 1664 2681 clanculum
1679 2645 1748 2690 ipsi

261 2681 353 2718 inter
371 2696 410 2720 se
427 2697 538 2721 arcem
557 2687 745 2731 derepente
766 2687 914 2731 adoriri,
939 2695 1121 2737 antequam
1139 2691 1326 2737 imperator
1343 2692 1490 2735 sentiat,
1513 2692 1747 2728 constituunt:

261 2739 304 2763 ac
326 2731 427 2776 paulo
451 2738 532 2777 post
553 2732 728 2768 meridiem
754 2734 899 2769 sublatis
928 2736 1036 2780 signis
1058 2737 1255 2773 circumfusi
1279 2738 1339 2773 alii
1365 2739 1443 2774 telis
1467 2738 1652 2774 missilibus
1675 2750 1747 2773 rem

260 2782 389 2820 agunt3
415 2778 475 2813 alii
490 2779 605 2825 ignem
623 2780 776 2815 manibus
794 2782 1061 2826 praetendentes
1077 2788 1114 2818 et
1131 2784 1358 2830 virgultorum
1382 2785 1566 2821 fasciculos
1590 2796 1664 2820 eam
1689 2796 1747 2819 ar-

260 2821 309 2856 cis
330 2829 465 2869 portam
482 2825 714 2870 succendunt,
737 2838 826 2873 quae
846 2828 892 2864 ad
908 2829 1178 2867 Blachernarum
1199 2831 1361 2878 templum
1383 2837 1539 2880 spectat3
1563 2831 1748 2878 statimque
