1794 3172
311 136 631 183 fflsromAE
655 136 1031 184 BYzANTmAE
1057 114 1180 183 XXI.
1196 143 1237 185 6.
1393 115 1533 182 1033·

45 263 122 303 νης
140 243 361 292 ἀπώλειαν.
433 244 525 307 (ς’.)
550 245 711 298 ’Ἔξεστι
731 246 809 302 μὲν
826 240 901 290 οὖν
922 246 1114 300 ἐντεῦθεν
1121 278 1138 300 ,
1174 244 1526 305 παρεξετᾶζοντας
1541 262 1579 296 Α.
1598 263 1635 295 c.
1654 262 1742 298 1351

47 317 116 360 καὶ
137 316 469 374 παρατιθέντας,
505 316 583 373 τὴν
601 320 686 360 τῶν
703 313 922 373 παρόντων
946 314 1049 377 ὁρᾷν
1076 315 1183 373 πρὸς
1196 315 1250 360 τοὶ
1268 315 1399 361 πάλαι
1419 310 1744 391 συγ-Ῑωέἑὲἑοῖ·

45 385 213 442 γένειαν.
249 384 378 437 σάλος
394 386 474 444 γὰρ
497 387 566 429 καὶ
591 389 666 428 νῦν
685 385 855 440 κατέσχε
874 385 951 442 τὴν
985 389 1067 429 τῶν
1090 386 1313 442 ἐκκλησιῶν
1339 384 1563 446 ἂκρόπο-[δ
1656 380 1667 389 “

45 458 135 508 λιν,
171 457 412 499 θαλασσίου
430 453 640 505 κλύδωνος
656 454 812 505 παντὸς
831 452 1090 512 ἀγριώτερος.
1139 454 1195 498 τὰ
1219 455 1408 514 πατέρων
1429 454 1525 515 ὅριοί

15 528 93 567 5τε
121 525 190 567 καὶ
210 523 398 581 δόγματα
418 525 742 569 κατασέσεισται.
788 528 874 567 τῶν
895 522 1108 581 ἀρχόντων
1127 522 1149 568 ὅ
1169 529 1303 583 τῦφος
1325 525 1432 581 μετὰ
1449 531 1527 583 τῆς

45 592 236 648 ἀμαθίας
255 592 448 652 ταράττει
476 595 593 650 δίκην
620 594 803 649 θυέλλης
833 592 1023 647 ἅπαντα,
1062 594 1166 651 πρὸς
1191 592 1427 652 ὖπερβολᾶς
1454 597 1525 639 καὶ

45 663 245 717 ἐλλείψεις
263 663 315 707 τὰ
340 669 416 720 τῆς
433 663 641 719 εὐσεβείας
658 661 986 720 παρασυρόντων
1010 661 1210 719 δόγματα.
1248 672 1335 715 τοῖς
1352 666 1428 719 μὲν
1439 669 1524 709 τῶν

45 731 360 788 ἀνθισταμένων
391 740 525 791 χεῖρες
558 730 781 790 ἐπάγονται
818 734 1006 791 φονικαί·
1048 731 1147 782 τούς
1180 732 1225 775 δ’
1262 734 1416 791 ἔξορίαι
1452 735 1524 778 καὶ

44 803 216 858 διωγμοὶ
243 810 432 847 παντοῖοι
449 803 682 859 μερίζονται
696 816 706 826 ·
744 801 843 853 τοὺς
868 803 895 844 δ
902 802 915 818 ³
947 802 1101 858 εἱρκταὶ
1120 800 1426 858 συγκρύπτουσι
1445 822 1524 847 κα-

0 869 286 926 ἰΟταχθόνιοι,
324 872 583 927 αὐτοσχέδιοι
613 879 702 922 τοῖς
732 870 791 915 ἔτι
825 873 922 924 ζῶσι
946 869 1148 928 δρώμενοι
1175 869 1316 929 τάφοι.
1363 877 1520 917 θεολο-
1541 879 1585 917 1².
1606 881 1677 917 650

41 945 185 998 γοῦσιν
209 941 342 993 ἀδεῶς
362 942 403 985 οἶ
420 939 643 995 βάνουσοι,
682 941 837 999 ἀγορὰς
858 942 927 984 καὶ
957 940 1123 998 θέατρα
1160 938 1296 984 πάντα
1324 940 1525 987 τοιούτων

42 1015 193 1068 φωνῶν
225 1012 516 1066 ἕμπιπλῶντες.
563 1011 751 1066 ποιμένες
782 1008 1048 1054 ἐλαύνονται·
1092 1015 1237 1066 βαρεῖς
1260 1010 1304 1053 δ’
1331 1010 1523 1055 ἀντεισά-

21 1088 24 1092 ’
42 1096 186 1136 γονται
206 1078 324 1124 λύκοι
345 1081 452 1125 κατὰ
478 1085 562 1124 τῶν
581 1081 794 1135 ποιμνίων.
841 1077 1056 1136 θεοτήτων
1077 1079 1280 1123 ἆκτίστων
1298 1077 1320 1123 ὅ
1339 1080 1523 1137 ἀριθμὸς

41 1151 98 1200 εἷς
126 1148 295 1207 ἄπειρον
321 1151 535 1194 ἐκτείνεται
563 1154 741 1206 πλῆθος.
786 1154 970 1193 λαλεῖται
996 1149 1045 1193 τὸ
1077 1151 1236 1203 ’ψεῦδος
1261 1147 1457 1206 ἀφόβως·
1492 1148 1521 1207 ἥ

0 1224 31 1260 15
43 1216 222 1275 ἀλήθεια
238 1218 580 1277 συγκαλύπτεται.
615 1217 910 1275 διαβάλλουσιν
928 1217 1040 1275 ἡμᾶς
1058 1218 1128 1276 ἐφ’
1149 1217 1212 1270 οἷς
1231 1218 1356 1262 αὐτοί
1368 1237 1412 1276 γε
1434 1220 1522 1263 ἐνέ-

35 1305 182 1344 χονται
203 1287 440 1346 ἐγκλήμασι.
488 1291 642 1345 θεσμοὶ
671 1289 859 1343 πατέρων
889 1286 1157 1345 πεπάτηνται.
1230 1287 1322 1347 (Ζ.)
1357 1291 1446 1332 Καὶ
1476 1290 1557 1333 τίΒ

40 1360 106 1401 δεῖ
127 1357 234 1401 καθ’
257 1359 411 1403 ἕκαστα
429 1357 567 1403 πάντα
586 1359 770 1410 διεξιέναι
791 1361 947 1415 ζητεῖν,
985 1358 1076 1409 ἐξὸν
1095 1357 1194 1408 τούς
1215 1356 1519 1414 ἀναγινώσκον-

38 1444 118 1478 τας
145 1426 426 1486 παραβάλλειν
455 1437 544 1480 τοῖς
574 1426 812 1485 πράγμασι,
858 1430 928 1471 καὶ
960 1425 1146 1483 συνάγειν
1173 1428 1217 1469 ἐκ
1244 1427 1519 1484 παραθέσεως

37 1496 115 1558 τὴν
134 1501 220 1541 τῶν
249 1496 378 1541 πάλαι
398 1498 502 1555 πρὸς
524 1498 576 1541 τὰ
602 1502 678 1541 νῦν
702 1495 952 1553 ὁμοιότητα·
989 1498 1117 1554 φαίην
1141 1495 1185 1539 δ’
1211 1494 1262 1538 ἂν
1293 1498 1361 1538 καὶ
1391 1498 1517 1551 μείζω

0 1565 116 1622 Βοτὴν
133 1571 208 1610 νῦν
227 1565 423 1624 εὖρίσκειν
445 1569 614 1620 κακίαν,
648 1565 675 1623 ἢ
699 1566 805 1609 κατὰ
827 1567 901 1616 τὰς
922 1566 1237 1623 θρυλλουμένας
1255 1569 1338 1608 τῶν
1361 1562 1490 1608 πάλαι
1503 1579 1515 1589 ·

37 1633 225 1692 παρόσον
245 1641 322 1692 τῆς
337 1635 431 1680 τότε
449 1635 661 1692 Ῥωμαίων
679 1636 809 1693 ἀρχῆς
827 1635 1047 1693 εὖρυτέρας
1064 1634 1191 1690 οἷ”σης
1211 1635 1254 1677 ἒν
1272 1633 1427 1693 ἠπείρῳ
1447 1635 1518 1677 καὶ

36 1702 260 1763 θαλάσσῃ,
298 1707 366 1748 καὶ
389 1710 533 1764 σοφῶν
556 1705 718 1762 ἀνδρῶν
737 1709 928 1760 πανταχῆ
947 1709 1022 1760 τῆς
1043 1703 1281 1759 οἰκουμένης
1312 1701 1518 1758 ἀκμαζόν-

34 1791 143 1828 των,
172 1776 243 1817 καὶ
272 1773 439 1819 πάντων
460 1776 537 1830 μὲν
563 1779 831 1833 πατριαρχῶν
857 1774 1028 1830 σχεδὸν,
1062 1775 1131 1817 καὶ
1161 1770 1394 1816 ἐπισκόπων
1425 1775 1551 1816 rame

18 1861 180 1914 exitium
200 1861 364 1896 Romanis
384 1862 575 1898 attulisset.
622 1862 722 1908 (VI.)
746 1861 930 1897 Caeterum
958 1865 994 1896 et
1015 1861 1095 1896 hinc
1113 1871 1270 1906 quoque,
1296 1859 1328 1894 si
1358 1863 1515 1905 tempora

36 1909 259 1943 conferantur
277 1914 314 1944 et
330 1909 422 1944 inter
442 1921 481 1944 se
498 1914 761 1955 componantur,
787 1921 901 1943 rerum
921 1909 1162 1943 hodiernarum
1179 1918 1254 1941 cum
1271 1906 1314 1940 iis
1328 1918 1419 1951 quae
1433 1906 1514 1941 olim

36 1961 159 1999 gestae
178 1960 260 1989 sunt
277 1956 516 2001 cognationem
533 1956 732 2002 perspicere
757 1961 821 1990 est.
870 1955 1009 2001 Quippe
1030 1960 1066 1990 et
1079 1955 1176 1989 hisce
1193 1953 1406 1999 temporibus
1427 1964 1515 1999 quo-

34 2000 122 2035 libet
147 2002 255 2036 maris
277 2007 377 2037 aestu
403 2002 588 2037 violentior
614 2002 758 2047 agitatio
785 2013 897 2037 arcem
922 2001 1052 2036 invasit
1069 1999 1302 2045 ecclesiarum.
1359 1996 1517 2034 Termini

35 2047 216 2082 constituti
242 2052 280 2082 et
302 2048 435 2083 tradita
462 2060 484 2083 a
501 2049 668 2083 Patribus
695 2048 856 2094 dogmata
880 2048 1144 2084 labefactantur.
1191 2045 1317 2082 Omnia
1340 2045 1515 2091 procellae

34 2092 146 2128 instar
164 2095 349 2129 conturbat
368 2095 506 2129 iunctus
524 2107 599 2130 cum
614 2095 810 2140 ignorantia
827 2097 938 2130 fastus
953 2094 1167 2141 principum,
1192 2092 1251 2139 qui
1277 2098 1316 2127 et
1338 2092 1514 2138 superflua

34 2140 217 2182 addendo,
242 2146 279 2175 et
305 2141 519 2176 detrahendo
545 2141 763 2183 necessaria,
787 2141 978 2177 doctrinam
1000 2141 1101 2175 Fidei
1124 2142 1342 2187 pervertunt.
1388 2138 1429 2173 Si
1452 2137 1514 2183 qui

34 2187 220 2229 resistunt,
245 2199 362 2222 eornm
381 2188 459 2222 aliis
476 2199 592 2222 manus
612 2187 805 2222 inferuntur
825 2188 1086 2234 sanguinariae3
1109 2187 1194 2222 alios
1212 2185 1335 2220 exsilia
1352 2190 1389 2219 et
1403 2184 1512 2219 omnis

34 2233 173 2278 generis
191 2235 451 2279 persecutiones
465 2235 694 2280 dispertiunt:
718 2234 804 2269 alios
821 2234 970 2280 denique
986 2246 1105 2269 carcer
1124 2234 1368 2268 subterraneus
1384 2231 1512 2276 operit,

32 2280 130 2314 velut
153 2280 302 2315 tumulus
328 2282 465 2327 quidam
491 2280 698 2323 subitarius,
721 2280 913 2316 hominibus
934 2281 1048 2316 adhuc
1071 2279 1162 2315 vivis
1189 2283 1345 2325 paratus.
1403 2276 1510 2311 Fabri

31 2326 190 2360 vilissimi
208 2327 253 2361 de
271 2327 376 2362 rebus
394 2327 523 2362 divinis
538 2327 718 2373 disputant
732 2327 890 2372 impune,
911 2327 989 2363 fora
1005 2329 1213 2372 theatraqne
1233 2324 1344 2360 omnia
1362 2324 1511 2359 eiusmo-

32 2372 69 2406 di
88 2374 303 2408 sermonibus
328 2374 520 2420 implentes.
569 2374 734 2408 Pastores
755 2373 982 2419 expelluntur.
1032 2373 1119 2419 Lupi
1149 2371 1306 2407 crudeles
1331 2372 1367 2405 in
1392 2379 1510 2421 eorum

31 2418 141 2453 locum
159 2419 327 2455 adversus
344 2432 471 2467 greges
487 2420 763 2455 introducuntur.
808 2418 1034 2456 Divinitatum
1053 2420 1283 2454 increatarum
1297 2427 1456 2468 numerus
1470 2426 1511 2448 in

30 2465 203 2500 infinitum
215 2467 419 2502 extenditur.
468 2466 665 2502 mentiendi
682 2467 793 2501 nullus
809 2471 931 2502 metus.
987 2467 1128 2501 Veritas
1154 2463 1341 2500 involucris
1363 2465 1510 2505 tegitur.

34 2511 189 2553 Quorum
208 2512 384 2549 criminum
399 2513 453 2549 rei
470 2513 538 2559 ipsi
556 2517 636 2548 sunt
646 2537 658 2556 ‚
680 2525 724 2548 ea
738 2513 775 2548 in
790 2524 853 2548 nos
869 2525 933 2559 per
949 2513 1150 2548 calumniam
1166 2511 1392 2546 transferunt.
1438 2506 1510 2540 Pa-

33 2562 125 2592 trum
152 2559 368 2605 praescripta
397 2560 542 2606 pedibus
562 2564 798 2606 proteruntur.
856 2559 974 2605 (vn.)
998 2559 1048 2594 Et
1066 2559 1153 2605 quid
1178 2567 1320 2592 necesse
1346 2556 1403 2588 est
1419 2552 1510 2587 velle

32 2604 146 2638 omnia
164 2606 327 2652 persequi
353 2606 550 2652 sigillatim,
574 2618 666 2653 quae
692 2605 752 2651 qui
779 2605 902 2652 legunt
925 2605 1028 2641 facile
1051 2605 1121 2651 ipsi
1147 2606 1293 2651 possunt
1314 2611 1388 2634 cum
1405 2599 1509 2652 rebus

31 2651 208 2694 conferre,
231 2655 274 2686 ut
291 2652 482 2698 priscarum
506 2665 583 2687 cum
612 2651 788 2687 hodiernis
813 2652 1001 2687 similitudo
1029 2663 1073 2687 ex
1094 2647 1349 2696 comparatione
1366 2644 1512 2698 colliga-

30 2701 110 2732 tur:
133 2698 257 2741 immo,
280 2698 389 2734 ausim
416 2699 554 2742 dicere,
586 2703 626 2734 ut
653 2698 762 2733 maius
791 2698 894 2734 hodie
923 2699 1045 2734 malum
1075 2694 1229 2743 grassari
1266 2697 1509 2738 comperiatur,

31 2754 132 2789 quam
152 2744 284 2780 fuerint
299 2751 421 2780 vetera
436 2750 473 2781 et
490 2745 697 2792 pervulgata
714 2744 792 2779 illa:
816 2750 1002 2791 propterea
1018 2743 1111 2790 quod
1128 2742 1172 2778 iis
1189 2737 1413 2793 temporibuS,
1432 2747 1509 2790 ‘3⁰1³

30 2789 216 2826 Romanum
234 2791 413 2837 imperium
437 2796 534 2827 terra
556 2796 592 2826 et
613 2790 700 2825 mari
728 2790 834 2826 latius
862 2791 1119 2837 porrigeretur,
1141 2793 1178 2823 et
1201 2786 1330 2839 ubique
1356 2786 1508 2837 gentium

32 2836 99 2871 viri
123 2836 219 2872 docti
239 2836 427 2880 florerent,
449 2837 670 2884 patriarchae
692 2841 806 2875 nutem
831 2837 908 2875 fere
933 2848 1074 2881 omnes,
1099 2840 1135 2872 et
1155 2833 1313 2880 episcopl
1337 2830 1508 2877 9101!un

122 2894 339 2941 Nicephoms
358 2896 509 2943 angor.
545 2896 620 2932 Vol.
641 2896 686 2931 ιι.
1173 2883 1229 2924 66
