1794 3172
279 130 382 177 320v
688 120 1002 178 NICEPHORI
1032 128 1353 174 GREGORAE

60 235 160 295 AJ'M.
178 240 269 299 5'85‘6
282 243 384 305 ῥάγη
418 245 486 289 καὶ
515 243 704 299 λαμπρὸν
728 242 927 298 ἐ’γείρουσι
954 239 1029 284 τὸν
1057 238 1214 297 πυρσὸν
1244 230 1393 282 οἷτῶν
1425 238 1616 283 ἐναντίων
1635 250 1753 283 σπιν-

74 304 77 306 .
116 303 185 362 {¹¹5¹-
203 303 222 337 1
280 319 412 372 θῆρες
431 311 684 372 πραγμάτων
707 310 813 354 κατὰ
837 314 911 365 τῆς
929 309 1128 365 ἀληθείας
1139 342 1153 361 ,
1195 309 1263 351 καὶ
1287 307 1378 358 δέος
1397 307 1456 363 μὴ
1483 313 1556 351 τοῦ
1580 309 1752 363 μέλλον-

281 401 353 434 τος
376 380 614 440 ἀνθρώποις
630 379 782 424 ἅπασιν
801 380 843 421 ἐν
870 376 1010 437 ἀδήλῳ
1043 377 1248 433 κειμένου,
1280 380 1355 433 τῆς
1380 374 1493 420 κάτω
1515 379 1618 432 ζωῆς
1637 375 1753 433 ἡμῶν

281 456 446 509 τελευτῇ
464 450 617 505 μεταξὺ
630 448 925 506 χρησαμένων,
959 448 1054 504 πρὶν
1083 450 1219 496 καλῶς
1236 446 1534 502 ξυννενοηκέναι
1554 445 1651 495 τοὺς
1679 445 1751 488 λό-·

250 531 252 535 “
280 538 379 579 γους
407 524 483 576 τῆς
520 523 761 576 συμφορᾶς,
803 518 998 574 ἀγνοῆται
1030 522 1118 566 τοῖς
1145 515 1352 570 ἐσομένοις
1381 514 1494 569 τάμὰ
1514 548 1527 568 ,
1572 513 1683 565 ὅπως
1710 511 1787 557 τε5

241 589 621 645 Οπροσηνέχθημεν
638 594 725 638 τοΐς
741 591 815 643 τῆς
835 586 1049 640 ἐκκλησίας
1068 583 1177 628 οὕτω
1207 583 1517 642 ταραττομένης
1544 581 1756 641 πράγμασι

282 661 349 702 καὶ
382 657 493 708 ὅπως
518 662 578 716 τῷ
610 661 776 712 βασιλεῖ
796 652 1032 712 προσιόντες
1068 653 1166 697 ὅσον
1195 653 1267 697 τὸν
1296 654 1415 708 ζῆλον
1450 651 1752 707 ἐνεδειξάμεθα,

283 727 502 784 ἀναγκαῖον
530 723 628 782 ἡμῖν
662 723 888 783 ἐψήφισται
899 757 913 777 ,
955 723 1115 782 βραχέα
1146 727 1228 766 τῶν
1251 726 1414 765 πολλῶν
1435 719 1680 772 συνελόντας
1700 723 1757 764 «εἲ-ε

280 792 388 840 πεῖν.ἱ
420 794 534 854 (B.)
561 794 755 852 ’Ἀρχουσι
780 795 854 849 μὲν
883 792 962 850 γὰρ
998 793 1050 836 τὰ
1079 791 1228 849 ἥδιστα
1261 791 1385 847 λέγειν
1417 788 1626 847 ὗπηκόους
1658 788 1757 834 εἶναι

283 865 499 908 ἀκίνδυνον
507 898 522 918 ,
564 864 668 922 πρὸς
697 864 742 906 δὲ
766 863 813 907 τὸ
847 862 977 919 τραχύ
1006 864 1073 905 καὶ
1110 861 1328 914 ἀντίξουν,
1371 862 1439 903 καὶ
1470 858 1618 916 ἥκιστα
1650 859 1755 902 κατὰ
1771 865 1794 899 1⁴

153 933 470 991 Ρ.517γνώμην,
503 932 646 990 θήγειν
672 933 747 989 τὴν
777 937 986 989 γλῶτταν,
1027 922 1311 987 δυσπρόσοδον
1337 930 1412 984 μὲν
1444 926 1636 987 εὖρίσκειν
1658 929 1758 971 ἄκο-

284 1008 453 1047 λουθεΐν
474 1003 548 1059 τὴν
569 1001 787 1060 ἀκρόασιν,
819 1000 1034 1058 πρόχειρον
1053 1000 1097 1043 δ’
1122 1002 1178 1051 εἷς
1207 1000 1412 1056 λοιδορίας
1439 998 1515 1054 τὴν
1537 996 1758 1050 δεσπόζουή

152 1078 275 1116 v.418
286 1079 364 1116 σαν
383 1077 567 1129 γλῶτταν
591 1071 698 1114 καθ’
724 1070 896 1124 ἑαυτοῦ,
932 1072 1000 1114 καὶ
1028 1067 1131 1126 πρός
1153 1086 1196 1126 γε
1223 1066 1612 1126 προχειροτέρανεῗς
1629 1082 1759 1122 τιμω-

285 1144 376 1200 ριάς
396 1141 470 1198 τὴν
483 1142 628 1198 χεῖρα,”
641 1143 753 1183 δοκεῖ
768 1158 841 1195 μοι
863 1140 969 1197 παρ’
995 1139 1159 1189 οὐδενὸς
1180 1138 1431 1195 ἀγνοεῖσθαι.
1457 1135 1521 1179 διό
1545 1154 1616 1191 μοι
1652 1138 1759 1186 διεξ-

284 1212 387 1255 ιέναι
419 1199 658 1269 βουλομένῳ
695 1210 771 1266 τὴν
800 1209 1034 1268 παρ’ῥησίαν
1052 1210 1118 1251 καὶ
1138 1207 1184 1251 τὸ
1213 1207 1396 1263 θέατρον
1415 1206 1566 1249 ἐκείνου
1590 1210 1664 1248 τοῦ
1689 1203 1789 1261 Coi-1

217 1275 220 1279 ’
254 1278 258 1281 ’
284 1284 358 1323 λου
389 1280 561 1322 δεδιέναι
589 1281 789 1336 περίεστι,
817 1279 877 1334 μὴ
908 1275 1266 1334 πολλοστημόριον
1295 1280 1370 1331 τῆς
1390 1271 1489 1331 ὅλης
1510 1275 1635 1331 λέγων
1657 1274 1760 1330 ἀλη-

246 1351 405 1399 Βθειάς
433 1350 539 1404 μηδὲ
564 1346 918 1405 πολλοστημόριον
945 1346 1128 1402 ψεύδους
1159 1344 1265 1397 δόξω
1283 1342 1615 1399 καταλιμπάνειν.
1652 1341 1761 1401 &qvo-'-

285 1416 466 1476 ρώμενος
485 1414 558 1461 οὖν
576 1419 644 1461 καὶ
660 1417 759 1468 τοὺς
776 1418 852 1473 τὴν
870 1415 1072 1473 ἀλήθειαν
1090 1417 1213 1459 ἐνίοτε
1231 1421 1423 1470 τραχεΐαν
1443 1411 1622 1469 δύσηχον
1634 1410 1760 1469 ἡγου-

281 1488 452 1543 μένους,
483 1485 603 1530 ὁπότε
623 1475 866 1544 τιιγενναῖον
886 1486 968 1543 ἔχοι
991 1485 1103 1544 πρὸς
1116 1484 1235 1542 ὄγκον
1253 1482 1278 1540 ἦ
1303 1488 1378 1539 τῆς
1395 1482 1543 1540 ἀρετῆς
1559 1483 1758 1539 ἐπίδειξις,

282 1559 351 1599 καὶ
376 1555 559 1612 μάλισθ’
595 1554 714 1599 ὁπότε
746 1558 835 1613 περὶ
864 1554 1013 1599 ἑαυτοῦ
1043 1572 1105 1605 τις
1134 1545 1386 1611 ἀφηγεῖσθαι
1414 1551 1467 1594 τὰ
1497 1549 1633 1610 λῴονα
1652 1548 1794 1605 fieb-2

281 1629 413 1683 λοιτο,
435 1627 501 1668 καὶ
520 1628 555 1668 εἲ
570 1627 729 1683 μυρίων
749 1625 832 1681 ἔχοι
852 1625 1120 1680 θεασαμένων
1139 1621 1355 1680 μάρτυρας
1374 1620 1636 1679 ὀφθαλμοὺς,
1658 1618 1761 1662 έκών

283 1694 446 1756 ἀφωνία
475 1695 528 1738 τὰ
552 1699 723 1738 πλεῖστα
747 1695 935 1751 παρίημι.
990 1693 1082 1754 (F.)
1114 1693 1227 1747 Ἐμοὶ
1252 1692 1330 1749 γὰρ
1357 1690 1552 1747 λαμπρὰν
1575 1687 1762 1744 ἕσχηκότι

249 1766 426 1822 Οφιλίαν
449 1765 493 1807 ἐκ
512 1768 667 1808 πολλοῦ
686 1764 789 1823 πρὸς
804 1763 1001 1818 βασιλέα,
1045 1765 1113 1806 καὶ
1131 1764 1226 1820 πρὶν
1248 1763 1288 1812 ἐς
1308 1761 1383 1812 τὰς
1402 1760 1636 1816 βασιλείους
1656 1757 1762 1801 ἄνα-

285 1895 545 1942 parturiebatur
569 1896 604 1930 in
621 1896 731 1931 lucem
755 1895 929 1941 eruperit,
953 1898 990 1930 et
1010 1906 1168 1940 magnum
1191 1905 1234 1929 ex
1253 1893 1411 1928 scintillis
1434 1891 1624 1926 incendium
1644 1890 1680 1924 in
1699 1902 1761 1925 ve-

290 1942 428 1976 ritatem
447 1942 489 1975 ab
508 1943 654 1977 adversa
672 1946 771 1988 parte
791 1942 981 1984 excitetur,
1005 1942 1261 1986 periculumque
1281 1940 1346 1982 sit,
1371 1951 1414 1973 ne
1432 1938 1530 1973 nobis
1544 1936 1679 1972 interim
1703 1937 1762 1980 (ut

286 1994 341 2022 est
361 1988 516 2022 omnibus
542 1989 741 2037 mortalibus
762 1987 929 2022 incertum
951 1988 1034 2032 quid
1053 1987 1177 2033 cuique
1194 1989 1345 2021 futurum
1366 1985 1438 2030 sit)
1463 1983 1639 2019 terrestris
1661 1983 1760 2017 huius

284 2034 382 2068 vitae
409 2034 536 2068 exit-um
558 2035 688 2078 nactis,
714 2039 895 2079 antequam
918 2033 1018 2068 istius
1046 2033 1123 2067 mali
1146 2044 1268 2068 causas
1294 2034 1381 2067 bene
1405 2029 1760 2071 animadvertamus,

285 2081 448 2124 :ignorent
475 2081 606 2125 posteri
630 2093 687 2115 res
706 2085 862 2121 nostras3
886 2091 983 2124 quem
1003 2079 1166 2114 videlicet
1188 2092 1239 2113 me
1260 2079 1296 2113 in
1315 2079 1383 2112 illis
1406 2078 1627 2124 perturbatae
1650 2076 1762 2110 eccle-

287 2126 362 2160 siae
381 2126 528 2171 negotiis
555 2127 740 2172 gesserim3
771 2130 811 2160 ut
836 2126 1053 2160 convenerim
1081 2126 1341 2172 imperatorem,
1366 2130 1402 2159 et
1422 2130 1583 2170 quantum
1604 2133 1687 2168 prae
1707 2134 1762 2156 me

286 2173 394 2206 zelum
419 2172 573 2215 tulerim3
596 2173 676 2207 ideo
694 2172 922 2207 necessarium
942 2172 1042 2207 nobis
1062 2171 1170 2206 visum
1192 2177 1244 2207 est
1260 2183 1370 2218 pauca
1396 2171 1440 2205 de
1463 2169 1577 2204 multis
1602 2179 1761 2214 compen-

286 2218 383 2252 diose
393 2229 544 2254 narrare.
572 2220 657 2264 (ΙΙ.)
674 2220 783 2255 Nemo
802 2223 866 2260 est,
883 2218 1015 2264 opinor,
1035 2219 1092 2264 qui
1110 2220 1260 2263 ignoret,
1277 2218 1412 2253 minime
1428 2215 1655 2262 periculosum
1672 2226 1760 2256 esse,

285 2276 330 2300 ea
348 2265 416 2299 dici
437 2276 458 2299 a
475 2265 633 2307 subditis,
656 2277 744 2311 quae
763 2266 1007 2310 imperantibus
1026 2264 1271 2299 iucundissima
1290 2264 1370 2298 sint.
1419 2265 1465 2298 At
1483 2262 1599 2303 iidem,
1624 2273 1697 2295 cum
1716 2261 1761 2295 ad

287 2311 539 2357 exasperandos
565 2311 855 2356 offendendosque
879 2311 1003 2346 animos
1017 2337 1027 2354 ,
1051 2316 1087 2346 et
1105 2323 1146 2346 ea
1167 2322 1256 2357 quae
1272 2311 1406 2345 minime
1425 2309 1583 2355 placeant
1601 2306 1761 2348 dicenda,

285 2357 435 2402 linguam
463 2362 609 2402 acuunt,
641 2362 713 2392 tum
737 2369 820 2392 vero
847 2369 1056 2403 consequens
1078 2363 1151 2400 est,
1175 2362 1214 2391 ut
1233 2368 1397 2403 perquam
1420 2366 1525 2400 aegre
1552 2353 1759 2388 audientiam

285 2403 354 2438 sibi
373 2404 524 2446 faciant3
548 2415 687 2450 pronam
714 2409 826 2438 autem
845 2404 889 2438 ad
915 2404 1064 2438 convitia
1092 2404 1232 2438 herilem
1254 2404 1403 2448 linguam
1427 2401 1689 2447 pronioremque
1713 2399 1760 2433 ad

285 2461 416 2496 poenas
442 2461 574 2486 manum
597 2449 846 2485 nanciscantur.
894 2450 1035 2484 Volenti
1060 2450 1186 2496 itaque>
1203 2449 1284 2484 mihi
1307 2461 1369 2490 ea,
1394 2459 1484 2494 quae
1508 2446 1649 2481 liberius
1670 2457 1691 2479 a
1706 2456 1760 2479 me

285 2496 380 2531 (licta
399 2500 496 2539 sunt,
521 2501 557 2531 et
573 2497 640 2531 zeli
660 2496 749 2531 illius
770 2497 837 2531 mei
856 2500 1045 2542 spectatum
1070 2498 1226 2532 ardorem
1246 2506 1436 2542 exponere,
1459 2491 1673 2528 metuendum
1691 2495 1759 2533 est,

286 2554 330 2576 ne
355 2554 430 2577 cum
453 2543 563 2578 totius
587 2543 747 2579 veritatis
775 2543 834 2577 vix
854 2543 1021 2577 minimam
1041 2548 1174 2589 partem
1198 2542 1441 2582 declaravero,
1464 2540 1587 2574 videar
1612 2537 1692 2572 falsi
1716 2549 1760 2572 ne

286 2589 454 2624 minimam
472 2589 609 2636 quidem
630 2593 762 2635 partem
779 2589 942 2623 omisisse.
989 2590 1217 2631 Quamobrem
1235 2592 1272 2622 et
1288 2587 1365 2621 illos
1382 2585 1565 2627 reveritus,
1589 2585 1647 2630 qui
1666 2584 1762 2618 veri-

284 2636 389 2670 tatem
404 2647 641 2682 nonnunquam
660 2647 799 2681 gravem
821 2639 858 2670 et
875 2635 991 2670 auditu
1011 2646 1166 2682 asperam
1184 2646 1262 2669 esse
1280 2636 1458 2674 statuunt,
1482 2643 1558 2666 cum
1577 2629 1706 2675 aliquid
1725 2629 1760 2663 in

285 2694 322 2716 se
338 2693 537 2726 generosum
558 2685 593 2718 et
610 2682 760 2718 eminens
779 2682 884 2716 habet
901 2682 1039 2716 virtutis
1059 2681 1265 2722 ostentatio,
1289 2692 1330 2714 ac
1348 2683 1418 2714 tum
1440 2676 1663 2724 praesertim,
1686 2687 1762 2709 cum

281 2728 325 2761 de
340 2740 379 2762 se
397 2729 472 2774 ipso
483 2728 606 2775 aliquis
617 2729 796 2775 praeclara
816 2733 949 2770 narrat,
974 2728 1039 2763 etsi
1058 2728 1117 2763 ille
1135 2731 1243 2762 testes
1265 2727 1392 2760 habeat
1408 2728 1638 2770 spectatorum
1658 2722 1763 2757 innu-

283 2775 493 2810 merabilium
517 2775 654 2817 oculos;
677 2775 842 2821 pleraque
869 2774 1002 2809 silentio
1028 2775 1148 2809 volens
1175 2776 1367 2820 praetereo.
1415 2771 1516 2815 (ΙΙΙ.)
1539 2769 1628 2804 Mihi
1653 2771 1762 2808 certe,

282 2819 337 2856 cui
358 2832 481 2867 magna
508 2821 575 2858 iam
603 2821 682 2859 olim
701 2833 778 2858 cum
796 2822 1006 2868 imperatore
1034 2821 1165 2857 fuisset
1188 2819 1359 2863 amicitia,
1383 2822 1564 2865 antequam
1585 2815 1615 2851 is
1636 2815 1681 2852 ad
1700 2813 1762 2849 im-
