1794 3172
297 138 429 186 1140
714 142 1032 190 NICEPHORI
1059 142 1382 189 GREGORAE
1412 162 1413 165 ¹

74 268 108 300 A.
125 267 171 300 Μ.
191 266 282 302 6859
296 253 406 306 ἅπαξ
427 252 634 313 ἥρμοσται
652 254 898 312 συμφωνίαν
918 254 1023 313 πρὸς
1042 252 1184 308 ἑαυτὰ,
1212 254 1316 299 οὔθ’
1334 253 1387 313 ἢν
1406 249 1460 300 αὖ
1478 253 1582 313 πρὸς
1603 254 1656 298 τὰ
1668 251 1771 310 ὁμό-

133 315 203 348 Ind·
220 313 243 349 4
258 342 432 395 Οστιχαι
477 324 524 366 τὸ
560 324 606 366 δὲ
633 323 782 378 κακὸν,
821 324 959 368 οὐδέσι
980 322 1147 368 κανόσιν
1173 322 1371 380 ἑπόμενον
1381 359 1395 380 ,
1434 331 1667 382 συμφωνεῖν
1697 324 1772 368 οὐκ

299 393 407 439 οἶδεν
437 392 619 436 οὐδέσιν·
666 392 774 436 ἀλλὰ
801 391 977 450 μάχεται
1002 395 1079 450 μὲν
1108 397 1168 454 τῷ
1200 393 1321 452 φύσει
1349 399 1485 454 καλῷ,
1521 392 1696 450 μάχεται
1725 394 1768 436 δ’

295 462 357 513 οἷς
376 463 543 519 ἔναγχος
560 462 709 519 γέγηθε
729 468 980 522 συμφωνῶν,
1003 461 1178 519 μάχεται
1200 466 1225 507 δ
1231 464 1243 480 ²
1264 465 1405 521 ἐπίσης
1424 466 1491 507 καὶ
1512 462 1659 523 ἑαυτῷ.
1699 461 1772 506 01‘1'-

291 550 374 583 τως
388 534 548 588 ἔμμανῆ
570 550 613 575 τε
633 534 698 576 καὶ
721 532 876 577 ἄτοπον
897 533 986 589 ἴσχε
997 533 1072 590 τὴν
1092 533 1171 585 ἕξιν
1190 533 1252 577 ἀεὶ
1269 534 1322 577 τὰ
1336 532 1454 578 κακά.
1493 532 1609 594 (IA.)
1623 536 1794 590 Πρω-5

294 602 452 647 οιστὲον
477 604 504 645 δ
510 601 523 619 ’
545 600 643 657 ὖμῖν
665 605 733 646 καὶ
755 602 782 646 ἃ
805 606 846 646 Γ
843 604 1021 663 ρηγορίῳ
1039 607 1098 663 τῷ
1126 604 1357 647 Νυσσαέων
1378 603 1534 661 εἴρηται
1554 600 1769 660 πρότερον,

255 674 362 718 D‘lva
392 676 521 729 γνῶτε
550 671 626 728 τὴν
662 678 738 716 τοῦ
769 677 897 717 καλοῦ
934 674 1180 731 συμφωνίαν
1209 671 1492 729 ἑκασταχόθεν
1522 674 1591 716 καὶ
1615 676 1773 715 πολλα-

289 740 420 799 χόθεν
441 741 594 797 ὅμοίως
611 741 799 798 ἔχουσαν.
836 741 896 798 ,,ὃ
919 742 1088 801 ἅρτος,”
1113 744 1253 801 φησὶν,
1278 776 1291 797 ,
1298 742 1442 801 ,ἄρτος
1459 744 1546 786 ἐστὶ
1564 741 1665 792 τέως
1684 759 1772 784 κοι-

292 811 386 862 νός·
425 811 520 855 ἀλλ’
550 810 651 855 ὅταν
673 813 799 857 αὐτὸν
820 813 868 857 τὸ
886 811 1115 870 μυστήριον
1136 811 1407 872 ἶερουργήσῃ,
1441 816 1562 868 σῶμα
1583 814 1773 869 Χριστοῦ

294 882 456 939 λέγεταί
473 899 516 925 τε
537 883 605 925 καὶ
625 883 820 939 γίνεται.”
864 878 891 939 ἦ
914 901 993 927 που
1021 880 1163 941 μακρά
1186 899 1248 933 τις
1277 882 1328 927 ἂν
1357 883 1417 939 εἴη
1445 886 1597 939 σχολῆς
1621 881 1794 938 emptast

293 952 353 1009 μὴ
385 959 474 1002 τοῖς
504 951 613 995 οὕτω
639 956 843 1009 λεχθεῖσιν
874 953 1152 1011 ἀρκουμένους
1185 953 1310 996 πλείω
1349 954 1479 1009 ζητεῖν
1513 954 1570 1002 εἷς
1606 950 1775 1007 ἐκλογὴν

293 1026 370 1065 τοῦ
399 1025 527 1065 καλοῦ
547 1039 590 1065 τε
611 1024 678 1064 καὶ
695 1025 879 1081 χείρονος
902 1023 973 1068 ἔτι.
1020 1021 1144 1080 δρᾶτε
1168 1021 1247 1080 γὰρ
1273 1020 1409 1078 ὗμεῖς,
1447 1020 1558 1072 ὅπως
1580 1021 1770 1077 ἀμογητὶ,

256 1092 368 1135 Eua}
389 1091 496 1134 κατὰ
515 1091 563 1134 τὸ
584 1090 821 1147 αὐτόματον
841 1095 962 1136 εἷπεῖν
972 1127 986 1147 ,
1019 1090 1323 1150 ἇναῤῥήγνυται
1342 1089 1607 1147 πανταχόθεν
1625 1090 1679 1133 τὰ
1699 1093 1775 1146 τῆς

297 1165 482 1219 πονηρᾶς
503 1165 578 1204 τοῦ
603 1161 756 1220 ἀνδρὸς
790 1161 935 1220 ἑορτῆς
966 1159 1329 1219 ἇνακαλυπτήρια,
1365 1163 1434 1205 καὶ
1464 1162 1663 1204 δέδεικται
1694 1176 1773 1203 σα-

299 1235 389 1288 φῶς
410 1228 564 1282 πάσαις
581 1231 656 1286 μὲν
677 1232 877 1289 αἱρέσεσιν
897 1231 1035 1288 ἔνοχος
1053 1230 1110 1276 ὢν
1120 1265 1133 1285 ,
1158 1229 1297 1282 πάσας
1320 1231 1363 1275 δ’
1383 1228 1654 1288 ὑπερβάλλων
1675 1227 1794 1274 {na-1

147 1303 190 1341 V.
209 1303 279 1342 575
302 1305 459 1356 σταχοῦ
470 1333 484 1354 ,
522 1298 660 1353 πάσας
691 1301 735 1345 δ’
767 1303 821 1352 εἷς
851 1302 1056 1359 ἀναίρεσιν
1079 1306 1153 1358 τῆς
1178 1299 1378 1360 ἐνσάρκου
1407 1302 1531 1352 θείας
1554 1297 1775 1344 συνάπτων

298 1371 556 1426 οἰκονομίας·
594 1370 650 1422 ὥς
676 1371 866 1430 ἀνωτέρω
886 1389 930 1415 τε
952 1369 1148 1422 πολλάκις
1168 1371 1266 1429 ἡμῖν
1301 1371 1501 1415 δέδεικται
1535 1371 1601 1413 καὶ
1633 1373 1773 1428 πολλῷ

297 1438 499 1498 πρότερον
523 1440 565 1484 ἔν
596 1448 684 1492 τοῖς
701 1440 819 1496 ἡμῶν
835 1442 1163 1500 Ἀντιῤῥητικοῖς.
1208 1440 1318 1498 πηγὴ
1342 1440 1385 1483 δ’
1416 1438 1611 1484 ἁπάντων
1636 1443 1773 1482 κακῶν

259 1511 472 1553 Ετουτωνὶ
500 1511 569 1553 καὶ
601 1511 793 1566 θεμέλιος
827 1511 993 1566 ἀμαθία
1033 1513 1102 1555 καὶ
1144 1510 1298 1568 οἴησις,
1347 1507 1409 1560 οἷς
1441 1508 1663 1567 φάρμακον
1696 1508 1770 1551 οὒκ

296 1578 407 1623 ἔστιν
426 1577 554 1634 εὑρεῖν
576 1585 657 1625 τῶν
679 1579 873 1625 ἁπάντων
906 1581 1025 1625 οὐδὲν
1056 1580 1219 1637 οὐδαμῆ
1237 1594 1246 1605 ·
1283 1580 1331 1625 οὗ
1367 1579 1381 1596 ²
1415 1578 1607 1635 ἁλώσιμα
1633 1583 1794 1622 ταῦταΞ

297 1649 418 1708 τέχνῃ
436 1649 584 1706 γένοιτ’
608 1649 659 1694 ἂν
681 1651 819 1707 οὐδενί
835 1669 879 1708 γε
903 1656 963 1711 τῷ
981 1648 1120 1711 τρόπῳ
1141 1654 1225 1695 τῶν
1242 1648 1408 1694 πάντων
1430 1650 1522 1694 τινί.
1570 1644 1597 1705 ῆ
1617 1648 1694 1706 γὰρ
1715 1646 1767 1692 ἂν

297 1717 386 1778 ᾔδει
421 1721 488 1763 καὶ
520 1719 671 1776 αὐτὸς,
710 1719 871 1765 ἀκούων
896 1725 981 1766 τῶν
1010 1721 1128 1780 ἱερῶν
1150 1722 1218 1764 καὶ
1237 1724 1381 1779 σοφῶν
1405 1716 1665 1763 διδασκάλων
1693 1721 1769 1774 τῆς

388 1804 423 1844 4.
447 1810 676 1854 συμφωνοῦν
698 1809 790 1845 coni.
807 1810 917 1856 Capp.
1008 1811 1044 1848 6.
1066 1810 1119 1858 τῷ
1141 1820 1205 1846 em.
1232 1809 1358 1855 Capp„
1379 1808 1455 1844 τῶν
1477 1818 1600 1854 apogr.

298 1876 409 1924 prime
435 1881 643 1923 congruant,
668 1891 767 1926 quem
791 1878 885 1914 inter
910 1891 949 1914 se
973 1879 1077 1915 semel
1104 1879 1294 1914 effecerunt
1314 1881 1375 1914 aut
1392 1890 1469 1913 cum
1499 1876 1665 1912 similibus
1690 1875 1769 1910 aliis

301 1927 445 1958 servant
470 1930 688 1967 concentum,
711 1927 801 1961 huno
827 1927 1014 1962 dissoivere
1048 1937 1262 1972 nequaquam
1300 1929 1466 1971 possunt:
1495 1924 1616 1959 malum
1643 1926 1769 1967 autem,

302 1982 380 2004 cum
401 1970 502 2004 nullis
521 1973 650 2017 regulis
670 1973 955 2008 accommodatum
975 1973 1038 2014 sit,
1062 1972 1162 2008 nullis
1181 1977 1365 2014 consonat3
1389 1971 1451 2007 sed
1471 1971 1518 2013 ei,
1541 1970 1632 2017 quod
1650 1981 1691 2003 ex
1709 1981 1770 2003 na-

301 2021 384 2051 tura
405 2029 467 2051 sua
483 2018 605 2054 bonum
625 2025 678 2055 est
694 2024 887 2065 repugnat,
909 2025 950 2054 ut
969 2024 1005 2054 et
1022 2020 1086 2062 iis,
1107 2021 1247 2066 quorum
1265 2023 1434 2054 concentu
1455 2017 1560 2064 paulo
1584 2021 1665 2051 ante
1685 2027 1769 2061 gau-

303 2063 431 2105 debat,
454 2064 519 2099 imo
536 2078 649 2101 secum
673 2066 774 2102 etiam
794 2078 966 2112 peraeque
986 2071 1130 2113 pugnat.
1187 2066 1282 2101 Adeo
1302 2066 1421 2100 insane
1439 2076 1574 2110 semper
1593 2067 1629 2097 et
1645 2064 1770 2097 absur-

303 2109 349 2143 de
379 2109 467 2144 mala
494 2124 571 2147 sese
596 2114 798 2148 habuerunt.
853 2113 990 2158 (XIV.)
1015 2114 1140 2148 Verum
1163 2124 1291 2159 operae
1311 2113 1457 2159 pretium
1479 2116 1533 2146 est
1549 2114 1589 2145 ut
1607 2121 1649 2144 ea
1668 2109 1771 2163 yobis

303 2156 446 2191 afferam
459 2182 469 2199 ‚
493 2170 582 2204 quae
599 2163 738 2195 sanctus
755 2159 958 2205 GregoriuS‚
977 2160 1212 2206 Nyssenorum
1235 2160 1431 2206 episcopus,
1449 2158 1528 2193 olim
1550 2156 1707 2203 protulit,
1731 2159 1770 2190 ut
1791 2191 1794 2193 .

302 2203 420 2237 multis
439 2215 459 2237 e
481 2204 565 2240 locis
586 2211 622 2241 et
647 2207 876 2252 undecunque
898 2207 1019 2242 bonum
1039 2207 1093 2242 sui
1113 2219 1248 2253 semper
1271 2217 1349 2242 esse
1375 2205 1505 2247 simile,
1541 2202 1770 2249 cognoscatis.

268 2283 271 2286 .
303 2249 436 2291 „Panis
446 2249 479 2292 ‚’'
503 2251 635 2298 inquit,
659 2254 858 2298 „hucusque
876 2254 1059 2289 communis
1076 2258 1130 2289 est
1146 2254 1267 2300 panis:
1300 2265 1373 2288 cum
1400 2256 1512 2286 autem
1538 2249 1770 2285 eucharistico

304 2297 469 2342 mysterio
498 2298 603 2333 fuerit
627 2304 870 2342 consecratus,
895 2300 1029 2335 Christi
1056 2312 1182 2347 corpus
1207 2300 1336 2335 dicitur
1365 2303 1401 2334 et
1428 2295 1615 2333 efficitur.’'
1643 2296 1772 2331 certa

304 2343 410 2377 multo
429 2343 735 2392 intempestivoque
764 2346 834 2380 otio
856 2347 1092 2390 abundarent,
1116 2348 1175 2394 qui
1201 2359 1304 2392 supra
1322 2345 1425 2380 dictis
1454 2344 1588 2379 minime
1617 2341 1772 2377 contenti

304 2389 417 2424 adhuc
436 2390 535 2436 plura
554 2398 760 2437 quaererent
772 2419 782 2437 ,
806 2397 845 2427 ut
863 2394 943 2428 boni
962 2406 1003 2429 ac
1022 2394 1148 2440 peioris
1166 2393 1319 2429 delectus
1343 2393 1539 2427 haberetur.
1585 2389 1657 2435 Ipsi
1683 2388 1771 2423 enim

303 2436 444 2480 videtis,
469 2443 509 2473 ut
525 2438 616 2472 nullo
637 2441 777 2485 negotio
796 2444 912 2486 atque,
934 2444 974 2475 ut
992 2441 1043 2476 ita
1062 2441 1194 2487 loquar,
1211 2443 1334 2486 sponte
1352 2451 1393 2474 ac
1410 2438 1500 2473 ultro
1512 2440 1690 2482 erumpant
1706 2446 1771 2470 un-

303 2482 486 2529 dequaque
513 2485 662 2520 nefanda
697 2486 842 2521 hominis
872 2487 975 2522 istius
1005 2488 1116 2530 festa,
1148 2491 1185 2522 et
1220 2486 1324 2532 impia
1362 2485 1527 2531 mysteria
1561 2485 1772 2527 retegantur.

304 2530 464 2566 Omnium
491 2530 677 2566 haereseon
699 2533 869 2567 Palamam
897 2545 991 2568 reum
1019 2534 1197 2569 evidenter
1223 2532 1437 2580 peregimus3
1468 2529 1773 2566 demonstravimus

305 2587 421 2611 omnes
439 2578 629 2613 haereticos
645 2579 688 2613 ab
706 2579 783 2624 ipso
806 2579 933 2625 ubique
949 2581 1122 2627 superari3
1141 2586 1282 2615 cunctas
1302 2581 1345 2614 ab
1363 2579 1481 2614 eodem
1499 2578 1653 2612 connecti
1673 2573 1773 2609 simul

305 2622 490 2667 haereses,
511 2629 549 2660 ut
565 2624 702 2660 divinae
717 2626 963 2661 incarnationis
981 2627 1178 2674 mysterium
1199 2631 1346 2668 evertat,
1370 2623 1649 2671 quemadmodum
1666 2632 1772 2666 saepe

305 2680 413 2714 supra
436 2675 472 2706 et
496 2671 623 2706 nostris
645 2671 682 2705 in
710 2673 955 2707 Antirrheticis
978 2675 1084 2708 muito
1112 2678 1214 2708 antea
1240 2672 1464 2708 ostendimus.
1493 2671 1636 2704 'Horum
1657 2674 1772 2703 autem

305 2716 449 2751 omnium
468 2718 546 2753 fons
572 2723 678 2763 atque
701 2730 807 2752 causa
825 2719 986 2754 malorum
1011 2726 1065 2756 est
1086 2719 1284 2766 ignorantia
1308 2723 1345 2754 et
1370 2729 1536 2762 arrogans
1564 2716 1607 2751 de
1629 2727 1667 2749 se
1689 2725 1770 2749 con-

305 2767 408 2807 cepta
430 2765 566 2811 opinio,
589 2764 714 2810 quibus
738 2765 862 2799 nullum
881 2767 1015 2802 omhino
1035 2767 1182 2802 inveniri
1208 2770 1323 2812 potest
1347 2765 1553 2805 remedium3
1578 2774 1688 2807 neque
1713 2771 1770 2814 ars

305 2808 375 2843 ulla
395 2816 467 2852 est,
489 2823 579 2857 quae
595 2811 748 2856 qualibet
763 2811 897 2846 ratione
916 2814 1026 2858 possit
1042 2814 1127 2847 haec
1144 2825 1278 2850 sanare.
1302 2811 1437 2857 Alioqui
1456 2815 1563 2845 artem
1580 2806 1770 2861 huiusmodi

306 2861 423 2892 nosset
441 2857 517 2905 ipse
533 2858 703 2902 Palamas,
725 2858 787 2906 qui
801 2869 824 2894 a
841 2859 948 2895 sacris
969 2865 1007 2896 et
1024 2860 1236 2908 sapientibus
1255 2859 1425 2895 ecclesiae
1441 2855 1638 2893 doctoribus
1648 2854 1771 2895 audiit,
