1794 3172
260 139 385 213 600>
567 146 569 148 ’
610 169 615 173 -
647 137 970 193 rNJCE'PHOffl
997 139 1318 193 GREGORAE
1373 144 1375 146 ·

36 249 139 304 AjM.
165 252 257 302 ‘6850
269 257 311 308 ἔς
331 254 589 314 τούμφανὲς,
630 261 758 315 σχολῇ
785 255 828 315 γ’
863 254 915 301 ἃν
948 255 1099 309 ἄλλους
1128 255 1425 311 στασιάζοντας
1453 254 1521 303 καὶ
1550 258 1738 315 μαχομέκ

82 313 357 394 Ι,Μ’-101)νους
390 324 580 382 ἀλλήλοις
620 329 788 370 πείσειεν
833 328 890 376 εἷς
934 324 1227 385 ὁμοφροσύνην
1261 329 1399 371 ε’λθεῖν
1440 328 1733 372 ἀστασίαστον.

235 394 237 396 i
260 397 354 457 (B.)
380 396 550 439 ’Έπειτα
577 397 645 439 καὶ
667 395 884 453 δευτέρους
913 396 977 439 ἐπὶ
1004 403 1092 447 τοῖς
1112 397 1325 455 προτέροις
1347 397 1510 448 ἐκείνοις
1529 396 1737 455 ἀπῄτησεν

258 465 418 524 ὅρκους.
457 467 525 509 καὶ
548 463 607 518 ὃς,
647 465 690 508 ἔκ
707 466 835 521 με’σου
855 463 1028 521 πάμπαν
1047 471 1256 509 ποιεῖσθαι
1272 464 1526 528 βουλόμενος
1550 466 1736 510 ὕποπτον

258 534 390 588 ἅπαν,
425 536 495 578 ’ίνα
517 533 575 590 μή
598 552 638 578 τι
661 534 782 593 πάθῃ
802 534 933 578 δεινὸν
955 533 1065 586 ἅπαξ
1087 537 1284 594 ἐπιορκῶν
1306 538 1544 594 φωραθεὶς,
1585 535 1632 579 οὗ
1654 534 1764 591 τιό-5

253 622 326 648 νον
351 605 498 661 ἱερεῦσι
517 602 779 661 προσήκοντα
799 602 1011 659 ὀμώμοκεν
1044 603 1192 662 ὅρκον,
1237 605 1343 648 ἀλλὰ
1362 607 1429 648 καὶ
1453 605 1498 656 ὃς
1522 607 1736 661 δημοσίοις

217 672 456 731 Εάνδράσιν
477 673 678 717 εἴθισται·
715 674 782 716 καὶ
812 673 917 731 ἀρὰς
937 674 1000 715 ἐπὶ
1021 672 1182 725 τούτοις
1213 673 1422 732 προῦτεινε
1449 675 1554 718 καθ’
1585 665 1735 718 ἑαυτοῦ

254 743 332 794 τοὶς
359 744 553 800 μεγίστας
583 741 686 798 ὁμοῦ
721 744 788 785 καὶ
817 740 1056 800 φρικώδεις,
1103 746 1137 786 εἶ
1156 742 1414 799 ψευδόμενος
1436 743 1541 795 ὅλως
1561 745 1624 786 ἐπὶ
1649 751 1736 794 τοῖς

252 812 482 870 λεγομένοις
504 810 635 868 ἁλοίη.
708 810 796 871 (Γ.)
835 816 932 854 Τῶν
957 813 1008 869 δὴ
1024 811 1224 857 τοιούτων
1248 815 1311 856 ἐπὶ
1331 812 1503 872 τοιαύτῃ
1522 812 1736 857 καταστά-

254 898 315 925 σει
338 882 685 938 συνενεχθέντων,
721 880 797 936 τὴν
820 882 1017 937 ταχίστην
1037 878 1163 933 αὗθις
1182 881 1285 939 ἓξήει
1305 888 1379 927 τοῦ
1403 883 1548 934 ἄστεος
1569 881 1590 926 ὃ
1615 886 1734 926 Καν-
1749 889 1792 924 10

236 951 528 1007 ’.τακουζηνός,
566 951 641 994 σὺν
676 954 807 1008 πολλῇ
835 955 919 994 τῶν
951 951 1116 995 οἴκοθεν
1145 950 1373 1009 χρημάτων
1406 957 1644 1011 παρασκευῇ
1668 955 1737 995 καὶ

257 1019 336 1064 ὅσα
356 1021 459 1078 πρὸς
482 1020 638 1078 δωρεὰς
649 1022 891 1078 φιλοτίμους
908 1024 992 1064 τῶν
1012 1023 1222 1079 προσιέναι
1242 1020 1476 1077 μελλόντων
1500 1022 1613 1080 αὗτῷ
1628 1040 1736 1066 παν-

127 1098 248 1136 Ρ.373
259 1092 451 1134 τοδαπῶν
476 1092 611 1133 ἐθνῶν
635 1087 737 1145 ὁμοῦ
762 1092 834 1139 καὶι
851 1095 1112 1147 πρεσβευτῶν
1138 1093 1204 1134 καὶ
1225 1091 1382 1136 πόλεων
1401 1091 1732 1149 παρεσκεύαστο·

256 1158 405 1204 ἔπιπλά
424 1177 531 1218 φημι
566 1160 633 1202 καὶ
659 1160 833 1214 χλαίνας
859 1159 1060 1212 Ἰταλικάς
1086 1162 1128 1212 ἐξ
1147 1163 1281 1220 ἐρίου,
1321 1163 1389 1204 καὶ
1410 1161 1488 1205 ὅσα
1512 1162 1630 1218 ἕτερα
1650 1180 1736 1216 μα-

255 1230 355 1288 κρὸν
373 1230 420 1273 τὸ
443 1227 659 1287 φιλότιμον
678 1228 814 1284 ἔχουσι
835 1230 916 1272 τῶν
932 1232 1126 1288 χαρίτων.
1185 1231 1280 1291 (Δ.)
1297 1229 1350 1274 “O
1369 1249 1411 1288 γε
1429 1231 1513 1287 μὴν
1526 1230 1730 1274 Ἀπόκαυ-
1747 1238 1790 1274 15

255 1317 327 1350 κος
349 1300 389 1351 ἔς
408 1299 455 1342 τὸ
481 1297 679 1356 φρούριον
702 1298 830 1341 αὐτοῦ
860 1302 1161 1356 συγκλεισθεὶς,
1201 1300 1292 1344 ἀντὶ
1311 1305 1387 1344 τοῦ
1410 1298 1736 1356 μᾶλλονμῖσχύ-

255 1374 403 1413 νεσθαι
424 1370 490 1412 καὶ
510 1370 710 1428 ἐρυθριᾷν
728 1369 791 1410 ἐπὶ
810 1372 861 1426 τῇ
883 1369 1010 1414 αὐτοῦ
1032 1369 1222 1430 ἀνάνδρῳ
1239 1372 1307 1413 καὶ
1324 1369 1561 1427 γυναικώδει
1581 1372 1731 1427 διαίτῃ,

255 1436 289 1482 δ’
303 1439 348 1481 δὲ
369 1438 605 1483 τούναντίον
623 1434 854 1495 ἕτετύφωτό
875 1455 918 1482 τε
952 1441 1019 1483 καὶ
1052 1438 1223 1498 ὀφρύος
1240 1438 1404 1496 ἁπάσης
1424 1440 1556 1495 μεστὰ
1587 1438 1732 1497 διεξῄει

255 1506 448 1566 ῥήματα,
486 1509 553 1550 καὶ
583 1506 711 1550 αὐτοῦ
732 1509 1078 1566 Καντακουζηνοῧ
1103 1509 1382 1568 κατεμέμφετο
1410 1510 1631 1564 ἀβουλίαν,
1672 1507 1735 1552 ὅτι

216 1577 311 1634 Βμὴ
346 1580 413 1621 καὶ
450 1576 576 1627 αὐτὸς
606 1576 681 1632 τὴν
715 1574 861 1632 ὁμοίαν
895 1577 1151 1636 ἡτοιμάσατο
1175 1578 1371 1638 πρόνοιαν
1413 1577 1570 1638 ἑαυτῷ,
1605 1579 1666 1622 ‘lv’
1689 1580 1732 1621 ἓν
1745 1587 1791 1622 20

252 1654 409 1705 καιροῖς
442 1644 619 1703 ἀνάγκης
649 1647 716 1689 καὶ
737 1644 873 1704 φόβου
903 1653 1091 1702 τοιοῦτον
1112 1648 1193 1705 ε’χοι
1216 1649 1320 1707 πρὸς
1341 1647 1570 1706 ἀσφάλειαν
1601 1646 1735 1706 φρού-

121 1724 245 1762 V.303
257 1735 343 1775 ριον
364 1714 642 1774 καταφεύγειν.
715 1713 804 1773 (E)
836 1714 884 1759 tO
905 1721 931 1762 δ
938 1719 951 1735 ²
978 1715 1161 1773 ἀκούων,
1199 1720 1267 1761 καὶ
1296 1723 1370 1775 τῆς
1388 1720 1538 1762 ἐκείνου
1562 1735 1735 1775 καταγε-

251 1790 336 1831 λῶν
359 1786 549 1843 εὐηθείας
558 1817 572 1838 ,
607 1783 805 1835 τοιαύτας
829 1784 1024 1845 ἀντεπῆγε
1053 1788 1128 1838 τὰς
1152 1787 1397 1846 ἀποκρίσεις.
1433 1788 1522 1840 ,,Οὗ
1547 1790 1732 1840 λίθοις“,

255 1857 383 1915 φησὶ,
418 1857 520 1910 »καὶ
550 1854 742 1904 πλίνθοις
773 1854 850 1912 ἐγώ
870 1857 946 1914 τὴν
965 1855 1086 1913 ε’μὴν
1118 1858 1294 1913 τειχίζειν
1323 1855 1551 1916 ἀσφάλειαν
1578 1857 1735 1915 ἔγνωκα

256 2012 335 2049 aliis
365 2012 610 2049 dissidentibus
635 2016 739 2061 atque
761 2013 854 2050 inter
878 2026 916 2051 se
942 2014 1176 2061 pugnantibus
1204 2013 1468 2062 haudquaquam
1492 2026 1734 2060 persuasurum

258 2072 347 2102 esse,
371 2065 410 2094 ut
430 2060 465 2094 in
487 2061 700 2096 concordiam
720 2062 887 2104 redirent,
912 2061 1203 2108 seditionibusque
1214 2062 1438 2097 abstinerent.
1488 2063 1571 2107 (Π.)
1596 2063 1734 2097 Novum

256 2105 383 2141 deinde
401 2106 654 2151 iusiurandum,
678 2113 815 2155 praeter
834 2108 920 2142 illud
939 2108 1117 2154 superius,
1141 2109 1270 2154 exegit.
1318 2111 1364 2144 At
1383 2109 1440 2144 hic
1462 2109 1580 2144 volens
1603 2121 1734 2144 omnem

255 2152 484 2199 suspicionem
504 2154 637 2197 tollere,
661 2168 704 2190 ne
724 2155 808 2200 quid
827 2154 965 2200 gravius
975 2159 1151 2201 pateretur
1171 2155 1314 2201 periurii
1333 2155 1437 2190 semel
1455 2156 1644 2198 convictus,
1666 2167 1734 2190 non

256 2200 473 2235 sacerdotum
492 2201 590 2235 modo
609 2202 863 2243 iusiurandum,
889 2202 951 2236 sed
970 2207 1006 2236 et
1021 2200 1103 2235 illud
1115 2227 1126 2244 ,
1151 2202 1243 2248 quod
1266 2202 1361 2237 laicis
1380 2203 1520 2237 solenne
1539 2208 1612 2244 est,
1638 2203 1734 2236 iura-

256 2246 328 2282 vit:
353 2257 460 2292 seque
477 2248 768 2283 exsecrationibus
783 2247 820 2282 in
836 2248 873 2282 id
891 2247 1044 2283 maximis
1060 2253 1164 2295 atque
1182 2250 1361 2284 horrendis
1382 2249 1538 2291 devovit,
1564 2248 1594 2282 si
1610 2248 1736 2283 ullate-

256 2303 320 2327 nus
338 2292 483 2328 mendax
502 2293 537 2328 in
555 2293 598 2328 iis
618 2306 707 2340 quae
725 2294 868 2329 dixisset
886 2298 1101 2339 argueretur.
1148 2296 1252 2341 (ΠΙ.)
1280 2297 1345 2331 His
1364 2294 1414 2330 ita
1435 2295 1645 2336 constitutis,
1669 2295 1735 2329 ite-

256 2350 331 2374 rum
356 2339 452 2374 Urbe
485 2341 586 2386 quam
614 2341 790 2385 celerrime
821 2353 981 2386 egressus
1000 2345 1053 2376 est
1076 2341 1361 2385 Cantacuzenus,
1393 2353 1517 2387 magna
1540 2341 1731 2376 instructus

254 2385 466 2421 domesticae
486 2387 653 2433 pecuniae
666 2388 723 2429 vi,
748 2399 933 2433 earumque
951 2399 1076 2430 rerum,
1101 2400 1189 2435 quae
1210 2393 1428 2436 comparatae
1447 2392 1564 2422 essent
1581 2388 1625 2421 ad
1647 2400 1735 2422 con-

256 2432 424 2467 ciliandos
440 2433 634 2468 muneribus
655 2434 775 2469 obvios
792 2446 957 2480 quosque,
980 2435 1136 2481 populoS‚
1160 2437 1277 2479 urbes,
1301 2437 1445 2481 legatos.
1494 2434 1735 2480 Supellectilia

257 2478 416 2524 intelligo
450 2484 486 2514 et
515 2484 630 2515 vestes
649 2481 786 2516 Italicas
807 2492 849 2514 ex
868 2480 966 2524 lana,
990 2486 1026 2516 et
1046 2493 1268 2529 quaecunque
1298 2482 1368 2517 alia
1387 2481 1568 2527 plurimum
1588 2481 1632 2514 ad
1652 2493 1735 2515 con-

254 2524 436 2560 ciliandam
456 2527 603 2573 gratiam
623 2528 749 2562 valent.
796 2527 897 2572 (lv.)
922 2529 985 2563 Ast
1005 2530 1206 2573 Apocaucus
1227 2529 1367 2564 castello
1384 2539 1447 2562 suo
1469 2527 1632 2569 inclusus,
1655 2531 1734 2561 tan-

256 2573 330 2606 tum
349 2572 470 2607 aberat
494 2577 533 2607 ut
560 2573 691 2628 pudore
717 2573 914 2608 afficeretur
939 2574 1228 2621 erubesceretque
1252 2586 1349 2610 suum
1374 2574 1456 2608 illud
1478 2574 1610 2608 minime
1632 2573 1736 2608 virile

253 2628 297 2652 ac
316 2624 456 2663 prorsus
476 2619 678 2655 foemineum
698 2620 795 2655 vitae
819 2620 1029 2656 institutum=
1059 2621 1162 2655 etiam
1188 2621 1307 2656 animis
1334 2621 1540 2661 inflabatur,
1575 2625 1610 2654 et
1630 2632 1734 2654 voces

255 2663 365 2699 omnis
386 2666 607 2711 arrogantiae
626 2667 744 2713 plenas
762 2667 933 2709 iactabat,
957 2671 993 2702 et
1011 2670 1284 2702 Cantacuzenum
1302 2669 1411 2712 ipsum
1428 2666 1586 2701 inscitiae
1609 2677 1735 2711 argue-

256 2709 338 2754 bat,
364 2712 460 2757 quod
482 2715 550 2747 non
574 2717 609 2747 et
634 2714 710 2760 ipse
730 2713 796 2748 sibi
818 2713 977 2748 cautione
1000 2714 1102 2748 simili
1124 2715 1356 2759 providisset,
1377 2713 1471 2747 utin
1487 2713 1647 2747 extremis
1668 2724 1735 2747 an·-

255 2755 383 2802 gustiis
401 2758 673 2806 periculosisque
688 2760 900 2807 temporibus
923 2760 993 2796 tale
1016 2760 1160 2795 haberet
1180 2761 1374 2806 perfugium
1394 2772 1434 2795 ac
1451 2759 1656 2805 praesidium
1678 2770 1736 2793 sa-

254 2802 349 2838 lutis.
397 2804 479 2850 (V.)
503 2808 549 2841 At
573 2806 631 2842 ille
654 2807 739 2842 baec
766 2807 907 2842 audiens
930 2807 1074 2842 hominis
1106 2806 1329 2841 stoliditatem
1357 2806 1549 2847 irride-bat,
1585 2811 1621 2840 et
1642 2805 1736 2839 eius-

255 2849 347 2886 modi
369 2849 474 2888 dabat
489 2853 523 2889 ei
541 2865 717 2901 responsa.
764 2854 879 2899 „Non
895 2853 1069 2902 lapidibus
1086 2856 1146 2890 aut
1167 2853 1346 2889 laterculis
1368 2864 1476 2889 meam
1496 2853 1639 2889 salutem
1661 2863 1734 2887 mu—
