1794 3172
220 139 332 188 ⁷796
627 183 630 186 Δ
644 139 961 187 NICEPHORI
996 136 1325 184 GREGORAE

11 269 49 302 A.
70 268 113 300 M.
130 265 223 303 6855
230 274 302 313 χεν
334 252 488 312 αὖτῆν·
526 254 593 297 καὶ
624 255 834 308 Ζηλωτῶν
861 248 1018 294 οὗτωσί
1043 265 1133 299 πως
1167 245 1472 304 ὠνομασμένων
1510 244 1727 305 ἄθροισμα

58 315 124 348 Iud·
144 315 188 350 15
229 321 319 372 τῶν
352 325 488 368 ἄλλων
519 319 743 379 ἒπρῶτευε“
780 320 848 364 καὶ
878 316 930 376 ’ἦν
962 318 1067 377 πρὸς
1094 317 1291 373 οὐδεμίαν
1313 322 1397 361 τῶν
1415 320 1630 360 πολιτειῶν
1651 317 1727 372 τὴν

193 397 406 452 Βμίμησιν
437 393 717 450 ἀναφέρουσα.
777 389 871 433 οὔτε
905 389 985 447 γὰρ
1018 384 1339 446 ἀριστοκρατική
1368 398 1431 437 τις
1452 382 1549 442 ἦν,
1582 385 1728 429 ὁποίαν

227 456 322 515 ’τοῖς
344 462 470 506 πάλαι
490 459 1103 519 ΛυκοῦργοςΛακεδαιμονίοις
1126 455 1260 500 ἀνύειν
1284 454 1569 515 προσετετάχει
1583 469 1593 479 ·
1633 456 1726 499 οὔτε

233 552 297 585 τις
321 531 625 589 δημοκρατικὴ,
667 528 859 586 καθάπερ
888 533 972 572 τῶν
997 527 1234 583 Ἀθηναίων
1265 524 1291 583 ἢ
1321 524 1465 584 πρώτη
1499 543 1542 568 τε
1576 527 1644 567 καὶ
1674 525 1755 581 ἣνὸ

233 605 279 646 ἐκ
311 600 578 659 τετραφύλων
607 602 662 650 εἷς
696 598 952 657 δεκαφύλους
976 595 1194 655 ἐπεπράχει
1223 596 1503 652 Κλεισθένης·
1542 594 1648 638 οὗθ’
1676 593 1728 651 ἣν

236 691 279 716 τε
305 670 517 721 Ζάλευκος
545 678 632 720 τοῖς
655 670 950 727 Ἐπιζεφυρίοις
971 670 1162 726 Λοκροῖς
1192 665 1419 725 ἓβράβευσε
1457 667 1525 708 καὶ
1557 663 1610 720 ἣν
1640 671 1729 714 τοῖς

228 734 281 785 ’ἐν
301 741 466 801 Σικελία
484 737 722 797 Χαρώνδας
743 738 764 783 ὅ
792 741 1057 788 Καταναῖος·
1097 736 1190 780 οὕτε
1211 753 1272 787 τις
1295 734 1376 779 ὑπὸ
1399 737 1514 778 δυοῖν
1539 733 1565 791 ἢ
1589 731 1728 777 πλειό-

197 821 318 856 Ονων
339 813 395 862 εἷς
415 810 457 854 ἕν
487 828 526 854 τι
559 814 763 866 κραθεῖσα
793 806 1030 864 καινότερον
1061 804 1170 857 εῗὸος
1181 840 1194 860 ,
1231 803 1373 849 ὁποῖαί
1390 821 1494 855 τινες
1511 799 1619 860 ἦσαν
1638 802 1666 861 ἥ
1683 821 1727 847 τε

231 882 436 938 ’Κυπρίων
460 882 527 923 καὶ
548 879 598 936 ἣν
622 881 663 922 ἐν
682 882 733 936 τῇ
755 876 884 921 πάλαι
898 875 1037 935 Ῥώμῃ
1059 877 1131 920 τὸν
1152 879 1300 932 δῆμον,
1341 874 1447 919 κατὰ
1472 878 1556 917 τῶν
1574 871 1725 916 ὖπατι-
1739 880 1783 915 10

233 956 320 995 ’κῶν
343 951 507 1008 ἀνδρῶν
531 947 852 1002 στασιάσαντας,
889 945 1239 1003 καταστήσασθαι
1262 946 1440 1003 λέγεται·
1478 943 1578 987 ἀλλ’
1605 943 1727 999 ὄχλο-

231 1017 387 1077 ’κρατιά
417 1020 508 1076 ξένη
539 1036 600 1069 τις
632 1020 698 1061 καὶ
720 1020 810 1062 οἵαν
832 1018 948 1076 φέροι
974 1015 1025 1060 ἂν
1046 1018 1113 1059 καὶ
1138 1016 1228 1073 ἄγοι
1251 1016 1300 1059 τὸ
1322 1012 1573 1070 αὐτόματον.
1611 1017 1727 1071 θρα-

238 1089 401 1148 σύτεροι
418 1087 497 1147 γάρ
519 1106 637 1142 τινες,
662 1090 717 1139 εἷς
739 1085 1125 1145 αὖτοχειροτόνητον
1150 1086 1373 1136 αὖθεντίας
1389 1084 1606 1142 ἄθροισμα
1625 1086 1728 1126 συλ-

239 1160 418 1217 λεγέντες
431 1193 443 1212 ,
477 1164 615 1202 πᾶσαν
645 1160 728 1202 ἐκεῖ
752 1157 1073 1214 κατατρέχουσιν
1091 1154 1276 1212 ἡλικίαν,
1315 1159 1390 1211 τῆς
1413 1172 1456 1197 τε
1481 1152 1637 1204 πόλεως
1658 1153 1726 1196 ἕκ-

192 1232 575 1287 Βδημαγωγοῦντες
593 1228 665 1271 τὸν
685 1227 805 1284 ὄχλον
824 1227 928 1284 πρὸς
947 1227 993 1270 τὸ
1013 1224 1266 1282 βουλόμενον
1297 1227 1364 1269 καὶ
1388 1228 1472 1268 τῶν
1492 1220 1723 1266 πλουτοῦν-
1740 1227 1782 1263 15

236 1317 319 1343 των
344 1297 640 1357 ἀφαιρούμενοι
673 1299 748 1349 τὰς
780 1298 950 1350 οὐσίας,
988 1295 1227 1354 τρυφῶντές
1258 1313 1302 1339 τε
1333 1294 1451 1338 αὐτοὶ
1481 1294 1550 1337 καὶ
1579 1293 1726 1349 μηδενὶ

234 1373 321 1412 τῶν
351 1368 506 1420 ἔξωθεν
538 1366 695 1419 ὑπεῖξαι
726 1365 955 1417 κελεύοντες
974 1364 1204 1423 ἡγεμόνων,
1243 1364 1349 1409 ἀλλὰ
1381 1363 1500 1408 τοῦτ’
1525 1361 1625 1406 εἶναι
1647 1380 1725 1405 κα-

234 1437 334 1482 νόνα
356 1440 423 1481 καὶ
444 1436 572 1492 νόμον
590 1444 677 1487 τοῖς
701 1437 865 1490 ἄλλοις,
897 1435 995 1493 ὅπερ
1021 1435 1070 1480 ἂν
1091 1437 1256 1486 ἐκείνοις
1277 1433 1441 1486 δόξειεν,
1498 1431 1587 1493 (Γ.)
1603 1430 1667 1476 “H
1680 1449 1724 1488 γε

242 1508 326 1564 μὴν
353 1507 538 1569 Θρᾳκικὴ
558 1506 727 1571 ΑΜήδεια
739 1541 752 1561 ,
783 1507 809 1564 ἢ
838 1506 1112 1563 δυτικωτέραν
1129 1523 1174 1549 τε
1197 1505 1275 1562 ἕχει
1296 1504 1526 1557 Βυζαντίου
1548 1502 1624 1559 τὴν
1646 1502 1725 1545 θέ-

244 1595 308 1621 σιν
339 1580 407 1621 καὶ
440 1577 544 1634 πρὸς
572 1582 630 1636 τῷ
666 1577 778 1637 ἄκρῳ
814 1576 1111 1631 τοῦ-Εὐξείνου
1143 1575 1302 1631 κειμένη
1335 1572 1490 1618 πόντου
1527 1573 1722 1624 σταδίους
1735 1576 1781 1611 20

203 1648 430 1690 Εέντεῦθεν
449 1647 586 1703 ἀπέχει
603 1646 750 1704 μικρόν
770 1665 808 1690 τι
830 1647 1104 1704 τετρακοσίων
1123 1645 1317 1697 ἐπέκεινα,
1340 1644 1444 1701 πρὸς
1465 1643 1599 1699 ὀλίγον
1618 1641 1724 1685 ἄπο-

113 1725 157 1760 V.
167 1715 482 1773 4056τατήσασα
495 1750 508 1770 ,
544 1719 610 1759 καὶ
629 1717 734 1760 καθ’
762 1715 914 1772 ἑαυτὴν
936 1716 1155 1773 γενομένη,
1190 1714 1324 1758 πολλὰ
1350 1715 1426 1769 μὲν
1446 1713 1592 1771 ἔδρασε
1617 1711 1725 1755 κατὰ

236 1788 477 1839 Βυζαντίων
497 1786 624 1840 δεινὰ,
656 1790 827 1830 πλεῖστα
848 1786 892 1829 δ’
915 1784 1155 1829 ἐπεπόνθει·
1191 1786 1308 1836 τέλος
1335 1785 1380 1828 δὲ
1399 1786 1725 1841 πολιορκηθεῖσα

239 1923 480 1965 occupaverat,
499 1923 534 1955 et
552 1932 681 1962 eorum,
705 1921 767 1967 qui
785 1920 930 1955 Zelotae
945 1918 1221 1961 nominabantur,
1246 1918 1354 1953 factio
1375 1916 1525 1952 caeteris
1543 1920 1723 1963 praeerat:

237 1966 335 2011 isque
361 1972 437 2000 erat
463 1972 594 2010 status,
620 1968 680 2013 qui
702 1968 744 2001 ad
765 1967 888 2001 nullam
916 1966 1044 2000 referri
1070 1971 1190 2012 posset
1216 1965 1424 2011 reipublicae
1443 1965 1598 1998 formam.
1645 1964 1724 1998 Nec

236 2014 324 2047 enim
344 2013 598 2048 aristocraticus
614 2015 644 2048 is
663 2017 750 2055 erat,
774 2013 908 2059 qualem
928 2013 1113 2059 Lycurgus
1130 2013 1208 2046 olim
1229 2012 1321 2057 apud
1339 2010 1625 2046 Lacedaemonios
1641 2023 1724 2045 con-

237 2059 372 2101 stituit3
398 2063 510 2104 neq'ue
538 2060 808 2102 democraticus,
832 2060 944 2106 qualis
966 2060 1111 2094 Athenis
1134 2060 1275 2104 primum
1298 2060 1431 2100 fuerat,
1455 2065 1492 2092 et
1511 2058 1637 2092 deinde
1662 2068 1724 2091 ex-

219 2103 350 2147 'stitit‚
375 2110 554 2150 postquam
577 2107 770 2141 Clisthenes
796 2118 840 2140 ex
866 2110 1013 2151 quatuor
1032 2106 1191 2140 tribubus
1214 2106 1330 2140 decem
1358 2105 1497 2147 ess'ecit3
1522 2117 1586 2139 nec
1605 2103 1724 2138 similis

236 2152 282 2191 ei,
306 2152 402 2186 cuius
423 2156 545 2186 auctor
555 2154 723 2187 Zaleucus
740 2153 833 2199 apud
845 2153 974 2187 Locros
989 2153 1265 2199 Epizephyrios;
1291 2164 1404 2198 neque
1424 2152 1469 2194 ei,
1494 2152 1590 2186 cuius
1609 2151 1643 2185 in
1663 2150 1723 2184 Si-

234 2197 315 2242 cilia
333 2198 534 2233 Charondas
552 2200 770 2241 Catanaeus;
793 2211 905 2245 neque
924 2211 991 2234 una
1017 2201 1132 2245 aliqua
1159 2200 1372 2245 reipublicae
1402 2199 1512 2233 forma
1538 2197 1722 2239 recentior,

235 2244 383 2280 conflata
403 2257 447 2279 ex
467 2245 599 2279 duabus
616 2250 676 2280 aut
695 2245 850 2291 pluribus
868 2246 959 2281 inter
979 2259 1016 2280 se
1037 2247 1246 2289 commixtis,
1271 2246 1383 2293 qualis
1402 2245 1470 2280 fuit
1487 2249 1522 2279 et
1541 2244 1633 2290 apud
1651 2243 1724 2289 Cy-

234 2291 350 2337 prios,
376 2296 413 2326 et
431 2303 473 2326 ea
495 2304 595 2338 quam
623 2292 659 2326 in
679 2292 791 2327 veteri
812 2293 921 2327 Roma
943 2293 1071 2328 dicitur
1091 2294 1188 2339 plebs
1204 2294 1445 2334 constituisse,
1468 2292 1640 2326 seditione
1659 2290 1723 2325 ad-

232 2349 355 2372 versus
376 2338 575 2373 consulares
599 2339 694 2373 viros
720 2345 832 2380 mota;
867 2340 929 2374 sed
958 2341 1144 2375 inusitatus
1176 2341 1313 2386 quidam
1340 2351 1445 2385 penes
1470 2338 1723 2373 multitudinem

232 2385 428 2419 dominatus
451 2389 487 2420 et
504 2386 547 2428 is,
573 2397 672 2431 quem
691 2384 792 2420 cas'us
812 2391 941 2420 temere
957 2387 1067 2421 ferret
1088 2394 1290 2433 ageretque.
1338 2385 1486 2427 Quidam
1504 2385 1592 2420 enim
1615 2384 1723 2418 auda-

232 2431 366 2474 ciores,
391 2443 467 2466 cum
489 2428 689 2467 societatem
714 2432 897 2478 potestatis
921 2434 1059 2479 privata
1084 2435 1292 2468 auctoritate
1309 2432 1515 2473 coivissent‚
1539 2432 1576 2466 in
1593 2441 1722 2465 omnem

231 2476 282 2512 ibi
303 2481 450 2512 aetatem
471 2479 728 2524 grassabantur,
749 2479 881 2524 plebem
899 2480 1045 2526 quidem,
1063 2493 1289 2527 quaecunque
1308 2484 1385 2514 erat
1401 2479 1437 2513 in
1454 2478 1610 2520 civitate,
1625 2489 1723 2512 man-

232 2524 381 2570 cipatam
400 2524 534 2560 libidini
549 2537 634 2561 suae
652 2526 840 2568 habentes;
865 2538 924 2560 eos
942 2532 1068 2568 autem,
1093 2527 1152 2573 qui
1170 2526 1402 2573 opulentiores
1423 2530 1550 2568 essent,
1573 2523 1722 2559 fortunis

231 2571 442 2616 spoliantes3
467 2572 636 2618 simulque
658 2575 694 2607 et
712 2572 782 2618 ipsi
800 2573 939 2607 licentia
960 2574 1189 2616 exsultabant,
1215 2578 1251 2609 et
1268 2573 1344 2608 aliis
1365 2577 1525 2608 auctores
1546 2575 1658 2613 erant,
1682 2573 1723 2604 ut

230 2623 448 2653 externorum
475 2618 670 2666 principum
695 2619 779 2654 nulli
805 2631 844 2653 se
867 2621 1126 2662 submitterent,
1152 2621 1212 2655 sed
1232 2632 1274 2655 ea
1296 2632 1412 2655 omnes
1436 2620 1514 2665 lege
1537 2630 1578 2654 ac
1599 2617 1722 2663 regula

229 2667 431 2708 uterentur,
457 2677 547 2712 quae
573 2666 662 2713 ipsis
691 2665 891 2712 placuisset.
938 2667 1041 2711 (111.)
1065 2669 1111 2701 At
1134 2668 1279 2709 Medea,
1302 2667 1386 2701 urbs
1413 2666 1608 2707 Thraciae,
1634 2675 1722 2709 quae

228 2710 338 2756 magis
363 2723 462 2758 quam
480 2713 688 2758 Byzantium
714 2712 758 2747 ad
784 2713 997 2748 occidentem
1016 2714 1153 2759 vergit,
1179 2718 1214 2749 et
1230 2714 1335 2748 Ponti
1356 2713 1487 2748 Euxini
1513 2710 1722 2747 extremitati

230 2756 388 2800 adiacet,
413 2758 604 2806 stadiisque
621 2759 701 2794 hinc
719 2759 827 2794 distat
844 2759 943 2805 paulo
962 2761 1040 2806 plus
1060 2761 1345 2807 quadringentis,
1370 2771 1446 2794 cum
1466 2759 1561 2795 haud
1579 2758 1639 2792 diu
1664 2768 1723 2791 re-

229 2801 413 2846 bellasset,
439 2811 475 2841 et
504 2818 655 2842 seorsum
681 2806 754 2840 sola
775 2807 949 2849 stetisset,
980 2807 1084 2842 multa
1105 2807 1229 2852 gravia
1253 2807 1421 2842 adversus
1443 2805 1634 2851 Byzantios
1658 2815 1722 2849 pa-

227 2850 338 2885 travit
349 2863 366 2893 ;‚
395 2852 541 2898 plurima
568 2853 651 2888 item
678 2865 846 2900 perpessa
874 2857 938 2888 est.
997 2853 1153 2890 Obsessa
1178 2853 1310 2894 demum
1344 2854 1589 2889 Cantacuzeno
1615 2863 1653 2886 se
1677 2861 1721 2884 ex
