1794 3172
258 132 363 182 944
666 137 982 185 NICEPHORI
1009 137 1336 186 GREGORAE

41 254 79 288 A·
93 253 138 287 M·
158 253 250 290 6859
261 250 403 309 κυρίου
421 253 543 305 σῶμα
559 248 663 308 πρὸς
683 253 774 307 φῶς
792 248 929 307 ἕτερον
940 283 954 304 ,
993 247 1218 308 ἄφθαρτόν
1241 268 1284 295 τε
1305 252 1375 295 καὶ
1396 250 1600 296 ἅκτιστον.
1638 248 1660 296 ὃ
1692 252 1738 296 δὲ

96 300 203 336 Ind‘4
258 324 472 375 Παλαμᾶς
500 326 587 369 τοῖς
611 320 711 374 μίαν
739 318 932 363 ἄκτιστον
959 318 1145 376 θεότητα
1177 318 1426 379 κηρύττουσι
1456 319 1735 379 μεμφόμενος,

260 391 328 433 καὶ
348 389 541 445 θεμέλιον
560 389 603 432 ἐκ
622 392 697 432 τοῦ
722 390 947 446 Θαβωρίου
966 387 1116 433 τούτου
1139 389 1454 444 κατασκευάζων
1471 385 1578 449 φωτὶ
1588 424 1603 446 ,
1627 390 1735 435 ἄλλο

261 460 430 514 τίθησιν
452 456 553 502 εἶναι
579 458 694 516 παρὰ
719 459 795 515 τὴν
817 458 962 502 οὐσίαν
988 460 1114 503 ἐκεῖνο
1143 459 1190 503 τὸ
1214 464 1331 518 φῶς,
1373 458 1566 504 ἄκτιστόν
1597 478 1640 504 τε
1668 463 1738 504 καὶ

221 527 488 586 Εόίφθαρτον
510 525 695 584 θεότητα
714 528 868 584 μεταξὺ
888 532 992 572 θεοῦ
1014 530 1082 572 καὶ
1106 528 1295 587 ἀγγέλων.
1341 532 1445 588 φησὶ
1472 530 1552 588 γὰρ
1584 527 1768 576 οὖτωσὶὸ

260 597 368 641 κατὰ
387 597 508 652 λέξιν,
529 599 834 656 παραφθείρων
856 602 939 642 τῶν
953 596 1077 656 ἆγίων
1097 599 1196 650 τούς
1216 597 1364 657 λόγους
1378 613 1389 624 ·
1426 598 1484 653 ,,ὃ
1510 601 1648 644 τοίνυν
1670 600 1740 643 λε’-

260 684 342 724 γων
367 666 443 723 τὴν
464 666 738 725 λαμπρότητα
755 673 830 724 τῆς
853 668 974 719 θείας
996 667 1181 726 φύσεως,
1218 663 1269 725 ἧς
1286 671 1354 713 καὶ
1378 670 1417 713 οἱ
1433 674 1522 729 θεῷ
1554 674 1742 727 λειτουρ-

259 741 426 794 γοῦντες
444 735 605 794 ἄγγελοι
632 738 871 794 μετέχουσι,
908 738 1012 781 καθ’
1035 737 1087 794 ἣν
1107 740 1175 781 καὶ
1197 739 1237 782 οἳ
1258 741 1407 783 δίκαιοι
1440 738 1655 794 λάμψουσι
1685 737 1742 790 ὥς

259 805 399 863 ἥλιος,
433 804 536 863 μήτ’
562 807 706 851 οὐσίαν
727 805 828 851 εἶναι
851 809 996 862 θείαν,
1033 805 1135 864 μήτ’
1161 807 1373 866 ἀγγελικὴν
1380 842 1394 863 ,
1434 809 1484 852 οὗ
1502 810 1644 865 τίθησι
1665 827 1741 864 με-

264 876 368 928 ταξὺ
392 879 498 919 θεοῦ
518 878 586 920 καὶ
605 881 689 921 τῶν
718 877 898 935 ἀγγέλων
923 882 1038 936 φῶς,
1075 876 1097 921 ὃ
1117 875 1222 934 μήτε
1249 875 1349 929 θεός
1376 879 1462 923 ἔστι
1488 876 1593 935 μήτ’
1621 878 1739 936 ἅγγε-
1752 887 1794 924 10

223 945 255 982 F
265 949 359 997 λος’
395 946 479 989 ἐπεὶ
497 947 564 989 καὶ
582 944 805 998 Διονύσιος
829 945 850 991 ὃ
870 951 986 998 θεῖος
1003 946 1101 998 τοὺς
1120 949 1162 991 ἓν
1183 952 1271 1007 θεῷ
1301 952 1385 991 τῶν
1414 947 1544 992 ὄντων
1576 946 1738 1005 λόγους,

265 1009 324 1059 ὧν
355 1013 513 1072 ἄγγελοι
540 1018 607 1060 καὶ
645 1015 861 1074 ἄνθρωποι
889 1017 1150 1072 μετέχουσιν,
1190 1018 1265 1061 οὐκ
1303 1016 1409 1061 εἶναί
1442 1035 1567 1075 φησιν
1598 1018 1743 1062 οὐσίαν

265 1083 360 1128 οὔτε
372 1085 493 1128 θείαν
513 1084 606 1128 οὔτε
624 1084 876 1143 ἇγγελικήν.”
914 1084 1015 1147 ὁρᾷς
1033 1091 1122 1138 πῶς
1143 1085 1396 1144 ἐπειγόμενος
1416 1085 1609 1131 ἅκτιστόν
1622 1105 1664 1131 τε
1675 1090 1744 1131 καὶ

264 1153 491 1212 ἄφθαρτον
512 1156 581 1198 καὶ
609 1154 740 1212 ἄλλην
766 1153 948 1212 θεότητα
970 1158 1098 1207 δεῖξαι
1126 1155 1220 1200 τόδε
1241 1157 1289 1200 τὸ
1315 1162 1406 1216 φῶς
1431 1159 1498 1200 καὶ
1519 1155 1743 1201 Διονύσιον

264 1222 478 1279 διαβάλλει
496 1224 568 1268 τὸν
585 1224 713 1282 μέγαν
722 1259 736 1279 ,
760 1225 945 1269 τάκείνου
965 1225 1336 1283 παρεξηγούμενος·
1374 1225 1430 1277 ὥς
1450 1225 1547 1283 ἡμῖν
1566 1244 1610 1284 γε
1632 1232 1740 1270 πλα-
1757 1235 1794 1272 15

263 1290 436 1352 τύτερον
459 1295 501 1337 ἕν
521 1301 608 1345 τοῖς
632 1294 730 1338 κατ’
756 1294 885 1338 αὐτοῦ
909 1299 1224 1351 στηλιτευτικοΐς
1254 1298 1322 1339 καὶ
1353 1296 1650 1354 ἀντιῤῥητικοΐς
1675 1297 1744 1340 δέ-

266 1363 420 1407 δεικται
442 1361 578 1420 λόγοις
602 1362 876 1423 τρανότερον,·
912 1364 1168 1423 σαφέστερον
1187 1366 1232 1408 δὲ
1250 1366 1294 1408 ἐν
1311 1370 1371 1425 τῷ
1390 1367 1479 1423 περὶ
1501 1366 1642 1424 φωτὸς
1665 1367 1744 1410 αὗ-

121 1429 161 1465 Ρ·
178 1428 247 1469 594
268 1436 344 1476 τοῦ
363 1433 507 1488 τίθησι
527 1432 660 1490 λόγον.
697 1434 854 1488 »οὐσία
870 1435 944 1491 μὲν
960 1434 1039 1492 γὰρ
1059 1439 1162 1478 θεοῦ
1181 1434 1344 1494 (φησὶν)
1368 1435 1442 1479 οὐκ
1455 1435 1561 1478 ἔστι·
1582 1437 1648 1479 καὶ
1665 1437 1743 1495 γὰρ

270 1501 480 1559 ἀνέπαφος
502 1503 643 1560 ἐκείνη.
691 1503 858 1561 ἅγγελος
877 1504 952 1548 οὔκ
972 1503 1081 1547 ἔστι·
1119 1504 1383 1556 δεσποτικοῦς
1414 1504 1492 1562 γὰρ
1525 1505 1637 1562 φέρει
1661 1524 1745 1561 χα-

272 1572 525 1629 ρακτῆρας.”
562 1572 655 1632 (Ζ.)
677 1575 764 1617 Καὶ
787 1573 834 1617 οὐ
854 1571 983 1629 μόνον
1005 1574 1050 1617 δὲ
1070 1573 1119 1617 τὸ
1136 1578 1210 1618 τοῦ
1231 1575 1374 1631 κυρίου
1395 1579 1517 1629 σῶμα
1537 1577 1605 1617 καὶ
1623 1570 1744 1626 οὗτος
1754 1587 1794 1622 20

269 1642 520 1698 γεγενῆσθαί
538 1660 664 1700 φησιν
686 1642 877 1687 ἅκτιστον
888 1676 902 1698 ,
941 1643 1049 1686 ἀλλὰ
1069 1645 1136 1687 καὶ
1155 1643 1208 1687 τὰ
1228 1648 1312 1687 τῶν
1339 1643 1541 1700 ἓναρέτων
1571 1643 1746 1703 ἀνθρώ-

271 1724 384 1754 πων·
421 1713 486 1755 κοιὶ
508 1712 706 1768 ὀνομαστὶ
731 1714 806 1769 μὲν
828 1712 900 1756 τὸν
928 1714 1185 1769 Μελχισεδὲκ
1212 1714 1380 1769 τίθησιν
1405 1711 1586 1771 ἄναρχόν
1606 1731 1649 1757 τε
1677 1731 1747 1771 γε-

269 1780 419 1824 νέσθαι
439 1783 507 1824 καὶ
527 1781 732 1837 ἄκτιστον,
756 1782 959 1841 ἀορίστως
980 1784 1025 1826 δὲ
1044 1782 1142 1834 τοὺς
1162 1783 1268 1827 κατὰ
1287 1783 1359 1827 τὸν
1374 1786 1589 1839 Παλαμᾶν
1611 1782 1747 1827 ἅπαν-

362 1880 399 1917 3-
422 1879 475 1927 τῷ
491 1878 630 1917 ἑαυτοῦ
650 1879 739 1917 coni.
759 1880 859 1916 Boiv.
883 1892 947 1928 pro
969 1877 1118 1918 τούτου.
1226 1882 1282 1917 18.
1307 1879 1404 1929 λόγῳ
1427 1881 1517 1918 coni.
1535 1881 1636 1917 Boiv.

272 1968 367 2000 sum,
390 1958 676 2006 incorruptibile,
701 1965 738 1996 et
757 1961 956 1996 increatum.
1003 1961 1160 1996 Palamas
1178 1972 1261 1996 vero
1287 1960 1330 1996 iis
1357 1973 1581 2003 succensens,
1604 1961 1663 2009 qui
1691 1961 1747 1997 di-

271 2005 453 2040 vinitatem
476 2018 576 2042 unam
602 2008 787 2043 increatam
815 2007 1036 2053 praedicant,
1062 2013 1097 2042 et
1122 2007 1237 2042 lumini
1261 2020 1322 2042 suo
1351 2020 1394 2043 ex
1417 2009 1594 2043 Thaborio
1623 2009 1748 2043 lumine

271 2050 527 2087 fundamentum
558 2059 716 2096 struens,
751 2054 843 2088 aliud
875 2054 918 2088 ab
947 2054 1137 2089 substantia
1162 2067 1240 2090 esse
1274 2055 1359 2089 illud
1386 2055 1535 2098 statuit,
1558 2056 1747 2090 increatam

272 2108 395 2143 nempe
416 2103 453 2132 et
469 2098 759 2146 incorruptibilem
779 2100 991 2135 divinitatem
1004 2126 1014 2142 ‚
1038 2100 1148 2136 Deum
1167 2102 1256 2136 inter
1275 2108 1311 2135 et
1327 2102 1466 2146 angelos
1485 2102 1641 2137 mediam.
1681 2103 1748 2137 Et-

274 2143 364 2178 enim
386 2146 557 2191 corruptis
574 2146 775 2181 Sanctorum
796 2147 933 2188 verbis,
959 2147 1089 2183 diserte
1109 2148 1178 2183 ait:
1203 2147 1300 2190 „Qui
1316 2148 1423 2193 igitur
1446 2148 1583 2183 divinae
1603 2152 1748 2184 naturae

276 2189 510 2236 splendorem,
536 2204 638 2238 quem
660 2192 774 2239 angeli
791 2194 864 2228 Deo
882 2193 1112 2229 ministrantes
1142 2194 1374 2241 participant,
1410 2199 1446 2229 et
1473 2207 1540 2241 quo
1566 2195 1648 2229 iusti
1678 2196 1750 2230 ful-

303 2236 406 2271 ebunt
431 2237 523 2272 sicut
550 2239 622 2282 sol,
652 2250 717 2274 nec
742 2239 964 2274 substantiam
985 2240 1133 2275 divinam
1160 2253 1238 2276 esse
1254 2241 1361 2284 dicit,
1393 2253 1457 2276 nec
1476 2242 1687 2287 angelicam,
1718 2241 1750 2276 is

275 2248 387 2317 §eum
415 2283 506 2318 inter
525 2289 560 2319 et
580 2285 721 2330 angelos
742 2297 810 2320 non
836 2286 933 2332 ponit
950 2287 1115 2322 eiusmodi
1132 2288 1266 2331 lumen,
1293 2287 1384 2333 quod
1407 2299 1471 2322 nec
1496 2288 1592 2322 Deus
1616 2288 1661 2322 sit
1685 2300 1751 2322 nec

277 2329 443 2374 angelus:
483 2331 642 2376 quoniam
671 2336 707 2366 et
733 2332 832 2366 divus
867 2332 1055 2378 Dionysius
1079 2345 1191 2369 rerum
1218 2345 1360 2376 causas,
1385 2345 1473 2379 quae
1495 2333 1531 2368 in
1556 2334 1630 2368 Deo
1659 2339 1750 2377 sunt,

274 2386 363 2420 quas
387 2376 500 2422 angeli
521 2381 558 2412 et
583 2377 734 2412 homines
753 2378 984 2425 participant,
1019 2392 1084 2415 nec
1105 2380 1254 2415 divinam
1279 2392 1342 2414 nec
1371 2380 1561 2426 angelicam
1590 2381 1752 2415 substan-

273 2422 358 2457 tiam
378 2435 455 2458 esse
475 2422 594 2458 dicit.”
641 2424 754 2459 Viden
778 2430 818 2459 ut
840 2426 919 2468 hic,
944 2427 1022 2461 dum
1045 2427 1237 2462 increatum
1262 2431 1298 2461 et
1323 2426 1583 2473 incorruptibile
1599 2433 1635 2462 et
1651 2427 1751 2462 aliam

274 2469 491 2504 divinitatem
512 2482 587 2505 esse
601 2469 716 2504 lumen
737 2471 822 2505 illud
842 2473 1022 2508 ostendere
1043 2473 1184 2516 nititur,
1210 2484 1367 2518 magnum
1386 2484 1521 2520 quoque
1545 2473 1750 2518 Dionysium

274 2515 521 2559 calumniatur,
545 2516 618 2551 eius
635 2517 745 2551 verba
765 2529 948 2564 perperam
965 2518 1215 2565 interpretans,
1240 2525 1279 2553 ut
1298 2531 1358 2554 nos
1374 2519 1484 2554 fusius
1509 2520 1545 2554 in
1570 2521 1635 2562 iis,
1662 2532 1750 2566 quos

274 2566 395 2596 contra
412 2563 504 2598 illum
523 2562 731 2608 scripsimus,
757 2564 974 2600 steliteuticis
994 2572 1030 2600 et
1049 2566 1183 2612 planius
1210 2567 1246 2600 in
1266 2565 1498 2600 antirrheticis
1519 2566 1616 2602 libris
1634 2566 1751 2601 decla-

274 2608 436 2642 ravimus.
486 2609 700 2644 Clarioribus
716 2611 832 2645 verbis
853 2613 963 2646 utitur
984 2611 1020 2646 in
1038 2624 1079 2647 eo
1106 2624 1231 2658 opere,
1261 2612 1321 2647 ubi
1341 2612 1384 2647 de
1407 2612 1533 2647 lumine
1563 2613 1639 2658 ipso
1664 2613 1750 2658 agit.

275 2652 366 2689 Nam
385 2654 434 2689 ibi
450 2656 501 2690 sic
520 2655 695 2702 loquitur:
718 2657 949 2699 „Substantia
966 2657 1031 2693 Dei
1053 2670 1119 2693 non
1136 2662 1212 2701 est,
1238 2658 1396 2704 quoniam
1415 2671 1456 2693 ea
1476 2659 1571 2704 tangi
1587 2671 1656 2694 non
1696 2664 1751 2694 ot-

277 2706 341 2734 est.
367 2702 516 2747 Angelus
535 2714 602 2737 non
627 2707 701 2745 est,
726 2704 884 2748 quoniam
906 2704 1093 2739 dominicos
1112 2706 1204 2750 gerit
1227 2704 1483 2740 characteres.”
1529 2705 1648 2750 (VII.)
1672 2671 1752 2740 {lec

237 2786 241 2789 ι
276 2746 382 2782 solum
402 2747 537 2783 Domini
556 2761 681 2795 corpus
701 2749 889 2784 increatum
917 2751 1093 2786 exstitisse
1117 2752 1172 2786 hic
1200 2752 1270 2791 ait,
1294 2751 1355 2786 sed
1384 2756 1420 2787 et
1437 2763 1584 2797 corpora
1602 2753 1752 2787 virorum

279 2790 408 2828 virtute
426 2796 683 2840 praestantium.
730 2797 781 2830 Ac
802 2796 997 2832 nominatim
1023 2798 1158 2844 quidem
1188 2797 1473 2833 Melchisedecum
1503 2798 1663 2844 principii
1690 2810 1751 2833 ex·-

277 2843 407 2885 pertem
426 2846 463 2876 et
481 2841 670 2878 increatum
688 2841 797 2879 fuisse
813 2843 961 2886 statuit3
985 2845 1174 2890 generatim
1197 2849 1310 2881 autem
1336 2856 1451 2880 omnes
1474 2844 1634 2881 Palamae
1658 2843 1752 2880 simi—
