1794 3172
340 164 660 212 HISTORIAE
681 163 1054 213 BYZANTlN-AE
1079 162 1179 211 XlI.
1210 167 1276 212 12.
1416 152 1516 203 '613

39 275 152 334 τώδη
171 277 368 333 βακχείαν
385 277 502 321 ε’κίνει
519 277 572 321 τὰ
590 276 693 334 ἤθη.
730 275 926 334 ἀφορμὴν
943 274 1023 332 γὰρ
1044 276 1234 332 εῗληφυΐα
1254 273 1304 318 τὸ
1324 272 1508 333 πρᾶγμα,
1533 286 1571 319 Α.
1583 286 1622 319 c.
1646 281 1735 321 1341

40 350 109 390 καὶ
128 349 332 401 δικαίωμα
349 347 540 404 μέγιστον
557 349 613 397 εἷς
631 347 680 390 τὸ
703 351 891 403 φανερῶς
913 341 1170 399 ἀμύνεσθαι,
1208 345 1277 386 καὶ
1300 344 1352 388 τὰ
1382 333 1651 412 πάλαιῐωὲεῐὲι·
1669 333 1737 414 f*

40 421 115 472 τῆς
134 421 274 472 ψυχῆς
292 415 508 474 ἀπόρῤητα
527 414 836 475 ἀρρωστήματα
857 413 1215 471 παρρησιαζομένη
1230 415 1298 456 καὶ
1321 413 1512 470 ἀκρατῶς
1645 402 1654 412 ⁶

41 484 193 544 ἐχούσῃ
228 490 282 544 τῇ
309 485 471 544 γλώττῃ
501 487 543 536 ἒς
570 486 647 536 τὰς
675 489 757 528 τῶν
784 483 891 528 ὅλων
920 484 1129 526 ε’παντλεΐν
1158 482 1311 536 ἀκοὰς,
1359 484 1428 526 καὶ
1453 484 1519 525 δι-

6 560 185 603 5καιοῦν
212 556 286 606 μὲν
320 553 494 605 ἕαυτοὺς
525 555 668 612 ὀρθῶς
688 553 991 609 σκοπουμένους
1017 553 1061 594 ἐκ
1079 556 1235 596 πολλοῦ
1258 552 1336 608 τὴν
1353 553 1514 596 ἐκείνων

40 624 201 680 δηλαδὴ
236 625 403 677 κακίαν,
453 625 495 667 ἐν
527 621 778 680 σπαργάνοις
808 622 867 666 ἔτι
905 624 972 665 καὶ
1004 620 1150 678 γάλαξι
1175 623 1554 680 κι·οφορου,ιιε’νην1ίἹ

41 692 255 752 (μάρτυρα
274 693 354 751 γὰρ
373 691 473 737 εἶναι
496 695 563 736 καὶ
584 692 742 751 κήρυκα
768 690 1010 748 διαπρύσιον
1029 696 1113 734 τῶν
1133 692 1343 748 προτέρων
1361 708 1517 747 στοχα-

40 768 158 818 σμῶν
176 763 223 809 τὸ
247 767 321 805 νῦν
337 763 644 819 πεπραγμένον,
681 762 786 819 πρὸς
804 763 944 817 ἐντελῆ
965 778 1057 804 τινα
1082 762 1328 818 προενεχθὲν
1348 761 1420 805 τὸν
1440 760 1515 805 τό-

40 851 111 876 κον
135 832 236 891 ὄψέ)
268 831 566 882 ἄνενδοιάστως
593 832 675 888 ἤδη
702 834 770 874 καὶ
794 828 1157 888 ἀπαρακαλύπτως
1180 830 1285 887 πρὸς
1306 830 1516 874 ἄσπονδον

0 912 31 946 ,0
41 904 108 944 καὶ
132 900 361 959 ἀκήρυκτον
390 902 545 957 ἐκίνησε
568 901 619 945 τὰ
648 899 872 957 πράγματα
886 898 1038 956 μάχην.
1110 899 1203 959 (Ε.)
1238 901 1326 942 Καὶ
1347 895 1399 955 ἦν
1416 902 1516 943 ἰδεῖν

40 973 97 1021 εἷς
115 969 190 1015 δύο
207 972 359 1029 μοίρας
373 972 546 1027 σχισθὲν
566 970 614 1014 τὸ
632 975 716 1013 τῶν
735 968 947 1026 Ῥωμαίων
968 970 1083 1026 γένος
1102 968 1212 1012 ἅπαν
1239 968 1345 1012 κατὰ
1373 974 1515 1012 πᾶσαν

39 1040 158 1085 πόλιν
189 1043 256 1084 καὶ
282 1039 450 1098 χώραν·
496 1040 552 1091 εἴς
580 1058 625 1083 τε
655 1039 704 1084 τὸ
738 1039 907 1083 συνετὸν
937 1042 1005 1082 καὶ
1036 1036 1258 1082 ἀσύνετον·
1303 1038 1362 1088 εἴς
1392 1056 1436 1082 τε
1465 1038 1512 1082 τό
1523 1047 1645 1083 P.382

38 1109 204 1169 πλούτῳ
235 1113 304 1154 καὶ
338 1108 440 1168 δόξῃ
468 1110 665 1168 διαφέρον
711 1111 780 1152 καὶ
816 1109 864 1152 τὸ
906 1109 1062 1158 ε’νδεές·
1099 1108 1156 1158 εἴς
1188 1125 1234 1151 τε
1258 1106 1306 1151 τό
1326 1110 1514 1159 παιδείας

38 1180 225 1236 εὐγενοῦς
246 1177 456 1237 τρόφιμον
483 1182 551 1223 καὶ
568 1180 617 1223 τὸ
654 1177 791 1235 πάσης
824 1180 1012 1229 παιδείας
1039 1181 1249 1228 παντελῶς
1279 1174 1514 1235 ὖπερόριον·

0 1257 27 1293 ,5
40 1250 96 1300 εἴς
127 1267 169 1293 τε
200 1249 249 1292 τὸ
281 1249 441 1307 ἔμφρον
469 1251 538 1292 καὶ
566 1249 813 1305 τεταγμένον
845 1250 914 1291 καὶ
951 1248 999 1291 τὸ
1039 1246 1176 1305 ἄφρον
1203 1248 1273 1290 καὶ
1290 1249 1518 1299 στασιῶδες

38 1321 105 1362 καὶ
129 1319 375 1377 αἶμοχαρές·
410 1320 479 1361 καὶ
497 1318 551 1362 τὰ
567 1319 643 1373 μὲν
659 1319 809 1373 βελτίω
827 1316 964 1361 πάντα
983 1317 1088 1373 πρὸς
1111 1318 1261 1361 ἐκεῖνον
1289 1317 1644 1378 μετερῥυη-Ὺ.310

37 1387 166 1432 κότα·
200 1389 254 1432 τὰ
285 1389 332 1432 δὲ
353 1389 478 1446 χείρω
509 1385 646 1431 πάντα
669 1387 775 1445 πρὸς
802 1387 901 1438 τοὺς
929 1388 971 1430 ἓν
992 1388 1220 1446 Βυζαντίῳ.
1257 1386 1298 1430 οἷ
1315 1386 1396 1444 γὰρ
1414 1379 1515 1443 γένει

37 1460 106 1502 καὶ
135 1456 300 1518 πλούτῳ
327 1460 395 1501 καὶ
428 1456 528 1516 δόξῃ
547 1462 632 1501 τῶν
653 1461 818 1501 πολλῶν
852 1455 1138 1513 ὑπερέχοντες,
1187 1455 1323 1506 οῗκους
1342 1456 1551 1514 ἇφέντεςΒ

38 1530 106 1571 καὶ
130 1535 325 1585 γυναῖκας
342 1529 409 1570 καὶ
429 1529 606 1580 παῖδας,
645 1529 702 1577 εἷς
719 1528 871 1570 ἐκεῖνον
897 1526 973 1583 ὅλῃ
991 1526 1185 1583 προθέσει
1203 1529 1344 1581 ψυχῆς
1363 1524 1513 1583 ἓῤῥύη·

0 1605 140 1651 eoam,
187 1599 256 1640 καὶ
288 1597 427 1640 αὐτῶν
450 1597 503 1653 δὴ
532 1601 617 1640 τῶν
642 1594 855 1653 φιλτάτων
895 1595 971 1651 τὴν
1001 1593 1219 1652 ὑπερόριον
1247 1593 1512 1652 προελόμενοι
1542 1601 1546 1607 ’

37 1669 199 1710 δίαιταν
210 1699 226 1720 ,
270 1668 338 1709 καὶ
365 1667 529 1721 βέλτιον
555 1663 805 1721 ἡγησάμενοι
831 1665 909 1708 σὺν
926 1665 1062 1723 ἐκείνῳ
1084 1666 1321 1719 δυστυχεῖν,
1358 1662 1385 1719 ἢ
1406 1664 1513 1719 μετὰ

34 1735 195 1780 τούτων
211 1739 400 1795 τρυφᾷν·
436 1733 550 1790 οἶμαι
571 1734 620 1779 τὸ
640 1739 716 1778 τοῦ
729 1732 1025 1791 Ἀναχάρσιδος
1046 1734 1227 1790 λέγοντες
1242 1767 1256 1787 ,
1295 1730 1352 1783 ὦς
1375 1740 1511 1790 κρεῖσ-

36 1824 112 1850 σον
136 1806 209 1849 ἕνα
241 1807 364 1865 φίλον
397 1809 624 1861 κεκτῆσθαι
645 1807 810 1849 πολλῶν
838 1804 979 1858 ἄξιον,
1017 1802 1045 1861 ἢ
1064 1802 1243 1854 πολλοὺς
1267 1802 1407 1855 ἀξίους
1424 1821 1510 1860 μη-

36 1951 244 1988 aemulantes
277 1949 322 1986 ad
347 1950 583 1987 bacchandum
623 1949 811 1986 insolenter
834 1952 1028 1986 vertuntur.
1072 1948 1160 1985 Eam
1186 1947 1275 1984 enim
1298 1946 1512 1983 occasionem

35 2000 130 2044 nacti
151 2011 194 2043 ac
213 1998 379 2041 rationem
400 2000 510 2044 palam
534 1998 725 2039 obsistendi
749 1998 947 2039 maximam,
970 1997 1212 2043 liberrimaque
1231 2000 1268 2031 et
1283 1994 1512 2030 incontinenti

31 2047 155 2090 'lingua
178 2044 324 2079 omnium
347 2046 487 2080 auribus
507 2044 715 2079 obtrudendi
738 2045 889 2079 morbum
914 2043 1018 2079 animi
1040 2049 1191 2078 veterem
1211 2046 1318 2088 atque
1338 2050 1510 2084 arcanum,

34 2092 348 2137 commendantique
373 2104 434 2133 se,
463 2092 557 2138 quod
584 2091 716 2138 pridem
741 2092 844 2126 istius
870 2090 1121 2138 improbitatem
1153 2088 1433 2136 perspexissent,
1472 2088 1511 2122 in

34 2140 156 2181 cunis,
193 2139 229 2172 in
257 2144 356 2173 utero
388 2138 500 2173 adhuc
531 2138 788 2173 delitescentem
818 2143 855 2173 et
883 2138 981 2184 quasi
1015 2136 1200 2171 lactentem
1241 2135 1392 2180 (testem
1420 2134 1510 2169 enim

34 2186 209 2233 prioribus
230 2184 436 2220 coniecturis
453 2197 495 2220 sc
515 2196 720 2231 praeconem
743 2197 827 2220 vere
854 2184 1008 2219 vocalem
1031 2182 1220 2218 accessisse
1241 2181 1303 2224 id,
1332 2182 1426 2227 quod
1446 2192 1510 2215 no-

34 2232 175 2267 vissime
198 2236 309 2266 actum
331 2236 367 2267 et
390 2231 426 2266 in
452 2231 562 2266 lucem
583 2232 737 2278 perfecto
757 2236 859 2277 partu
882 2230 1020 2266 tandem
1044 2229 1227 2275 aliquando
1246 2228 1375 2263 editum
1392 2228 1510 2272 foret)

33 2279 102 2314 iam
121 2291 184 2314 nec
201 2278 306 2313 dubie
322 2290 387 2313 nec
404 2279 553 2313 latenter
568 2278 793 2324 implacabilis
812 2278 1085 2324 internecinique
1101 2276 1183 2311 belli
1202 2281 1360 2310 auctores
1380 2275 1511 2309 existe-

35 2326 130 2361 bant.
200 2325 285 2371 (V.)
315 2326 368 2360 Ac
394 2330 476 2360 tunc
501 2324 645 2360 scissum
670 2325 708 2359 in
736 2325 824 2360 duas
854 2330 975 2371 partes
1003 2324 1124 2358 videre
1153 2327 1229 2358 erat
1251 2333 1315 2368 per
1337 2322 1513 2356 omnes-et

33 2373 139 2407 urbes
168 2377 205 2407 et
235 2371 431 2418 provincias
460 2383 558 2406 omne
588 2372 773 2407 Romanum
801 2383 933 2417 genus,
977 2375 1014 2405 et
1043 2370 1124 2405 hinc
1151 2369 1289 2415 quidem
1321 2366 1511 2422 sapientio-

33 2430 111 2461 res,
143 2418 225 2453 inde
248 2418 450 2464 insipientes
484 2424 597 2453 stare:
625 2418 705 2453 hinc
730 2419 883 2454 homines
909 2418 1033 2464 opibus
1055 2421 1094 2452 et
1114 2415 1287 2461 dignitate
1312 2418 1512 2455 eminentes,

33 2465 116 2500 inde
146 2477 296 2511 egenos:
339 2465 419 2500 hinc
449 2464 600 2500 liberalis
633 2465 838 2512 disciplinae
868 2464 1041 2506 alumnos,
1075 2463 1156 2497 inde
1180 2462 1310 2496 alienos
1341 2460 1386 2496 ab
1420 2459 1511 2495 omni

34 2511 234 2558 disciplina3
265 2511 347 2546 hinc
373 2511 521 2558 denique
548 2523 608 2546 eos
636 2512 696 2558 qui
722 2511 798 2546 sani
821 2523 863 2546 ac
887 2510 1054 2546 moderati
1074 2514 1207 2551 essent,
1238 2508 1334 2543 illinc
1361 2518 1421 2541 eos
1449 2505 1511 2553 qui

33 2557 227 2593 insanirent
258 2557 554 2604 seditionibusque
586 2562 625 2594 et
663 2558 830 2604 sanguine
860 2557 1080 2604 gauderentz
1121 2562 1158 2591 et
1182 2554 1330 2601 optimos
1370 2553 1512 2608 quidem

35 2616 191 2651 quosque
214 2605 276 2639 isti
297 2604 550 2650 suffragantes3
583 2604 748 2650 pessimos
773 2610 885 2640 autem
915 2616 1031 2639 omnes
1058 2601 1273 2649 Byzantinis.
1321 2599 1392 2641 Qm
1419 2599 1510 2634 enim

34 2663 175 2696 genere,
197 2644 332 2698 opibus,
355 2656 392 2686 et
409 2651 579 2696 dignitate
596 2651 747 2697 reliquos
765 2651 962 2693 anteibant,
983 2650 1009 2685 ii
1026 2649 1158 2685 relictis
1175 2648 1273 2690 focis,
1296 2645 1508 2692 coniugibus,

32 2697 172 2740 liberis,
196 2699 241 2732 ad
258 2698 361 2733 istum
383 2698 473 2732 omni
499 2697 611 2732 studio
627 2698 871 2739 convolabant,
894 2697 1001 2732 vitam
1021 2694 1274 2732 iucundissimis
1290 2694 1396 2728 rebus
1416 2691 1508 2726 cari*

34 2749 145 2779 turam
163 2743 351 2790 eligentes,
374 2747 412 2778 et
427 2755 503 2778 cum
521 2744 591 2778 isto
613 2744 690 2790 pati
706 2745 826 2791 iniqua
852 2743 960 2779 satius
985 2743 1173 2784 ducentes,
1209 2751 1310 2787 quam
1340 2750 1415 2774 cum
1438 2738 1509 2786 illis

33 2791 154 2826 vivere
178 2791 345 2827 delicate:
375 2790 481 2833 illud,
503 2795 608 2836 puto,
631 2791 876 2826 Anacharsidis
897 2795 1125 2837 usurpanteS,
1155 2788 1274 2823 melius
1298 2797 1379 2821 esse
1404 2795 1506 2819 unum

33 2837 163 2888 habere
178 2837 321 2874 amicum
343 2836 440 2873 multi
457 2835 720 2881 aestimandum,
741 2843 845 2885 quan
861 2836 985 2874 nullius
1002 2836 1111 2884 pretii
1128 2834 1263 2871 multos.
1309 2831 1411 2878 (VI.)
1434 2831 1508 2866 Oc·
