1794 3172
248 121 348 170 878
638 125 953 173 NICEPHORI
981 125 1311 170 GREGORAE

30 243 69 278 A.
86 242 131 277 M.
146 242 238 280 6859
249 238 318 281 καὶ
340 235 417 293 τὴν
440 236 484 280 ἐκ
514 240 590 293 τῆς
616 234 747 293 ἥττης
778 232 977 292 αἰσχύνην
995 234 1268 293 ἠρεθισμένον
1294 238 1363 279 καὶ
1382 234 1512 280 αῧτόν
1531 236 1635 292 πρὸς
1662 235 1736 292 ὄρ-

86 288 191 327 lnd’4
248 306 326 365 γὴν
358 306 457 349 κατ’
490 307 628 351 αὐτῶν
637 339 650 360 ,
702 300 804 361 ’ἧκον
840 302 916 364 (ὥς
947 303 1119 363 ἔφημεν)
1152 304 1257 349 ὅπλα
1287 307 1355 348 καὶ
1371 304 1550 363 τριήρεις
1570 306 1737 363 ἄγοντες

250 375 358 420 κατὰ
389 380 521 433 σφῶν.
567 376 650 419 ἐπεὶ
683 375 726 418 ‹5’
758 373 859 418 οὗθ’
898 372 920 418 ὅ
951 374 1146 430 βασιλεὺς
1176 378 1336 432 παρῆν,
1383 375 1478 419 οὕτε
1510 380 1570 434 τῷ
1605 380 1735 435 καιρῷ

251 443 460 504 συμμάχῳ
472 449 664 503 χρῆσθαι
684 445 778 501 ἐνῆν
809 442 928 504 (εἶναι
949 444 1028 502 γὰρ
1061 446 1153 501 περὶ
1174 444 1250 494 τὰς
1272 448 1347 487 τοῦ
1365 443 1614 502 Ἀρκτούρου
1637 462 1737 488 συν-

252 516 387 572 έβαινε
422 519 571 558 τοῦτον
602 514 795 565 ἐπιτολὰς
806 547 819 568 ,
863 512 939 557 ὅθ’
969 512 1094 560 ὑετοί,
1110 531 1152 557 τε
1179 511 1536 572 καταῤῥήγνυνται
1551 513 1765 568 μάλιστα5

251 588 435 628 πλεῖστοι
471 586 540 627 καὶ
568 582 706 639 ψύχος
735 583 982 639 ἀταμίευτον
997 583 1078 639 ἤδη
1100 584 1325 641 προτρέχον
1342 587 1462 627 λυπεῖ
1474 584 1570 634 τοὺς
1590 585 1633 627 ἓν
1651 591 1740 635 τοῖς

250 652 478 711 ὖπαίθροις
496 651 880 712 ὃιανυκτερεύοντας
899 654 941 696 ἓν
959 651 1155 712 θαλάττῃ
1173 655 1238 695 καὶ
1254 652 1433 709 ὅπλοις),
1447 651 1618 711 ἡμέραις
1630 658 1740 711 βρα-

220 724 344 780 Οχέσι
367 723 610 781 ὃιέγνωσταί
628 739 769 781 σφισιν
790 721 1107 781 ἔγκαρτερήσασι
1117 757 1130 776 ,
1161 730 1304 780 πεῖραν
1323 723 1639 781 ἀκροβολισμῶν
1659 741 1738 766 πο·-

256 797 432 848 λεμικῶν
461 791 612 843 δόντας
641 794 710 836 καὶ
738 790 969 847 λαβόντας,
1010 792 1148 836 οἴκαδε
1183 793 1404 836 ἀποπλεῖν·
1451 794 1519 835 καὶ
1553 791 1740 847 μάλιστα

257 861 321 907 ὅτι
355 864 424 905 καὶ
452 860 630 919 τριήρεις
667 860 808 920 ἑτέρας
840 860 1049 906 ἐπύθοντο
1081 862 1336 917 ἀναχθείσας
1358 862 1439 919 ἤδη
1469 863 1511 905 ἔκ
1533 865 1574 905 Γ
1571 861 1739 913 εννούας
1753 867 1794 903 10

257 929 364 975 κατά
382 949 426 974 τε
445 932 629 987 Εὖβοίας
649 934 717 974 καὶ
737 929 910 988 Κρήτης
939 934 1007 975 καὶ
1041 931 1134 975 ὅσαι
1155 935 1386 983 Βενετικοῖς
1401 929 1611 988 ὑπήκουον
1631 930 1737 977 τότε.

255 1003 628 1059 τεσσαρεσκαίδεκα
646 1001 725 1059 γὰρ
758 1001 895 1045 οὐσῶν
917 1006 1002 1045 τῶν
1026 1004 1067 1044 Γ
1064 1006 1345 1055 εννουϊτικῶν,
1377 999 1427 1051 ἃς
1451 1001 1639 1045 ἀνιοῦσαι
1656 1006 1741 1045 τῶν

103 1076 148 1112 V.
167 1073 237 1112 447
261 1074 489 1114 Βενετικῶν
511 1071 554 1114 αἶ
573 1069 750 1128 τριήρεις
780 1070 1038 1114 συνέκλεισαν
1059 1072 1101 1114 ἒν
1128 1071 1284 1115 Αὐλίδι
1304 1073 1371 1114 καὶ
1387 1070 1518 1130 Ὠρεῷ
1539 1078 1625 1122 τοῖς
1645 1069 1742 1115 κόλ-

255 1158 348 1191 ποις
366 1147 454 1191 τοῖς
472 1140 587 1197 ἔγγὺς
607 1141 791 1196 Εὐβοίας
802 1173 816 1195 ,
849 1140 892 1182 αἱ
914 1141 989 1194 μὲν
1013 1141 1110 1183 δέκα
1133 1139 1320 1184 ἑάλωσαν
1344 1139 1592 1198 αὔτανδροι·
1630 1141 1674 1183 αἳ
1697 1141 1743 1184 δὲ

212 1221 244 1256 D
258 1209 452 1266 τέτταρες
472 1213 684 1252 λαθοῦσαι
704 1209 778 1253 τὸν
808 1210 996 1253 κίνὸὐνον
1017 1209 1179 1268 ἔφυγον.
1219 1205 1342 1253 αὗται
1371 1211 1510 1253 τοίνυν
1531 1211 1575 1253 αἶ
1595 1210 1739 1254 τέττα-
1753 1216 1794 1272 15

259 1296 339 1337 ρες,
377 1279 517 1329 ἀδείας
538 1277 765 1334 λαβόμεναι
787 1278 857 1321 διὰ
877 1278 953 1335 τὴν
971 1283 1056 1324 τῶν
1076 1282 1300 1325 Βενετικῶν
1321 1281 1599 1336 ἐκστρατείαν,
1638 1284 1742 1323 πολ-

258 1349 335 1405 λὴν
361 1350 568 1392 ἓνεποίουν
590 1355 681 1399 ταῖς
700 1351 932 1399 Βενετικαΐς
952 1346 1093 1406 νήσοις
1111 1349 1186 1405 τὴν
1204 1347 1381 1405 βλάβην.
1420 1349 1482 1393 διὸ
1505 1350 1555 1406 δὴ
1578 1352 1741 1408 σπουδῇ

255 1421 390 1476 πολλῇ
417 1419 486 1460 καὶ
515 1418 734 1478 προθυμία
760 1417 1021 1462 ἀπέπλευσαν
1041 1418 1145 1477 πρὸς
1165 1420 1369 1474 ἐκδίκησίν
1396 1435 1441 1461 τε
1463 1421 1530 1461 καὶ
1560 1418 1735 1473 ἄμυναν.
1790 1456 1793 1460 .

36 1503 74 1534 Α.
88 1502 127 1535 C.
146 1499 235 1536 1351
262 1489 329 1530 καὶ
353 1491 486 1531 ταῦτα
511 1487 586 1542 μὲν
610 1491 759 1530 τοῦτον
779 1485 869 1543 ἴσχε
897 1487 970 1531 τὸν
987 1486 1155 1545 τρόπον.
1212 1489 1272 1547 (Γ
1270 1486 1301 1546 )
1327 1487 1443 1545 ’Ἀρτι
1463 1489 1508 1531 δὲ
1529 1493 1603 1531 τοῦ
1623 1486 1742 1545 ἡλίου

38 1549 365 1629 [ωΡέἒέιὶξἏῖμετὰ
391 1556 553 1614 τροπὰς
577 1555 695 1607 ὄντος
718 1556 951 1614 χειμερινὰς
977 1559 1046 1600 καὶ
1072 1562 1154 1601 τῶν
1178 1556 1457 1615 ἀνταρκτικῶν
1479 1557 1741 1614 ἄπηλλαγμέ-
1753 1567 1794 1604 20

193 1618 337 1674 Ἐνου
362 1623 687 1684 γειτονημάτων,
731 1627 929 1682 ἐπανῆκεν
961 1623 982 1670 ὅ
1015 1626 1210 1682 βασιλεὺς
1231 1627 1275 1670 ἐκ
1307 1628 1635 1683 Θεσσαλονίκης,
1676 1627 1742 1671 ἵν·

257 1701 368 1747 θους
398 1694 495 1746 ὅλος
523 1693 603 1753 ὕφ’
634 1693 801 1752 ἡδονῆς.
845 1694 1114 1752 ἀπηλλάχθαι
1135 1696 1213 1754 γὰρ
1241 1696 1322 1753 ἤδη
1343 1694 1582 1751 νενόμισταί
1601 1697 1640 1740 οἱ
1659 1695 1740 1755 φό-

259 1770 346 1822 βων
368 1763 639 1824 ἀπορρήτων,
672 1766 740 1808 καὶ
761 1765 1032 1823 ἀπηρτῆσθαι
1053 1764 1254 1819 καθάπαξ
1275 1765 1357 1823 ἤδη
1381 1763 1519 1822 πάσης
1536 1764 1737 1826 ὑποψίας,

353 1885 409 1923 14.
432 1887 512 1928 τοῖς
535 1897 599 1921 em.
619 1884 720 1922 Boiv.
744 1897 810 1932 pro
834 1886 920 1924 τῶν.

259 1988 390 2025 cladem
411 1994 447 2024 et
465 1989 684 2034 ignominiam
707 1988 798 2025 cladi
823 1988 1038 2024 coniunctam
1059 1988 1181 2025 iisdem
1207 1989 1354 2033 iratum,
1387 1990 1490 2025 armis
1514 1990 1572 2036 (ut
1591 1989 1683 2036 dixi)
1707 1994 1744 2027 et

259 2036 457 2071 triremibus
473 2036 650 2079 instructi,
676 2041 911 2083 oppugnatum
927 2035 1006 2070 illos
1024 2042 1206 2071 venerunt.
1255 2037 1425 2079 Quoniam
1454 2043 1567 2071 autem
1595 2049 1660 2072 nec
1680 2038 1743 2072 im-

259 2086 404 2129 perator
431 2082 574 2126 aderat,
598 2095 661 2118 nec
679 2087 816 2128 tempus
834 2087 1062 2128 opportunum
1081 2087 1180 2125 erat,
1205 2083 1257 2119 sic
1275 2088 1314 2118 ut
1332 2083 1417 2129 ipsis
1446 2083 1639 2118 adiumento
1666 2096 1742 2119 esse

261 2131 383 2175 posset
414 2128 509 2173 (nam
535 2130 621 2164 haec
642 2130 706 2164 sub
739 2128 874 2163 Arcturi
899 2133 1007 2162 ortum
1033 2133 1133 2173 gesta
1157 2135 1261 2172 sunt,
1286 2141 1361 2164 cum
1386 2134 1423 2164 et
1452 2130 1586 2175 plurimi
1617 2130 1743 2165 imbres

261 2174 410 2210 nubibus
429 2174 669 2218 effunduntur,
695 2179 731 2210 et
749 2175 861 2220 frigus
881 2174 1093 2210 immodicum
1114 2175 1180 2210 iam
1200 2176 1364 2221 ingruens
1388 2176 1517 2221 affligit
1534 2189 1605 2217 eos,
1629 2177 1687 2222 qui
1706 2177 1743 2212 in

262 2220 366 2256 armis
386 2221 450 2255 sub
469 2221 548 2263 dio,
571 2222 676 2267 idque
700 2222 737 2256 in
762 2220 868 2263 mari,
893 2222 1132 2268 pernoctant),
1159 2223 1268 2257 visum
1293 2227 1347 2258 est
1371 2222 1458 2269 ipsis
1483 2223 1644 2268 pauculos
1669 2223 1744 2258 dies

261 2278 482 2314 permanere,
507 2279 549 2302 ac
570 2274 749 2314 postquam
772 2267 905 2302 levibus
932 2268 1053 2313 pugnis
1083 2269 1177 2304 vires
1195 2269 1286 2304 ultro
1307 2269 1463 2315 citroque
1482 2275 1635 2304 tentatae
1654 2270 1744 2304 fuis-

263 2317 367 2355 sent,
392 2314 524 2348 domum
542 2319 637 2348 tetro
659 2314 845 2360 navigare:
871 2326 981 2359 eoque
1001 2314 1166 2357 maxime,
1201 2315 1291 2361 quod
1311 2315 1493 2350 audierant
1513 2327 1619 2350 novas
1638 2316 1744 2350 trire-

261 2369 334 2394 mes
357 2360 401 2394 ab
420 2360 544 2394 Genua
565 2360 739 2405 proficisci
756 2361 823 2395 iam
849 2361 886 2395 in
916 2361 1088 2395 Euboeam
1114 2366 1150 2396 et
1168 2361 1204 2396 in
1229 2362 1369 2396 Cretam
1394 2367 1498 2407 atque
1524 2362 1560 2395 in
1587 2367 1744 2398 caeteras

261 2405 406 2448 insulas,
427 2417 516 2452 quae
532 2406 676 2441 Venetis
695 2411 777 2441 tunc
797 2407 976 2453 parebant.
1005 2407 1143 2442 Etenim
1161 2420 1204 2442 ex
1223 2409 1370 2443 navibus
1391 2409 1646 2452 quatuordecim
1668 2410 1743 2443 Ge-

261 2451 422 2495 nuiticis,
446 2464 533 2498 quas
552 2453 708 2487 Venetae
726 2454 883 2488 triremes
895 2478 905 2495 ‚
929 2466 1002 2488 cum
1020 2454 1086 2488 huc
1102 2455 1284 2496 venirent,
1309 2453 1440 2488 duobus
1462 2454 1601 2488 sinubus
1618 2455 1744 2490 Aulide

263 2502 300 2532 et
318 2499 412 2533 Oreo
441 2498 540 2533 iuxta
565 2499 741 2534 Euboeam
768 2500 1026 2542 concluserant,
1052 2500 1169 2534 decem
1192 2512 1268 2535 cum
1296 2500 1382 2546 ipsis
1403 2500 1594 2535 homiuibus
1621 2506 1743 2547 captae

260 2544 422 2587 fuerant;
445 2545 600 2592 reliquae
622 2550 768 2591 quatuor
785 2545 902 2580 furtim
926 2546 1062 2592 elapsae
1084 2546 1271 2592 periculum
1293 2547 1501 2592 effugerant.
1538 2548 1653 2593 Atque
1677 2548 1744 2582 hae

263 2595 434 2636 quatuor,
458 2603 522 2638 per
540 2592 729 2627 absentiam
751 2592 958 2627 Venetarum
985 2593 1053 2627 alio
1073 2593 1164 2628 bello
1183 2598 1447 2638 occupatarum,
1479 2593 1610 2628 insulas
1631 2593 1744 2628 Vene-

263 2639 373 2672 torum
399 2637 536 2683 impune
554 2638 774 2673 infestabant.
820 2638 941 2684 Itaque
957 2639 994 2673 hi
1010 2651 1135 2684 magna
1160 2639 1341 2685 diligentia
1367 2645 1404 2674 et
1431 2639 1611 2674 alacritate
1628 2639 1672 2673 ad
1691 2641 1743 2674 ul-

263 2682 459 2718 ciscendum
494 2685 828 2731 propulsandumque
856 2685 987 2719 hostem
1026 2686 1215 2720 redierunt.
1272 2686 1322 2720 Et
1349 2687 1435 2721 haec
1462 2685 1600 2731 quidem
1629 2685 1680 2720 ita
1706 2698 1745 2721 se

262 2727 423 2765 habuere.
472 2731 575 2776 (111.)
599 2731 685 2766 Cum
705 2735 818 2766 autem
837 2731 910 2773 sol,
934 2733 977 2766 ab
998 2732 1142 2767 hiberno
1163 2731 1298 2779 tropico
1330 2743 1540 2774 conversus,
1561 2733 1743 2766 antarctici

261 2775 332 2855 poli
367 2776 527 2813 viciniam
557 2778 790 2819 deseruisset,
822 2778 1074 2814 Thessalonica
1103 2778 1210 2813 rediit
1241 2778 1446 2824 imperator,
1482 2779 1609 2824 gaudio
1644 2777 1743 2824 quasi

273 2821 470 2869 ymphatus.
519 2824 671 2861 Putabat
696 2823 862 2861 videlicet
888 2823 957 2861 iam
984 2825 1023 2862 se
1056 2825 1194 2862 arcanis
1220 2825 1413 2863 terroribus
1435 2825 1618 2862 liberatum
1649 2824 1745 2859 solu-
