1794 3172
357 147 675 195 HISTORIAE
702 147 1078 193 BYZANTINAE
1110 147 1227 192 XIV·
1255 154 1295 194 7.
1468 142 1570 189 715

79 260 123 303 ε’κ
139 264 216 304 τοῦ
235 257 392 321 ῥᾴστου
420 262 505 301 τῶν
535 255 867 315 ἐντυγχανόντων
897 257 972 313 τὴν
1004 257 1204 313 αἴσθησιν
1234 259 1460 311 δεξιοῦται,
1499 260 1566 302 καὶ
1592 266 1677 300 A.c.
1697 263 1781 301 1344

78 329 234 385 πολλὴν
255 328 384 379 εὐθὺς
402 325 682 386 προβάλλεται
700 327 776 383 τὴν
792 332 866 382 τῆς
878 327 1072 384 ’τέρψεως
1090 324 1245 384 ἡδονήν
1259 341 1269 351 ’
1295 329 1361 370 καὶ
1380 327 1448 384 ῥεῖ
1459 314 1708 393 παν-Ῑωῗζθῐὲζ
1719 316 1780 394 ‘lia-

78 397 262 454 ταχόθεν
288 397 425 455 ὥσπερ
458 398 502 440 ἐκ
531 401 762 455 θησαυρῶν
789 395 900 450 τό,τε
933 396 1109 440 εὔπνουν
1140 400 1217 453 τῆς
1246 396 1380 453 ὀδμῆς
1413 399 1481 439 καὶ
1518 399 1564 441 τὸ

18 475 23 478 ’
78 473 154 512 τοῦ
175 467 334 519 ἄνθους
355 466 549 524 εὕχρουν·
585 468 652 510 καὶ
674 471 885 524 καθαραῖς
905 466 952 510 τὸ
974 470 1168 509 πλεῖστον
1187 463 1325 521 ὁμιλεῖ
1343 473 1433 517 ταῖς
1453 465 1568 522 ἡλίου

44 537 243 584 5ἅκτΐσι·
279 538 468 593 δένδρεσί
499 553 542 580 τε
578 536 808 579 πολυειδέσι
851 539 960 596 κομᾷ
998 537 1066 579 καὶ
1108 534 1215 592 ἄλση
1251 538 1318 579 καὶ
1363 540 1603 592 λειμῶναςῦ

78 608 309 660 ποικίλους,
348 605 445 663 ἔργα
467 610 619 663 χειρῶν
652 605 950 661 ἀνθρωπίνων,
989 609 1162 649 πλουτεῖ
1177 618 1189 629 ·
1231 608 1298 648 καὶ
1330 606 1432 662 γε’νει
1460 625 1568 651 παν-

78 677 202 721 τοίων
235 676 419 733 ὄρνίθων
451 682 723 732 περιηχεῖται·
761 676 827 718 καὶ
861 673 997 731 σμήνη
1021 679 1224 729 μελιττῶν
1245 676 1328 718 ἒκεΐ
1345 676 1567 734 περιτρέχει

77 745 131 788 τὰ
163 745 301 802 ἄνθη,
339 746 408 788 καὶ
438 744 572 801 ἠρέμα
601 744 675 788 τὸν
704 744 806 802 ἀέρα
823 749 1078 803 περιβομβεΐ.
1114 745 1182 788 καὶ
1213 743 1398 801 τε’ρψεώς
1413 762 1475 797 τις
1493 747 1567 790 πί-

78 819 182 866 πλος
215 816 407 858 ἐντεῦθεν
447 812 664 872 ὑφαίνεται
704 815 816 866 ξένος
847 815 931 857 ἐκεῖ
962 814 1170 871 συμμιγὴς
1177 847 1192 868 ,
1238 814 1314 857 οὐκ
1346 810 1448 872 ἦρος
1475 814 1565 877 ὥρᾳ

22 894 66 929 10
76 882 185 943 μόνῃ
199 918 212 937 ,
249 884 346 928 ἀλλ’
368 885 411 927 ἓν
434 883 583 928 ἅπαντι
605 889 734 944 καιρῷ
768 886 834 927 καὶ
859 881 1027 943 χρόνῳ,
1066 881 1364 940 ὂμοζυγοῦντος
1393 885 1454 928 ἀεὶ
1487 890 1563 929 τοῦ

74 958 158 997 τῶν
176 952 388 1012 τεσσάρων
423 951 542 1011 ῶρῶν
566 952 717 997 κύκλου
755 954 859 1011 πρὸς
886 951 1032 1008 ὁμοίαν
1061 953 1138 1010 τὴν
1159 951 1283 1010 χάριν
1306 956 1375 997 καὶ
1404 952 1602 1012 ἦδονῆνῙ)

73 1028 159 1066 τῶν
191 1023 468 1080 ἀνθρωπίνων
501 1025 814 1080 αἰσθητηρίων·
850 1025 918 1066 καὶ
949 1021 1132 1079 μάλισθ’
1171 1022 1237 1066 ὅτ’
1264 1024 1309 1066 ἐκ
1335 1023 1467 1079 με’σου
1487 1029 1564 1073 τοῦ

75 1092 229 1143 ἄλσους
258 1095 326 1136 καὶ
355 1097 441 1136 τῶν
470 1098 612 1152 φυτῶν
642 1094 803 1137 ἐκείνων
826 1092 1000 1150 ὄρθριος
1026 1091 1053 1149 ἦ
1076 1097 1151 1149 τῆς
1171 1091 1348 1149 ἀηδόνος
1369 1091 1563 1150 ἢχήσασα

73 1163 251 1219 μουσικὴ
282 1161 454 1223 συνᾴὸοι
482 1170 569 1214 τοῖς
606 1164 688 1206 ἐκεῖ
720 1161 969 1219 μονάζουσιν
1010 1165 1135 1206 εἰπεῖν
1169 1164 1237 1206 καὶ
1264 1170 1469 1219 συνυμνοΐ
1491 1164 1565 1209 τὸν

19 1242 65 1278 15
76 1231 230 1289 κύριον.
274 1231 350 1288 ἔχει
371 1233 450 1290 γὰρ
484 1233 646 1289 κάκείνη
677 1235 745 1276 καὶ
777 1230 959 1291 κιθάραν
980 1234 1042 1275 ἐπὶ
1071 1229 1260 1289 στήθους
1286 1231 1431 1277 ἵνθεόν
1456 1251 1562 1288 τινα,

75 1304 143 1345 καὶ
169 1300 406 1359 ψαλτήριον
427 1302 634 1362 ἔμφυτον,
673 1304 740 1346 καὶ
769 1302 972 1359 μουσικὴν
995 1300 1238 1360 ἐναρμόνιον
1246 1335 1261 1357 ,
1300 1303 1345 1355 ἐξ
1364 1302 1565 1359 αὐτοσχε-

74 1373 165 1415 δίου
188 1374 561 1429 περισαλπίζουσαν
580 1372 678 1423 τούς
697 1371 925 1423 ἀκούοντας
943 1370 1051 1415 πάνυ
1071 1390 1136 1416 τοι
1155 1373 1352 1428 ἐμμελῶς.
1381 1375 1450 1416 καὶ
1472 1372 1601 1428 ἅμαΕ

73 1448 223 1498 πηγαῖς
245 1442 469 1499 αὐτοφυῶν
493 1440 660 1486 ὑδάτων
690 1440 711 1486 ὃ
742 1447 880 1499 χῶρος
905 1441 1080 1500 ἄρδεταί
1096 1460 1141 1486 τε
1172 1444 1241 1485 καὶ
1263 1446 1562 1500 περιαντλεῖται

71 1515 257 1562 πολλαῖς.
297 1509 445 1570 ῥύακες
474 1510 776 1567 ἇποβλόζοντες
814 1512 996 1555 ἄλλοθεν
1033 1512 1152 1555 ἄλλοι
1185 1513 1345 1569 μυρίων
1379 1513 1560 1569 γίνονται

15 1593 62 1629 20
73 1583 218 1631 παῖδες
240 1586 395 1638 πηγῶν,
417 1583 485 1625 καὶ
506 1580 700 1639 ἀλλήλοις
727 1581 862 1639 ἠρέμα
881 1584 948 1625 καὶ
967 1579 1128 1639 λάθρα,
1162 1581 1402 1632 κλέπτοντες
1423 1580 1560 1640 ὥσπερ

73 1651 146 1694 τὸν
169 1648 326 1709 δρόμον
334 1683 348 1704 ,
385 1656 617 1695 κοινοῦνται
638 1651 686 1695 τὸ
708 1650 867 1710 ῥεῦμα,
905 1649 994 1694 οἷον
1023 1651 1210 1707 ἐπίτηδες
1226 1653 1295 1694 καὶ
1320 1650 1440 1694 αὐτοὶ
1462 1669 1562 1695 σιω-

73 1725 231 1771 πῶντες
245 1753 259 1774 ,
297 1720 372 1763 καί
397 1738 507 1772 τινος
531 1723 719 1772 παιδείας
744 1720 1063 1776 αἲσθανομένοις
1087 1717 1239 1776 ὁμοίως
1269 1719 1559 1776 ἀντιποιούμε-

73 1807 137 1833 νοι
149 1823 163 1844 ,
202 1791 271 1832 καὶ
291 1787 473 1842 διδόντες
496 1792 684 1843 ἐξουσίαν
704 1789 869 1847 μακρὰν
891 1798 979 1842 τοῖς
1000 1791 1084 1834 ἐκεῖ
1106 1798 1358 1846 μονασταΐς,
1378 1789 1558 1849 ’ἀθόρυ-

169 1864 223 1903 14.
250 1869 433 1911 συνυμνοῖ
454 1867 555 1904 Boiv.
579 1879 643 1914 pro
667 1869 855 1913 συνυμνεῒ.
1127 1856 1130 1857 ⁷

72 1924 171 1959 sibus
193 1924 470 1960 ambitiosissime
494 1927 560 1971 (ut
577 1925 628 1961 ita
646 1926 776 1972 dicam)
803 1937 846 1960 ex
867 1925 963 1960 facili
988 1924 1184 1968 blanditur,
1208 1928 1245 1960 et
1265 1936 1421 1971 magnam
1444 1923 1563 1960 statim

71 1972 177 2006 offert
197 1972 500 2018 suavissimamque
523 1973 744 2019 voluptatem.
792 1973 877 2008 Illuc
895 1978 1057 2018 tanquam
1076 1985 1119 2006 ex
1138 1971 1310 2007 thesauris
1334 1972 1562 2018 undecunque

72 2018 188 2053 affluit
215 2024 251 2053 et
273 2019 414 2054 odorum
436 2019 563 2055 halitus
587 2020 719 2062 dulcis,
751 2024 787 2054 et
807 2020 928 2054 florum
953 2020 1212 2054 amoenissimus
1237 2019 1342 2053 color.
1389 2020 1503 2064 Atque
1530 2018 1561 2053 is

71 2065 167 2099 locus
186 2064 384 2111 purioribus
409 2066 491 2101 solis
515 2067 623 2102 radiis
640 2072 679 2102 ut
696 2066 875 2115 plurimum
893 2067 1060 2101 interest:
1085 2070 1121 2100 et
1141 2064 1372 2111 multiplicium
1402 2066 1560 2099 arborum

71 2123 168 2147 coma
189 2112 340 2158 tegitur3
373 2117 410 2148 et
428 2113 575 2148 saltibus
604 2114 759 2149 abundat
783 2118 819 2148 et
848 2113 969 2159 pratis,
996 2113 1167 2147 hominum
1188 2123 1289 2147 manu
1317 2112 1487 2153 excultis3
1521 2117 1559 2146 et

71 2158 162 2193 omni
181 2160 294 2194 avium
314 2171 443 2204 genere
461 2165 635 2206 personat.
681 2160 756 2195 lllic
775 2172 883 2206 apumv
895 2159 1053 2194 examina
1072 2159 1200 2194 circum
1218 2159 1321 2193 flores
1338 2158 1498 2200 volitant,
1522 2162 1559 2193 et

69 2205 141 2240 leni
165 2218 306 2240 susurro
326 2217 388 2252 per
406 2210 519 2242 aerem
540 2208 667 2253 passim
683 2212 904 2241 murmurant.
953 2206 1088 2248 Quibus
1111 2217 1154 2240 ex
1174 2207 1278 2241 rebus
1300 2205 1392 2240 inter
1413 2217 1452 2239 se
1469 2217 1560 2239 com-

70 2253 187 2287 mixtis
210 2253 363 2287 efficitur
381 2254 487 2288 mirus
505 2254 643 2300 quidam
666 2254 854 2300 voluptatis
872 2258 1073 2294 contextus3
1097 2265 1165 2287 non
1183 2265 1268 2288 vere
1285 2252 1467 2293 duntaxat,
1495 2252 1557 2286 sed

70 2304 108 2333 et
130 2300 252 2345 quovis
273 2304 447 2345 tempore,
468 2301 745 2347 conspirantibus
765 2304 934 2347 perpetua
953 2299 1190 2334 vicissitudine
1209 2304 1358 2345 quatuor
1374 2298 1454 2332 anni
1472 2304 1560 2332 tem-

69 2345 282 2391 pestatibus,
315 2348 359 2382 ad
384 2349 527 2382 eandem
553 2347 790 2382 amoenitatem
809 2347 1020 2392 eandemque
1040 2358 1178 2391 semper
1196 2345 1423 2380 exhibendam
1448 2344 1559 2378 homi-

69 2403 148 2426 num
171 2393 334 2428 sensibus
354 2394 586 2440 voluptatem3
611 2406 654 2429 ac
671 2398 743 2429 tum
761 2394 926 2436 maxime,
949 2405 1026 2428 cum
1048 2393 1160 2429 medio
1188 2404 1231 2427 ex
1253 2393 1343 2427 saltu
1367 2395 1403 2426 et
1429 2391 1472 2425 ab
1490 2390 1560 2424 illis

66 2438 248 2474 arboribus
265 2451 431 2475 resonans
450 2442 635 2476 matutinus
654 2441 819 2476 lusciniae
835 2444 956 2475 cantus
970 2440 1066 2475 velut
1082 2439 1320 2475 admodulatur
1333 2438 1391 2479 iis,
1409 2437 1468 2483 qui
1484 2436 1558 2471 illic

68 2485 216 2520 solitarii
240 2487 374 2528 vivunt,
397 2488 575 2534 Deumque
591 2500 658 2523 una
672 2499 747 2523 cum
761 2488 804 2522 iis
821 2486 1006 2522 collaudat.
1043 2487 1171 2521 Gestat
1188 2486 1277 2521 enim
1296 2490 1334 2519 et
1349 2485 1410 2518 illa
1426 2484 1462 2518 in
1481 2483 1558 2517 sinu

69 2531 234 2567 citharam
256 2535 424 2579 quandam
445 2536 623 2576 entheam‚
646 2535 905 2580 ingenitumque
929 2533 1152 2580 psalterium,
1176 2538 1212 2568 et
1234 2531 1397 2567 musicam
1418 2530 1558 2564 harmo-

67 2578 147 2612 niae
166 2579 311 2625 plenam,
327 2593 416 2626 quae
434 2593 505 2624 eos,
527 2593 549 2616 a
566 2582 692 2628 quibus
717 2581 866 2623 auditur,
891 2586 975 2626 apte
989 2580 1171 2615 admodum
1189 2583 1224 2615 et
1242 2589 1433 2618 numerose,
1452 2576 1558 2622 idque

68 2635 113 2658 ex
130 2630 305 2671 tempore,
336 2627 575 2664 circumsonat.
621 2628 715 2662 Idem
741 2639 845 2674 porro
872 2627 968 2662 locus
992 2627 1184 2662 nativarum
1209 2636 1372 2671 aquarum
1401 2623 1555 2657 fontibus

67 2670 182 2705 multis
202 2672 335 2718 rigatur
354 2679 390 2708 et
410 2674 634 2710 circumfluit:
658 2674 794 2720 rivique
813 2673 873 2709 alii
899 2673 1042 2709 aliunde
1055 2673 1284 2708 scaturientes
1305 2683 1347 2705 ex
1370 2669 1557 2704 innumeris

7 2731 10 2733 ·
67 2717 222 2752 fontibus
241 2725 447 2763 nascuntur,
471 2722 706 2767 paulatimque
725 2725 760 2756 et
782 2722 891 2763 clam,
915 2732 1018 2755 snumv
1033 2721 1134 2767 quasi
1156 2730 1291 2754 cursum
1312 2716 1479 2758 furando,
1502 2715 1556 2749 in-

66 2764 178 2798 vicem
204 2777 312 2811 aquas
334 2768 604 2810 communicant3
634 2768 775 2803 silentes
798 2768 866 2814 ipsi
889 2779 1025 2813 quoque
1048 2773 1210 2812 tanquam
1239 2763 1416 2805 consulto,
1447 2767 1484 2796 et
1501 2762 1557 2796 di-

68 2810 245 2856 sciplinam
265 2813 453 2858 quandam,
478 2827 519 2849 ac
537 2815 567 2849 si
589 2815 634 2849 iis
660 2814 792 2849 inesset
815 2826 955 2856 seusus,
978 2814 1049 2859 ipsi
1065 2813 1167 2848 etiam
1185 2810 1354 2857 professi;
1379 2820 1501 2854 nempe
1519 2812 1558 2842 nt

67 2857 141 2893 eius
166 2857 234 2894 loci
249 2860 442 2905 monachis,
466 2862 573 2898 vitam
596 2861 689 2897 nullo
707 2861 855 2897 tumultu
882 2861 1122 2909 perturbatam
1142 2858 1379 2905 exigentibus,
1402 2859 1557 2903 potesta-
