1794 3172
306 123 621 175 HISTORJAE
647 126 1020 194 BYzANTmAE
1041 125 1159 186 xm.
1184 129 1225 174 5.
1399 119 1502 178 819

28 241 105 296 τὴν
135 245 218 285 τῶν
243 238 568 294 ναυτιλλομένων
590 235 841 294 μιμούμενον
863 237 1176 295 κυβερνητικὴν,
1204 240 1330 281 τοῦτο
1362 235 1407 280 δ’
1427 235 1501 280 ἂν·
1524 242 1719 281 A.0.1347

29 308 153 367 δράσι
174 313 383 365 προσῆκον
401 313 499 352 νοῦν
521 307 656 364 ἔχουσι
665 341 680 362 ,
714 309 783 351 καὶ
801 305 983 363 μα’λιστα
1000 314 1087 357 τοῖς
1113 307 1259 363 ἀρχαῖς
1278 293 1720 374 πολιτικαΐςῐωζὲὲοοῖψ

30 378 252 434 ἇσχολοῦσι
273 378 346 421 τὸν
371 376 536 421 ἅπαντα
562 378 669 433 βίον.
706 376 919 433 ἀγαπητὸν
940 377 1017 435 γὰρ
1047 375 1099 420 ἂν
1120 375 1181 432 εἴη
1202 375 1257 420 τὰ
1276 379 1352 432 τῆς
1369 373 1501 432 λύπης

29 449 173 503 ἐπίσης
203 447 512 503 ἀνακεκρᾶσθαι
538 453 626 497 τοῖς
656 445 921 503 εὐφραίνουσι
935 478 950 499 ,
989 447 1057 488 καὶ
1084 445 1143 501 μὴ
1170 449 1418 489 πλεονεκτεῖν
1446 445 1500 488 τὰ

0 517 23 555 5
26 517 164 573 χείρω.
203 513 287 573 δρῶ
316 517 391 571 μὲν
422 515 527 573 γὰρ,
559 513 617 566 ὥς
638 513 846 571 πολύχουν
870 515 947 570 μὲν
967 513 1030 558 ἀεὶ
1057 514 1105 557 τὸ
1126 515 1326 571 δυστυχὲς
1345 514 1540 573 ἐπιῤῥεῖῙ)

27 593 117 635 τοῖς
138 584 349 641 ἧμετέροις
366 582 558 642 καθάπερ
577 586 620 628 ἐκ
647 582 772 640 λόχου
793 586 939 635 δεινῶς
954 583 1235 639 ἐπιτιθέμενον
1256 581 1470 642 πράγμασι
1484 597 1496 609 ·

27 654 76 698 τὸ
96 654 140 697 δ’
163 653 357 709 εὔδαιμον
383 651 550 711 σφόδρα
578 671 643 697 τοι
671 651 865 698 σπάνιον·
901 655 970 697 καὶ
996 656 1119 696 τοῦτο
1146 655 1173 696 δ
1180 653 1193 669 ³
1229 653 1278 697 οὗ
1304 651 1495 709 μόνιμον,

28 722 134 766 ἀλλὰ
153 724 270 778 δίκην
289 722 448 773 ἄνθους
465 721 639 778 τάχιστα
657 721 960 780 μαραινόμενον
972 736 982 746 ·
1019 720 1147 777 οἶμαι,
1178 727 1254 766 τοῦ
1274 727 1379 766 θεοῦ
1398 725 1499 765 παί-

28 794 161 846 δευμα
184 792 314 836 τοῦθ’
336 789 436 848 ἡμῖν
468 791 803 850 δραστικώτατον
820 790 935 848 μάλα
954 789 1198 848 ἐπάγοντος,
1229 793 1300 834 ‘lm
1316 792 1376 848 μὴ
1393 792 1499 849 μέγα

0 865 270 919 ῦφρονῶμεν,
308 859 510 918 ὑπέρτερα
550 866 627 918 τῆς
654 866 730 906 τοῦ
769 865 932 918 θνητοῦ
963 859 1127 919 φύσεως
1154 859 1541 918 ἀναλογιζόμενοι.Ε

26 930 95 973 διὰ
115 931 167 985 δὴ
187 934 311 974 τοῦτο
335 932 404 973 καὶ
420 928 611 989 Αἰσώπῳ
637 929 766 974 πάλαι
787 935 848 990 τῷ
881 932 1012 988 Φρυγὶ
1043 929 1115 974 τὸν
1139 929 1242 973 θεὸν
1273 930 1348 986 οὐχ
1376 929 1500 974 ὕδατι

25 1001 199 1054 νομίζειν
218 997 331 1057 ἐπῄει
348 999 425 1055 τὴν
442 1005 532 1056 γῆν,
558 1000 663 1043 ἀλλὰ
677 998 865 1056 δάκρυσι,
886 997 1134 1058 φυράσαντα
1157 997 1312 1042 πλάσαι
1329 999 1401 1043 τὸν
1422 999 1498 1042 ἅν-

24 1070 245 1125 θρωπον.”
291 1067 390 1127 (Δ.)
426 1068 563 1112 Ταῦτ’
600 1069 722 1113 εῗπὼν
749 1067 771 1112 ὅ
799 1069 995 1125 βασιλεὺς
1022 1068 1096 1112 τὸν
1125 1069 1200 1124 μὲν
1226 1068 1318 1112 υἱὸν
1340 1068 1497 1126 ἀφῆκεν

25 1138 90 1180 ἐπὶ
116 1137 190 1181 τὸν
217 1139 400 1182 δοθέντα
420 1138 606 1195 γίνεσθαι
630 1142 803 1195 κλῆρον·
839 1137 966 1188 αὐτὸς
985 1139 1030 1181 δὲ
1049 1137 1153 1193 ταχῦ
1171 1137 1225 1180 τὰ
1245 1139 1416 1191 ἐκεῖθεν,
1441 1135 1498 1189 ὥς

0 1204 220 1260 Ξέδύνατο,
257 1206 563 1263 καθιστάμενος
589 1206 814 1266 πράγματα
845 1207 921 1264 τὴν
945 1208 987 1258 ἐς
1016 1205 1245 1260 Βυζάντιον
1267 1205 1494 1264 ἐπορεύετο.
1514 1248 1523 1256 Ἴ

126 1274 170 1320 ε’.
204 1276 319 1331 Ἐμοὶ
339 1277 384 1320 δ’
409 1278 613 1321 ἐνταυθοῖ
635 1277 834 1336 γενομένῳ
862 1281 939 1332 τῆς
968 1277 1152 1334 ἱστορίας
1184 1274 1628 1334 ἇνακεφαλαιῶ-Ρ.516

24 1350 187 1389 σασθαι
209 1345 358 1389 ἔπεισιν
371 1379 385 1399 ,
411 1345 490 1390 ὅσα
508 1364 580 1402 μοι
600 1347 669 1390 διὰ
687 1346 735 1391 τὸ
755 1351 838 1390 τῶν
857 1349 1021 1389 πολλῶν
1039 1353 1228 1403 παρεῖται
1249 1346 1494 1403 ἐπίφθονον,
1506 1330 1631 1366 V‘417

15 1412 86 1466 ⁴02‘9
105 1414 314 1472 προῦργου
331 1415 430 1466 τοὺς
447 1417 630 1473 γείτονας
647 1417 798 1474 γίνεται
813 1415 1054 1473 μέμφεσθαι
1065 1448 1079 1469 ,
1114 1417 1204 1473 περὶ
1225 1420 1343 1472 σφῶν
1363 1414 1501 1458 αὗτῶν

23 1483 336 1541 ἀφηγουμένους
355 1484 408 1528 τὰ
424 1486 619 1544 βέλτιστα
632 1499 642 1509 ·
677 1486 909 1541 βασκανίαν
929 1482 1052 1527 εἰδότι
1071 1486 1197 1527 πᾶσιν
1215 1483 1392 1540 ἀγαθοῖς
1411 1485 1499 1526 ἐπι-

0 1554 259 1609 )φυομένην,
290 1553 318 1609 ἢ
349 1554 426 1609 τὴν
456 1553 581 1612 φύσιν
611 1552 1031 1610 ἇντιστρατευομένην
1059 1552 1136 1608 ἔχει
1164 1560 1256 1603 ταῖς
1285 1553 1501 1609 ἀληθείαις

25 1624 230 1678 διηνεκῶς.
269 1622 405 1672 ἄλλως
430 1641 474 1666 τε
495 1625 562 1666 καὶ
587 1627 661 1678 τῆς
691 1624 836 1673 κακίας
853 1623 896 1665 ἐν
918 1620 1168 1678 σπαργάνοις
1194 1621 1251 1664 ε’τι
1268 1624 1335 1664 καὶ
1354 1620 1501 1678 γάλαξι

25 1691 327 1747 κρυπτομένης,
361 1693 427 1734 καὶ
450 1691 527 1748 τὴν
554 1692 720 1748 ἀγαθὴν
745 1697 830 1735 τῶν
855 1689 1108 1748 πραγμάτων
1127 1685 1380 1748 προσδοκίαν
1399 1691 1501 1740 τέως

24 1761 394 1815 προβαλλομένων,
442 1760 628 1819 ἄφυκτον
658 1760 808 1817 ἥκιστα
837 1758 938 1815 εἶχεν
966 1758 1166 1816 ἑπομένην
1199 1761 1387 1803 ἐνταῦθα
1416 1764 1537 1803 τῶνΒ

24 1827 156 1886 λόγων
177 1829 253 1886 τὴν
274 1832 418 1887 χρείαν
447 1828 469 1873 ὃ
492 1828 658 1887 χρόνος.
694 1834 769 1874 νῦν
787 1832 812 1873 δ
822 1829 836 1845 ²
858 1829 994 1885 ἐπειδὴ
1014 1827 1066 1872 τά
1087 1846 1130 1872 τε
1149 1834 1233 1873 τῶν
1252 1829 1409 1873 ὠδίνων
1429 1830 1497 1888 343-

114 1917 148 1952 5.
176 1912 320 1962 ὁρῶμεν
342 1913 384 1954 δὲ
406 1917 496 1952 coni.
518 1917 617 1952 Boiv.

23 1985 193 2020 nauticam
212 1986 248 2020 in
267 1998 308 2020 eo
327 1990 434 2021 artem
451 1985 600 2028 imitari,
622 1985 660 2021 id
674 1998 758 2021 vero
775 1984 944 2021 hominum
964 1997 1040 2020 esse
1056 1985 1339 2031 intelligentium3
1364 1996 1497 2021 eorum-

22 2043 90 2076 que
114 2032 268 2077 inprimis
282 2057 293 2073 ,
317 2044 460 2078 quorum
481 2038 557 2068 tota
575 2033 649 2069 vita
665 2034 701 2068 in
719 2033 920 2067 civitatibus
936 2033 1097 2078 regendis
1116 2038 1282 2078 occupata
1301 2033 1359 2066 sit.
1389 2033 1496 2074 Quod

22 2077 52 2111 si
69 2078 186 2112 tristia
210 2079 313 2114 laetis
335 2084 612 2125 temperarentur
637 2079 883 2125 aequabiliter,
906 2091 971 2114 nec
990 2079 1109 2125 peiora
1128 2079 1386 2125 praevalerent,
1408 2090 1497 2124 gau-

22 2124 167 2159 dendum
185 2130 278 2159 esset
297 2125 367 2159 ista
385 2131 490 2162 sorte.
536 2126 663 2161 Verum
685 2137 749 2160 nos
776 2125 975 2160 calamitosa
995 2126 1099 2160 multa
1121 2132 1279 2171 tanquam
1298 2138 1340 2160 ex
1358 2125 1497 2160 insidiis

22 2182 201 2216 erumpere
219 2176 256 2206 et
271 2171 400 2206 nostris
412 2172 515 2206 rebus
533 2171 708 2218 ingruere,
732 2183 900 2218 prospera
913 2178 1025 2207 autem
1044 2184 1123 2207 rara
1144 2172 1321 2207 admodum
1341 2172 1497 2206 videmus

21 2217 175 2259 evenire,
192 2229 302 2262 eaque
319 2229 388 2252 non
404 2229 615 2264 permanere,
639 2218 701 2253 sed
718 2218 815 2252 floris
830 2218 942 2253 instar
958 2219 1058 2254 brevi
1074 2230 1306 2254 marcescere:
1329 2219 1404 2253 Deo
1420 2218 1496 2264 opi-

21 2275 85 2297 nor
103 2263 373 2298 efficacissimam
391 2265 484 2299 illam
498 2264 596 2300 nobis
616 2264 828 2310 disciplinam
847 2264 1050 2307 adhibente,
1073 2277 1118 2300 ne
1136 2265 1315 2300 efferamus
1332 2265 1400 2310 ipsi
1421 2277 1498 2306 nos,

21 2310 155 2344 mortali
174 2310 373 2345 conditione
394 2310 516 2346 altiora
535 2311 751 2346 affectantes.
796 2311 852 2346 Ea
873 2317 1013 2357 propter
1034 2317 1069 2346 et
1084 2315 1221 2357 Aesopo
1239 2312 1394 2357 Phrygio
1418 2311 1497 2345 olim

21 2355 222 2398 videbatur,
245 2368 312 2390 non
330 2368 421 2402 aqua
441 2358 503 2392 sed
519 2357 680 2403 lacrymis
699 2357 839 2392 dilutam
858 2358 966 2393 fuisse
983 2370 1057 2393 eam
1073 2363 1220 2400 terram,
1244 2370 1314 2404 qua
1331 2357 1498 2392 hominem

20 2402 116 2436 Deus
135 2402 357 2438 formasset.”
405 2403 506 2449 (lv.)
529 2404 628 2438 Haec
642 2403 805 2449 loquutus
820 2404 1007 2449 imperator
1023 2405 1128 2439 filium
1145 2405 1188 2439 ad
1207 2405 1401 2450 assignatas
1413 2415 1497 2448 pos-

22 2448 195 2483 sessiones
219 2450 449 2494 capcssendas
470 2449 607 2484 dimisit.
654 2450 736 2497 Ipse
752 2451 856 2486 rebus
873 2450 966 2494 illic,
991 2455 1030 2486 ut
1045 2451 1177 2498 potuit,
1200 2451 1387 2498 diligenter
1403 2448 1499 2484 ordi-

22 2493 133 2534 natis,
154 2494 358 2540 Byzantium
377 2495 546 2530 discessit.

114 2541 149 2575 5.
176 2541 252 2586 Ego
276 2553 358 2576 vero
378 2542 415 2576 in
435 2543 501 2577 hac
518 2546 620 2588 parte
638 2541 808 2578 historiae
829 2554 873 2577 ea
889 2543 1078 2578 summatim
1095 2547 1271 2589 repetam,
1294 2553 1384 2588 quae
1402 2554 1424 2576 a
1443 2554 1498 2578 me

23 2585 149 2620 omissa
166 2593 246 2622 sunt
263 2587 416 2622 invidiae
435 2593 547 2630 metu3
572 2601 639 2634 qua
653 2589 706 2631 fit,
733 2595 772 2624 ut
790 2589 947 2635 plerique
966 2590 1067 2635 proni
1089 2589 1158 2624 sint
1178 2590 1221 2624 ad
1241 2588 1498 2623 obtrectandum

23 2632 175 2677 proximo
188 2657 200 2674 ‚
222 2634 400 2677 praeclara
415 2635 459 2669 de
482 2646 520 2669 se
535 2635 612 2680 ipso
632 2635 798 2670 narranti.
843 2635 1003 2670 Sciebam
1018 2636 1186 2671 videlicet
1203 2635 1377 2676 invidiam,
1401 2636 1498 2669 cuius

20 2684 147 2713 natura
170 2679 312 2714 veritati
334 2691 469 2725 semper
490 2681 715 2723 adversatur,
746 2681 847 2716 bonis
870 2683 1026 2716 omnibus
1050 2683 1304 2717 inhaerescere.
1359 2680 1497 2727 Alioqui

21 2735 125 2766 vero,
151 2736 227 2760 cum
243 2724 370 2760 lateret
389 2726 501 2761 adhuc
519 2727 557 2762 in
575 2727 673 2762 cunis
694 2732 729 2762 et
752 2727 851 2774 quasi
869 2728 907 2762 in
931 2735 1029 2764 utero
1051 2729 1194 2770 malum,
1215 2728 1312 2773 isque
1330 2733 1422 2762 esset
1437 2739 1497 2762 re-

22 2782 97 2804 rum
124 2775 256 2812 status,
287 2772 348 2818 qni
367 2771 488 2807 bonam
511 2773 696 2808 etiamnum
717 2785 813 2820 spem
836 2774 999 2817 offerret,
1027 2775 1165 2810 minime
1191 2774 1262 2808 illis
1286 2774 1499 2818 temporibus

23 2828 158 2853 annexa
185 2821 264 2854 erat
285 2817 495 2854 inevitabilis
515 2818 655 2856 dicendi
676 2819 878 2857 necessitas.
923 2821 1030 2858 Nunc
1047 2826 1181 2864 autem,
1203 2832 1280 2859 cum
1297 2819 1497 2868 etidquod
