1794 3172
257 143 362 195 994
664 150 985 198 NICEPHORl
1015 151 1343 199 GREGORAE

36 277 76 311 Α,
93 276 140 311 Μ.
159 276 252 314 6859
263 259 476 308 συνελόντι
522 259 675 320 φάναι,
721 260 832 317 πλὴν
879 264 964 305 τῶν
1012 261 1285 307 ἐπισκοπικῶν
1337 263 1577 321 ἐνδυμάτων
1626 268 1746 313 οὐδὲν

93 322 201 361 1¹¹⁶·4
219 331 368 407 οὖγιές
386 331 490 393 ὃρξὶν
511 334 580 375 καὶ
604 327 766 374 ἀκούειν
786 329 888 381 τέως
910 326 963 388 ἦν
994 330 1084 377 ἐκεῖ.
1157 331 1246 392 (Ε.)
1283 327 1589 391 Βουληθέντων
1611 339 1656 382 δὲ
1677 341 1746 382 καὶ

259 401 379 459 ἡμῶν
398 401 767 460 ἀναφθέγξασθαί
782 417 822 444 τι
837 400 1007 458 μικρὸν,
1045 409 1245 460 κραυγαῖς
1265 401 1441 460 ἀσήμοις
1459 423 1502 449 τε
1523 408 1590 449 καὶ
1613 407 1742 466 ἀνάρ-

243 471 383 530 ’θροις
403 472 471 515 καὶ
487 478 651 527 συνεχεῖ
660 468 832 531 πατάγῳ
848 475 998 528 χειρῶν
1019 472 1248 528 ἐξεπίτηδες
1263 470 1375 530 ἡμᾶς
1394 492 1437 518 τε
1454 473 1744 534 ὖπερεφῶνουν

258 545 402 585 ἐκεῖνοι
441 542 511 584 καὶ
550 545 711 602 σιωπᾷν
743 539 1074 598 κατηνάγκαζον,
1113 540 1306 600 καθάπερ
1348 544 1618 602 ἇγριουμὲνης
1653 551 1772 591 θα-5

257 610 412 667 λάττης
430 608 646 668 μεμηνότα
667 607 833 666 κύματα
858 610 957 662 τοὺς
978 611 1057 654 ἀνὰ
1084 612 1157 655 τὸν
1177 612 1363 669 αῗγιαλόν
1383 611 1629 670 ὁμιλοῦντας
1647 616 1744 674 ἠρέ-

255 699 330 737 μα.
368 681 423 724 ἐῶ
443 681 523 739 γὰρ
550 681 676 738 λε’γειν
687 714 701 735 ,
735 679 799 724 ὅτι
823 680 929 739 παρ’
951 680 1071 724 οὐδὲν
1093 680 1352 739 ἐληλύθεσαν
1375 681 1487 740 ἡμᾶς
1507 685 1740 744 διαρρῆξαι,

256 748 452 809 καθάπερ
484 751 529 794 αἱ
553 748 716 806 Βάκχαι
745 748 878 793 πάλαι
905 751 1102 806 Πενθέα,
1140 754 1269 810 φασὶν
1296 752 1566 807 ἀττικίζοντες
1592 760 1740 811 μῦθοι.

218 820 357 864 Βᾶλλ’
386 819 508 877 ἡμῶν
529 838 573 878 γε
601 818 872 877 ἐπιμενόντων
900 818 983 874 ἔτι,
1018 823 1084 864 καὶ
1112 820 1264 880 μικράν
1289 840 1382 866 τινα
1412 822 1535 881 λόγου
1571 823 1742 881 ζητούν-

255 908 341 936 των
354 889 500 948 χώραν
519 889 618 947 ἡμῖν
644 890 903 948 ἐγγενέσθαι,
942 889 1038 934 οὔτ’
1059 890 1205 948 ἤκουεν
1227 891 1321 936 οὔτε
1349 901 1562 950 προσεῖχεν
1592 895 1737 946 οὐδείς.
1754 903 1794 940 10

256 958 350 1021 (ς’.)
383 961 490 1016 Ὀψὲ
517 960 562 1004 δ’
595 959 738 1004 ἐνιδὼν
766 958 974 1019 βλοσυρόν
997 978 1038 1004 τι
1068 963 1136 1005 καὶ
1168 961 1478 1020 ἀπηγριωμένον
1503 962 1524 1007 ὃ
1546 965 1743 1019 βασιλεὺς

255 1030 362 1089 πρὸς
377 1029 502 1087 ἡμᾶς,
539 1030 770 1089 ,,χαρίεν,”
794 1029 888 1088 ἔφη,
921 1032 1089 1085 ,,τουτὶ,
1122 1033 1562 1088 κατεσπουδασμένους
1585 1034 1742 1079 ἐθέλειν

255 1105 469 1144 ποιεῖσθαι
486 1097 634 1157 λόγους
654 1104 727 1156 τῆς
748 1101 850 1156 ἐμῆς
869 1102 1000 1152 οῗκίας
1022 1101 1162 1154 ἐντὸς,
1201 1102 1277 1158 οὐχ
1297 1100 1463 1154 ἑκόντος
1487 1104 1611 1159 ἐμοῦ,
1641 1104 1741 1155 τοὺς

213 1174 335 1227 Ετῆς
361 1171 464 1226 ἐμῆς
482 1167 692 1227 θελήσεως
711 1170 955 1225 ἐχθίστους,
991 1171 1059 1213 καὶ
1079 1169 1153 1221 οὓς
1173 1170 1247 1214 οὐκ
1267 1171 1345 1227 ἔχω
1372 1177 1460 1223 πῶς
1484 1172 1740 1228 ὄνομάσας.”

255 1240 381 1284 ταῦτ’
404 1239 533 1297 ἔλεγεν
552 1238 573 1284 ὃ
594 1238 776 1298 ἇῤῥεπὴς
797 1240 943 1290 ἐκεῖνος
965 1240 1130 1297 κριτὴς,
1170 1238 1192 1284 ὅ
1216 1240 1292 1296 τὴν
1309 1242 1439 1298 με’σην
1461 1244 1529 1285 καὶ
1557 1242 1736 1300 ἀπαρέγ-
1751 1252 1794 1288 15

254 1314 392 1354 κλιτον
408 1311 476 1354 καὶ
494 1309 658 1365 οὐδαμῆ
681 1309 779 1352 ποθ’
803 1307 1049 1368 ἓτερορῥεπῆ
1066 1311 1248 1364 βαδίζειν
1262 1309 1501 1367 ὀμωμοκώς.
1536 1312 1739 1371 (Ζ.)Ἐγώ

253 1381 414 1434 τοίνυν,
449 1381 517 1423 καὶ
534 1378 662 1423 πάλαι
682 1379 758 1434 μὲν
780 1379 1000 1437 περιαλγὴς
1018 1378 1074 1423 ὢν
1095 1381 1138 1422 ἐκ
1160 1384 1235 1436 τῆς
1257 1385 1463 1438 κεφαλῆς,
1498 1381 1579 1438 ἤδη
1606 1383 1651 1426 δὲ
1671 1385 1740 1426 καὶ

254 1447 368 1508 λύπῃ
398 1446 531 1505 λύπην
562 1446 871 1507 προσειλήφειν,
909 1449 954 1491 ἐκ
981 1453 1057 1492 τοῦ
1084 1450 1191 1505 μηδὲ
1220 1448 1486 1508 τριτημόριον
1516 1451 1619 1509 πρὸς
1652 1457 1737 1496 τῶν

255 1518 487 1563 ἀντιθέτων
517 1519 609 1575 ἐμοὶ
640 1522 963 1576 καταλελεῖφθαι
994 1522 1069 1563 τοῦ
1092 1523 1223 1576 χοροῦ
1255 1524 1338 1563 τῶν
1371 1521 1481 1575 ἐμῶν
1511 1526 1734 1578 φοιτητῶν.

213 1586 414 1640 Ὲῗδόντες
440 1589 519 1646 γὰρ
544 1590 685 1632 ἐκεῖνοι
706 1592 758 1647 τῇ
779 1588 1006 1649 προτεραίᾳ
1036 1590 1251 1640 πλείστους
1276 1590 1351 1645 μὲν
1383 1590 1455 1645 ἐμὲ
1474 1592 1794 1648 περιὶσταμέ-Ξο

255 1676 354 1710 νους
371 1660 555 1713 ἐκείνων,
593 1659 809 1709 πλείστους
827 1657 871 1701 ‹5'
893 1657 1055 1715 ἔγγιστα
1074 1659 1339 1715 καθημένους
1355 1660 1456 1715 ἐμοῦ
1465 1693 1480 1714 ,
1512 1661 1738 1723 ζηλοτυπία

255 1729 406 1792 βαρείᾳ
423 1728 495 1773 τὸν
517 1730 663 1773 οἷκεῖον
686 1727 794 1773 καθ’
816 1725 934 1785 ἡμῶν
957 1726 1254 1786 ἀνεχάλκευσάν
1278 1747 1323 1774 τε
1343 1731 1410 1774 καὶ
1426 1728 1736 1790 ἂνεπύρσευσαν

348 1860 408 1900 14.
427 1862 510 1906 πῶς
530 1859 703 1910 ὀνομάσω
725 1860 815 1900 coni.
837 1860 938 1897 Boiv.

254 1979 398 2059 praeter
415 1977 644 2024 episcopalem
661 1977 835 2020 habitum,
858 1976 931 2012 illic
946 1975 1004 2011 vel
1022 1976 1159 2013 videres
1181 1977 1238 2012 vel
1261 1976 1412 2014 audires.
1467 1977 1551 2024 (V.)
1575 1978 1734 2015 Volenti-

280 2036 320 2059 us
340 2028 455 2060 autem
472 2025 571 2061 nobis
591 2025 764 2071 paululum
785 2028 906 2059 contra
923 2023 1081 2066 hiscere,
1104 2024 1156 2059 illi
1173 2025 1218 2059 de
1238 2025 1410 2060 industria
1424 2025 1633 2061 indistinctis
1649 2039 1734 2061 con-

256 2072 414 2116 fusisque
444 2071 650 2107 clamoribus
681 2072 806 2115 editis,
841 2076 877 2105 et
903 2071 1088 2125 complosis
1118 2082 1229 2117 usque
1254 2072 1429 2115 manibus,
1460 2079 1596 2107 nostras
1627 2085 1733 2108 voces

254 2118 463 2160 vincebant,
486 2122 522 2153 et
539 2130 614 2162 nos,
635 2118 732 2154 velut
747 2116 932 2153 saevientis
951 2118 1066 2164 pelagi
1084 2118 1238 2153 furentes
1259 2119 1372 2153 undae
1390 2130 1462 2161 eos,
1480 2119 1540 2174 qui
1559 2119 1594 2153 in
1614 2119 1734 2155 littore

256 2164 394 2220 placide
420 2164 685 2219 colloquuntur,
719 2165 951 2199 conticescere
973 2165 1155 2209 cogebant.
1212 2165 1304 2200 Nam
1329 2165 1422 2220 quod
1456 2165 1543 2200 nihil
1570 2166 1733 2210 abfuerit,

255 2211 345 2265 quin
358 2223 419 2245 nos
444 2210 515 2253 illi,
539 2216 580 2246 ut.
603 2212 681 2246 olim
701 2211 892 2246 Pentheum
916 2211 1075 2246 Bacchae
1097 2211 1222 2246 sabulis
1241 2211 1365 2247 Atticis
1386 2212 1604 2255 celebratae,
1629 2225 1734 2247 mem-

255 2257 380 2293 bratim
394 2257 652 2303 discerperent,
674 2257 713 2292 id
731 2258 866 2313 quidem
886 2269 950 2303 ego
963 2258 1061 2294 sileo.
1110 2259 1162 2293 Ac
1180 2270 1373 2305 quanquam
1393 2259 1508 2294 adhuc
1527 2265 1734 2304 exspectan-

256 2308 312 2340 tes
332 2315 566 2346 maneremuS,
589 2309 624 2339 et
645 2308 686 2339 ut
710 2303 809 2339 nobis
830 2304 976 2349 exiguus
1002 2306 1121 2340 saltem
1140 2305 1274 2340 dicendi
1300 2305 1394 2339 locus
1422 2311 1514 2340 esset
1538 2306 1734 2350 postulare-

257 2363 353 2394 mus,
376 2362 474 2386 nemo
503 2363 567 2386 nec
594 2351 728 2385 audivit
751 2362 815 2385 nec
841 2351 988 2386 animum
1013 2351 1177 2387 advertit.
1235 2351 1334 2397 (VJ.)
1365 2352 1507 2386 Demum
1533 2351 1734 2397 imperator,

255 2401 355 2434 torvo
374 2397 519 2444 quodam
535 2401 572 2432 et
589 2397 734 2432 efferato
753 2398 905 2432 obtutu
896 2410 930 2432 ιιι
950 2410 1013 2434 nos
1036 2399 1126 2441 fixo,
1151 2398 1325 2444 „lepidum
1344 2410 1428 2433 sane
1446 2397 1583 2440 istud‚’'
1607 2399 1732 2444 inquit,

256 2444 438 2489 „homines
452 2443 620 2480 voluntati
635 2455 731 2478 meae
751 2443 1020 2488 infensissimos,
1045 2457 1129 2501 quos
1150 2444 1307 2490 equidem
1325 2456 1392 2490 quo
1411 2445 1546 2479 nomine
1562 2446 1733 2508 appellem

256 2491 386 2532 nescio,
403 2491 493 2527 velle
511 2492 586 2526 mea
604 2490 640 2525 in
659 2491 758 2526 domo
777 2503 829 2526 me
844 2491 953 2527 invito
977 2492 1152 2527 orationes
1172 2491 1300 2526 habere
1319 2496 1482 2526 accurate
1504 2491 1730 2527 elaboratas?

256 2539 356 2575 Haec
381 2537 486 2573 iudex
517 2548 669 2584 aequae,
703 2537 762 2584 qui
782 2550 820 2572 se
843 2539 990 2574 medium
1016 2543 1052 2573 et
1079 2537 1352 2573 indeclinabilem
1370 2539 1445 2573 fore
1470 2542 1507 2574 et
1521 2545 1674 2574 neutram
1696 2538 1733 2572 in

256 2589 391 2631 partem
415 2595 660 2640 propensurum
686 2595 834 2630 unquam
860 2586 1050 2620 iuraverat.
1104 2585 1201 2630 (VII.
1203 2585 1221 2630 )
1245 2584 1334 2619 Mihi
1363 2585 1495 2631 igitur,
1517 2586 1576 2631 qui
1604 2585 1731 2640 capitis

257 2632 377 2667 dolore
409 2631 705 2667 vehementissimo
736 2630 934 2676 iampridem
969 2632 1188 2673 laborabam,
1222 2643 1330 2666 novus
1360 2632 1459 2666 dolor
1488 2631 1654 2674 accessit,
1687 2643 1731 2666 eo

259 2678 352 2724 quod
371 2679 414 2713 ab
433 2677 642 2713 adversariis
660 2689 724 2713 nec
738 2679 844 2713 tertia
861 2678 997 2724 quidem
1016 2679 1099 2713 mihi
1122 2690 1204 2724 pars
1224 2678 1346 2713 relicta
1366 2682 1460 2713 esset
1488 2679 1555 2713 inei
1576 2678 1730 2724 discipu-

258 2725 365 2759 lorum
390 2724 509 2760 chori.
534 2736 675 2781 quorum
698 2724 860 2771 plurimos
886 2725 1111 2760 circumstare
1127 2736 1200 2767 me,
1223 2724 1389 2771 plurimos
1403 2725 1486 2760 item
1505 2725 1658 2771 proxime
1674 2736 1731 2759 as·

257 2771 392 2813 sidere,
416 2783 492 2807 cum
520 2771 691 2806 vidissent
719 2771 893 2817 superiori
914 2772 992 2815 die;
1022 2771 1124 2817 gravi
1151 2771 1328 2817 zelotypia
1355 2771 1472 2807 affecti
1495 2771 1598 2806 multo
1624 2772 1730 2806 vehe-

256 2817 453 2855 mentiorem
468 2817 631 2856 invidiam
649 2817 684 2853 in
700 2829 762 2854 ιιοε
778 2829 875 2854 suam
895 2818 1149 2862 recouflarunt,
1171 2830 1213 2854 ac
1230 2818 1328 2854 velut
1349 2817 1544 2855 incendium
1561 2817 1730 2854 ventilan-
