1794 3172
360 130 676 184 fflsToRmE
703 137 1078 184 BYZANTINAE
1100 137 1217 182 xlv.
1242 141 1281 184 4.
1474 113 1575 180 703

82 246 222 306 θᾶπερ
242 245 431 307 λάφυρον
462 245 710 306 ἀπροόπτως
737 246 889 305 ἑαυτὴν
907 250 964 300 εἷς
990 246 1171 304 ἅχαλκον
1189 249 1431 304 ἐμβαλοῦσα
1447 246 1571 293 πόλέ-
1593 259 1631 292 A.
1649 261 1686 293 c.
1703 258 1794 296 1344

83 337 164 375 μον
185 323 391 376 λογισμῶν
412 318 589 379 ἀφανείᾳ
606 319 921 374 κεκαλυμμένων
932 351 947 372 ,
986 319 1053 362 καὶ
1073 319 1170 376 πρὶν
1189 322 1327 369 καλῶς
1351 323 1427 374 τῆς
1450 307 1709 387 πολε-Ῑωέζέἕι·
1723 308 1794 391 ga*

82 390 183 445 μίας
209 386 363 446 ἐφόδου
394 387 442 431 τὸ
476 389 614 443 βίαιον
650 389 882 434 αἰσθέσθαι
889 422 904 443 ,
947 386 1075 449 ᾤχετο
1121 387 1356 447 θελγούσης
1382 392 1574 444 λαβοῦσα
1707 378 1716 389 ⁶

86 461 292 516 πυρκαΐας
313 456 608 514 ὑπομνήματα.

56 532 80 568 5
191 525 244 572 δ’.
276 527 380 585 Ἐγὼ
412 527 456 570 δ’
486 528 692 572 ἐνταυθοῖ
704 526 888 572 κάκείνου
910 524 1198 584 μεμνήσομαι,
1233 524 1387 585 χρόνον
1405 527 1482 583 μὲν
1501 527 1702 576 τὸνΡ.44ο

86 596 214 640 αὐτὸν
245 597 582 652 συνενεχθέντος,
622 599 850 655 σαφηνείας
879 597 924 642 δ’
953 599 1085 641 εἵνεκα
1101 600 1286 654 μείζονος
1308 597 1475 642 ἄνωθέν
1493 616 1571 642 πο-

84 671 163 710 θεν
189 661 347 723 ἦρχθαι
376 667 624 725 ὀφείλοντος.
662 667 783 726 ἔαρος
813 668 891 725 γὰρ
912 666 1154 719 ἐπιστάντος
1185 668 1288 725 ἤδη,
1325 668 1402 719 τὰς
1422 669 1573 719 οῗκείας

85 734 108 779 ὃ
137 737 334 791 βασιλεὺς
361 735 559 792 δυνάμεις·
580 738 821 795 συναγαγών
869 736 990 796 ἀπῄει
1030 738 1135 796 πρὸς
1154 739 1253 788 τοὺς
1282 738 1463 781 ἐπέκεινα
1479 736 1571 781 Ῥο-

87 804 219 862 δόπης
246 811 322 850 τοῦ
348 805 473 865 ὅρους
505 807 696 858 αὐλῶνας
728 810 796 851 καὶ
826 807 879 851 τὰ
902 809 1026 864 ἐκεῖσε
1048 807 1152 866 πρὸς
1167 808 1419 866 ἀποχρῶσαν
1440 809 1572 865 νομὴν

31 881 76 915 10
88 875 410 932 ἀναπεπταμένα
429 879 573 922 πεδία.’
598 875 820 935 προσάγων
837 878 882 921 δὲ
902 879 970 921 καὶ
996 877 1140 936 πεῖράν
1164 896 1258 922 τινα
1278 885 1370 928 ταῖς
1390 879 1476 921 ἐκεῖ
1492 877 1570 922 πό-

85 950 195 989 λεσιν
220 944 298 993 εἷλε
330 947 440 990 καθ’
476 945 698 1004 ὁμολογίαν
722 945 860 998 πόλεις
889 946 992 1002 δύο,
1028 946 1105 1006 τήν
1133 966 1178 992 τε
1212 947 1466 1004 Κομοτηνὴν
1502 949 1571 991 καὶ

85 1016 163 1071 τὴν
182 1019 223 1059 Γ
219 1021 417 1074 ρατιανοῦ
444 1018 716 1073 καλουμένας.
773 1017 869 1078 (Β.)
894 1018 1031 1062 ’Ένθα
1066 1019 1118 1075 δὴ
1138 1020 1207 1062 καὶ
1225 1018 1272 1061 τὸ
1295 1017 1400 1075 πρὸς
1417 1020 1607 1072 Μομι-Β

84 1087 200 1129 τίλου
220 1087 380 1144 γέγονεν
398 1088 524 1131 ἐκεῖνο
544 1086 780 1144 σύμπτωμα
795 1102 805 1112 ·
844 1087 890 1139 ὃς
908 1087 1060 1146 διφυής
1078 1106 1141 1140 τις
1160 1087 1374 1145 γενόμενος
1391 1089 1435 1139 ἐξ
1455 1087 1569 1145 ἀφα-

86 1160 171 1199 νῶν
208 1157 360 1214 γονέων
391 1158 434 1200 ἐν
465 1160 681 1216 μεθορίοις
722 1161 1008 1216 Πατριβαλῶν
1042 1161 1111 1202 καὶ
1142 1162 1310 1203 Μυσῶν
1349 1157 1571 1216 λῃστρικὸν

32 1231 75 1266 15
86 1226 130 1267 ἐκ
155 1227 369 1285 μειρακίου
395 1227 505 1271 καθ’
543 1227 745 1286 ἑταιρείαν
771 1226 1013 1285 ἡλικιώτιδα
1031 1230 1126 1284 βίον
1147 1228 1257 1286 ἄγειν
1288 1225 1566 1287 προσῇρηται,

85 1293 231 1353 ἕνεδρά
271 1314 315 1340 τε
354 1297 407 1352 δὴ
438 1299 506 1341 καὶ
539 1297 688 1355 λόχους
723 1296 1127 1355 κατασκευαζόμενος
1158 1299 1365 1357 αἰφνίδιον
1400 1298 1570 1356 ἐπέφερε

85 1372 174 1415 τοῖς
204 1370 398 1425 παριοῦσι
428 1367 501 1411 τὸν
532 1368 723 1427 ὄλεθρον.
761 1367 1079 1426 τριακοντούτης
1100 1369 1145 1412 δ’
1170 1368 1265 1426 ἄρτι
1285 1365 1500 1425 γενόμενος
1529 1369 1703 1417 3;v.357

84 1434 133 1478 τό
162 1435 549 1495 ἀνθρωπικώτερον·
565 1440 608 1482 ἐκ
629 1443 704 1482 τοῦ
726 1437 969 1496 θηριώδους
998 1440 1151 1483 ἐκείνου
1180 1438 1252 1482 τὸν
1271 1439 1366 1493 βίον
1384 1436 1611 1489 ἀλλάξα-ο

85 1509 191 1548 σθαι
220 1506 377 1564 ἔγνωκε.
415 1509 484 1551 καὶ
513 1508 566 1565 δὴ
597 1509 924 1566 προσεληλυθώς
952 1507 1015 1552 ἑνί
1040 1527 1119 1552 τινι
1150 1513 1235 1553 τῶν
1267 1506 1445 1559 ἐνδόξων
1466 1505 1569 1551 Ῥω-

28 1582 76 1617 20
84 1576 222 1631 μαίων
246 1581 407 1631 μισθοῦ
430 1579 714 1622 διακονεῖσθαι
746 1578 913 1634 τέταχεν
941 1576 1101 1622 ἔαυτόν.
1139 1576 1265 1622 ἔπειτ’
1292 1577 1430 1634 ὀλίγον
1451 1576 1568 1636 ῥέον-

87 1661 160 1695 τος
187 1644 365 1703 χρόνου,
403 1647 479 1703 τὴν
511 1650 700 1691 δουλείαν
728 1665 773 1691 τε
797 1648 998 1692 ἀπείπατο
1033 1645 1191 1705 ταύτην
1217 1649 1286 1691 καὶ
1316 1649 1358 1698 ἐς
1380 1646 1434 1690 τὰ
1462 1644 1569 1704 πρό-

87 1731 187 1772 τερα
216 1720 292 1771 τῆς
311 1715 878 1775 λῃστείαςέπαλινδρόμησεν
907 1717 1022 1774 ἤθη,
1067 1719 1136 1761 καὶ
1166 1716 1324 1773 πολλὴν
1341 1716 1477 1775 ἠρέμα
1498 1717 1570 1759 καὶ

87 1783 195 1828 κατὰ
223 1786 371 1845 μικρὸν
392 1785 809 1845 προσεταιρισάμενος
838 1794 958 1846 χεῖρα
976 1787 1212 1846 ἔμπρακτον
1234 1787 1387 1831 ἐδείκνυ
1418 1786 1467 1830 τὸ
1492 1790 1570 1843 τῆς

85 1944 126 1977 ut
145 1953 222 1977 cum
239 1941 316 1988 ipse
339 1954 378 1978 se
400 1942 438 1978 in
458 1943 630 1989 quandam
650 1955 809 1979 sensuum
828 1956 1030 1980 arcanorum
1048 1945 1147 1991 quasi
1165 1944 1327 1980 inermem
1346 1955 1496 1991 pugnam
1513 1946 1569 1979 te-

84 2000 180 2024 mere
196 1988 420 2033 coniecisset,
446 1991 604 2035 captivus
625 1991 742 2025 furtim
758 1991 1006 2034 abduceretur,
1029 2004 1070 2027 ac
1089 1992 1184 2029 velut
1201 1992 1350 2038 praedae
1369 1995 1483 2033 esset,
1505 2000 1569 2025 ne·-

86 2047 155 2081 que
179 2036 313 2070 hostilis
333 2037 565 2083 impressionis
583 2037 782 2074 violentiam
798 2039 966 2082 sentirem*
986 2039 1054 2074 nisi
1068 2039 1223 2087 acceptis
1240 2038 1449 2074 blandientis
1469 2038 1570 2073 flam-

83 2096 159 2120 mae
176 2085 401 2122 monimentis.

179 2131 213 2167 4.
237 2132 306 2166 Hic
326 2144 391 2177 ego
409 2131 512 2166 etiam
530 2130 615 2166 illud
635 2132 915 2173 commemorabo,
939 2132 1030 2178 quod
1046 2131 1166 2167 eodem
1183 2131 1319 2178 quidem
1337 2134 1492 2178 tempore
1508 2142 1569 2166 ac-

85 2177 191 2213 cidit:
215 2178 277 2212 sed
296 2180 434 2213 maioris
456 2178 716 2225 perspicuitatis
739 2191 845 2213 causa
869 2178 974 2213 altius
996 2178 1153 2214 alicunde
1177 2179 1292 2225 repeti
1312 2179 1427 2214 debet.
1475 2178 1568 2213 Vere

85 2225 177 2259 enim
202 2224 271 2259 iam
299 2225 440 2260 ineunte
466 2225 596 2260 coactis
619 2225 750 2270 copiis,
774 2225 959 2271 imperator
982 2226 1017 2260 in
1043 2238 1103 2260 eos
1122 2229 1275 2268 tractuS‚
1300 2225 1359 2271 qui
1379 2228 1460 2260 sunt
1475 2223 1568 2258 ultra

84 2277 232 2306 montem
249 2273 453 2319 Rhodopen,
480 2272 658 2318 profectus
678 2278 750 2311 est,
774 2277 811 2307 et
828 2272 871 2306 ad
892 2283 952 2307 eos
965 2284 1114 2319 campos,
1135 2272 1195 2319 qui
1215 2273 1261 2307 ad
1280 2275 1415 2319 pastum
1431 2267 1567 2306 abunde

84 2318 156 2352 illic
181 2324 322 2364 pateut3
347 2331 389 2354 ac
413 2318 565 2353 nonnihil
593 2317 789 2354 sollicitatis
813 2319 907 2353 illius
924 2319 1027 2354 etiam
1045 2318 1199 2364 regionis
1216 2319 1388 2361 urbibus,
1421 2317 1507 2352 duas
1529 2316 1567 2350 in

84 2365 295 2400 deditionem
322 2366 476 2412 accepit,
510 2366 650 2400 alteram
669 2365 912 2407 Comotenam,
935 2367 1078 2400 alteram
1097 2363 1362 2411 Gratianopolin
1387 2375 1567 2411 nuncupa-

84 2416 165 2446 tam.
212 2413 297 2458 (ΙΙ.)
320 2413 373 2447 Ibi
391 2425 448 2448 res
474 2412 534 2446 illa
553 2423 617 2457 per
633 2411 835 2447 Momitilam
860 2415 962 2458 gesta
981 2411 1119 2447 accidit.
1165 2411 1234 2450 Hic
1252 2412 1378 2458 duplex
1401 2409 1566 2457 quodam-

85 2458 184 2493 modo
206 2465 243 2494 et
268 2459 425 2494 obscuris
454 2458 653 2504 parentibus
681 2463 783 2494 natus
809 2459 846 2493 in
869 2459 1124 2494 Patribalormn
1149 2470 1192 2494 ac
1211 2458 1390 2504 Mysorum
1417 2455 1564 2491 confinio

85 2505 290 2540 latrocinari
313 2507 382 2540 iam
403 2505 484 2541 iude
511 2507 554 2541 ab
574 2504 807 2541 adolescentia
826 2505 1047 2548 instituerat,
1072 2505 1243 2540 societate
1266 2516 1341 2539 cum
1362 2502 1566 2549 aequalibus

85 2552 192 2593 inita,
214 2552 380 2598 dolosque
396 2558 432 2588 et
451 2552 595 2588 insidias
625 2558 761 2588 struens
783 2553 1000 2597 repentinum
1018 2552 1279 2588 transeuntibus
1306 2549 1447 2586 exitium
1472 2554 1567 2593 attu-

86 2597 186 2633 lerat.
232 2599 367 2635 Deinde
391 2612 466 2635 cuin
493 2600 706 2644 trigesimum
731 2599 857 2634 aetatis
881 2611 1003 2634 annum
1022 2599 1083 2634 vix
1102 2599 1299 2644 attigisset,
1324 2608 1345 2631 a
1365 2596 1478 2631 ferino
1504 2592 1564 2629 illo

85 2657 180 2680 more
202 2645 246 2680 ad
267 2646 476 2682 humanioris
501 2647 596 2681 vitae
621 2658 730 2692 genus
758 2646 953 2681 transferre
978 2658 1017 2680 se
1041 2645 1266 2686 decreverat,
1296 2648 1332 2678 et
1351 2643 1397 2678 ad
1416 2642 1566 2677 nobilem

86 2692 462 2736 quendam—Romanum
479 2704 554 2727 cum
572 2693 795 2735 accessisset,
819 2704 957 2739 operam
975 2692 1008 2726 ei
1027 2704 1123 2727 suam
1148 2691 1193 2726 ad
1218 2690 1359 2726 servilia
1376 2689 1570 2724 ministeria

84 2738 275 2774 locaverat.
321 2740 416 2775 Idem
443 2739 543 2774 brevi
568 2743 722 2786 tempore
747 2740 867 2786 elapso
892 2743 928 2774 et
956 2739 1049 2774 illam
1082 2738 1284 2773 servitutem
1308 2736 1507 2777 abdicarat,
1530 2738 1568 2769 et

85 2784 131 2820 ad
147 2784 328 2831 pristinam
345 2786 575 2821 latrocinandi
593 2787 875 2821 consuetudinem
895 2790 1112 2828 recurrerat3
1143 2784 1347 2829 multamque
1374 2781 1499 2817 sensim
1526 2793 1567 2816 ac

84 2831 251 2879 paulatim
271 2844 403 2869 manum
425 2845 499 2869 cum
525 2833 595 2869 sibi
617 2833 841 2876 sociavisset,
865 2832 968 2868 animi
988 2832 1042 2868 sui
1065 2831 1242 2868 audaciam
1262 2842 1300 2866 re
1316 2829 1569 2871 declaraverat,
