1794 3172
250 120 350 169 624
653 122 969 169 NICEPHORI
997 120 1321 166 GREGORAE

29 247 67 280 A.
87 245 134 279 M.
149 236 338 298 esaoff.)
373 232 677 294 Προειληφέναι
693 231 831 290 μέντοι
864 234 932 276 καὶ
955 228 1281 291 προηγήσασθαι
1304 233 1389 274 τῶν
1408 224 1607 273 τοιούτων
1630 242 1730 271 συν-

77 293 145 327 ¹¹¹⁶·
158 293 241 375 ΜΒ
261 304 476 351 επεπτώκει
520 310 670 360 σημεῖα
710 308 846 349 κακῶν
871 301 935 347 ’τά
970 319 1014 346 τε
1052 301 1161 344 ἄλλα
1205 301 1272 344 καὶ
1314 297 1572 355 ἐπισκότησιν
1611 296 1730 354 ἡλίου

249 379 318 421 καὶ
340 375 429 431 ἅμα
456 371 628 430 σελήνης
648 370 728 431 πρό
751 390 795 432 γε
826 372 954 430 αὐτῆς
972 368 1087 427 μάλα
1107 387 1172 414 τοι
1196 366 1364 428 σφόδρα
1382 369 1600 426 μεγίστην,
1639 369 1732 425 περὶ

252 443 397 500 ζῶδιον
426 441 471 488 (ἐν
499 442 741 501 ἀμφοτέρας
770 444 878 502 φημὶ
906 443 979 487 τὸν
1010 438 1207 496 τοξότην·
1245 440 1313 482 καὶ
1343 441 1439 497 πρὶν
1461 436 1558 482 ὅλον
1575 435 1731 493 ἑξαμη-

251 522 382 560 νιαῖον
401 512 552 570 ἐξήκειν
563 509 716 570 χρόνον
739 514 781 565 ἐς
797 513 1002 571 τάκριβὲς,
1038 508 1181 567 ἑτέραν
1199 504 1326 558 αὖθις
1348 505 1642 552 συνεπεπτώκει
1663 509 1762 564 γε-5

253 586 402 639 νέσθαι
430 579 603 638 σελήνης
622 580 804 639 ἕκλειψεν
813 616 828 637 ,
866 584 956 642 περὶ
982 579 1055 624 τὸν
1075 583 1230 637 ταῦρον
1253 578 1469 635 γενομένου
1487 580 1635 635 σαφῶς
1657 580 1733 620 τοῦ

247 663 392 721 ἡλίου,
436 663 549 722 ἥττω
569 667 644 723 μὲν
676 665 829 720 ἐκείνης
838 697 852 718 ,
890 662 1105 709 δακτύλων
1133 663 1176 707 δ’
1200 657 1274 706 οὗν
1300 664 1343 706 ιδ
1386 660 1454 702 καὶ
1498 656 1642 714 αὐτήν.
1691 658 1735 703 ἴκ

251 752 295 778 τε
326 730 399 778 οὗν
418 732 595 790 τούτου,
631 736 700 780 καὶ
723 729 776 778 αὖ
800 734 843 777 ἐκ
871 738 954 777 τῶν
974 735 1065 791 περὶ
1085 733 1137 777 τὰ
1155 737 1239 776 τῶν
1257 727 1491 791 φωστήρων
1509 727 1629 785 πάθη
1649 746 1737 787 φα-

216 804 404 848 (Ὶνέντων
420 803 670 863 χρωμάτων,
707 801 896 861 μεγάλων
913 800 1260 862 προαναφώνησις
1279 808 1365 852 τοῖς
1381 797 1620 856 βαθύτερον
1637 798 1738 853 βλέ-

256 890 403 918 πουσιν
422 873 589 933 ἐγεγόνει
608 877 761 919 δεινῶν.
823 871 918 934 (A.)
940 871 1146 931 Δεύτερον
1168 873 1227 926 δὲ,
1265 871 1313 916 τὸ
1332 874 1408 927 τῆς
1426 869 1733 927 δενδροτομίας.
1750 874 1794 909 1ο

256 945 353 1002 περὶ
374 943 454 1000 γὰρ
485 944 558 989 τὸν
582 942 809 1003 ὑδροχόον,
854 942 983 994 εὐθὺς
1006 942 1112 999 μετὰ
1142 942 1214 986 τὸν
1243 940 1486 998 αῗγοκέρων,
1525 943 1599 982 τοῦ
1619 936 1738 995 ἡλίου

233 1012 497 1075 ιγενομένου,
543 1012 704 1072 νύκτωρ
734 1010 899 1069 ἁπάσης
930 1012 1092 1069 ἀνέμων
1112 1009 1381 1068 σιωπησάσης
1403 1012 1555 1064 πνοῆς,
1592 1010 1741 1066 κατερ-

257 1080 363 1140 ῥάγη
382 1087 548 1140 πλῆθος
562 1081 701 1140 χιόνος
723 1083 771 1127 οὗ
792 1080 991 1141 φορητόν·
1025 1080 1107 1141 ὕφ’
1133 1076 1182 1125 οὗ
1203 1078 1579 1138 καταβαρυνθέντα
1598 1078 1652 1121 τὰ
1666 1082 1742 1134 τῆς

261 1150 562 1209 βασιλευούσης
590 1157 675 1198 τῶν
701 1150 860 1196 πόλεων
891 1150 1262 1209 ἅπαντα-δένδρα,
1301 1151 1368 1193 καὶ
1400 1147 1478 1192 ὅσα
1499 1153 1581 1192 τῶν
1606 1166 1741 1206 προα-

221 1222 407 1265 Βστείων
439 1222 590 1280 αὐτῆς,
633 1220 843 1279 τοσαύτην
864 1222 940 1279 τὴν
968 1225 1124 1265 πτῶσιν
1148 1219 1408 1281 ὖπέστησαν,
1447 1217 1560 1262 ὥσθ’
1584 1216 1742 1274 ἡμέρας
1755 1227 1794 1263 15

259 1290 476 1349 γενομένης
484 1325 499 1346 ,
536 1294 606 1336 καὶ
634 1292 681 1337 τὸ
704 1291 942 1352 ,νυκτερινὸν
973 1288 1280 1350 ἓρμηνευσάσης
1310 1288 1465 1342 δεινὸν,
1503 1290 1602 1331 ἰδεῖν
1631 1288 1742 1339 ξένον

266 1360 437 1417 θέαμα,
474 1359 628 1406 κλάδου
660 1361 815 1413 παντὸς
843 1360 1193 1419 ἇπωρφανισμὲνα
1225 1360 1279 1403 τὰ
1309 1359 1418 1415 με’σα
1440 1362 1523 1402 τῶν
1563 1358 1744 1416 δένδρων

232 1450 235 1451 ’
260 1431 330 1473 καὶ
349 1429 531 1487 σκόλοψί
548 1448 654 1477 τισιν
672 1429 834 1475 ἐοικότα
856 1433 924 1474 καὶ
947 1429 1083 1483 ξύλοις
1102 1436 1269 1488 νεκροῖς.

136 1511 257 1548 V·316
370 1509 435 1563 ις’.
466 1510 577 1556 Ἐπεὶ
606 1514 652 1557 δὲ
676 1514 745 1557 καὶ
766 1513 858 1570 περὶ
882 1516 958 1569 τῆς
977 1512 1194 1567 βασιλίδος
1210 1507 1391 1567 Εἶρήνης
1409 1512 1486 1565 τῆς
1498 1510 1746 1552 Καντακου-

223 1558 410 1638 Εζηνῆς,
449 1583 518 1625 καὶ
539 1586 622 1626 τῶν
641 1584 755 1626 δυοῖν
775 1582 905 1638 αὐτῆς
925 1581 1137 1640 ἀδελφῶν,
1173 1580 1303 1630 πολὺς
1321 1578 1419 1636 ἡμῖν
1441 1578 1556 1623 ἔσται
1573 1582 1745 1636 προϊοῦ-
1756 1582 1794 1618 2(

256 1666 331 1710 ῥσιν
350 1649 372 1695 ὅ
395 1648 541 1708 λόγος,
577 1652 630 1696 τὰ
658 1652 829 1709 μέγιστα
863 1658 955 1702 ταῖς
981 1648 1212 1709 παρούσαις
1230 1647 1584 1705 συμβαλλομένων
1603 1646 1748 1703 τύχαις

265 1724 340 1763 τοῦ
357 1718 510 1778 χρόνου
527 1722 595 1765 καὶ
612 1719 885 1776 ὓποθέσεσιν,
923 1722 965 1772 ἐς
987 1720 1036 1765 τὸ
1054 1717 1254 1779 πρότερον
1274 1719 1387 1775 ἴχνος
1411 1721 1486 1761 τοῦ
1505 1715 1628 1774 λόγου
1650 1717 1748 1775 φέρε

269 1787 644 1847 ἓπανακάμψωμεν.
682 1790 758 1848 εἶχε
777 1791 856 1850 γὰρ
868 1791 1060 1847 δεσμίους
1082 1789 1235 1842 αὐτοὺς
1253 1789 1301 1834 τὸ
1322 1788 1496 1846 πλησίον
1517 1786 1642 1846 ὅρους
1657 1784 1748 1832 Ῥο-

360 1901 394 1936 8.
418 1897 458 1936 ἐκ
475 1900 565 1948 τῶν]
588 1900 663 1938 τῶν
686 1912 776 1937 corr.
800 1899 901 1938 Boiv-
924 1912 988 1948 pro
1009 1899 1090 1937 τοῦ.

269 1991 477 2028 coniectare.
524 1992 628 2039 (ΙΙΙ.)
650 1993 781 2028 Horum
800 1996 896 2029 certe
914 1993 1075 2028 malorum
1096 1992 1197 2039 signa
1225 1995 1443 2028 antecessere
1466 2003 1508 2027 ac
1527 1991 1673 2039 praevia
1689 2002 1751 2026 ex-

267 2039 392 2074 stitere
414 2044 484 2075 tum
509 2039 597 2082 alia,
632 2042 702 2074 tum
722 2039 861 2086 eclipsis
877 2041 960 2075 solis
980 2045 1016 2075 et
1034 2040 1134 2075 lunae
1151 2039 1262 2074 simul.
1308 2040 1359 2074 Et
1380 2039 1469 2075 haec
1495 2039 1630 2085 quidem
1655 2039 1752 2084 prior

269 2085 399 2120 accidit
424 2086 528 2132 longe
551 2086 715 2122 maxima=
747 2092 898 2132 utraque
917 2091 1030 2123 autem
1056 2087 1150 2121 circa
1168 2087 1257 2121 idem
1283 2086 1418 2121 zodiaci
1445 2085 1596 2131 signum,
1629 2097 1752 2132 nempe

270 2131 509 2176 Sagittarium.
555 2133 715 2168 Necdum
735 2139 901 2168 semestre
926 2138 1034 2168 totum
1051 2134 1189 2180 penitus
1205 2133 1351 2175 exierat,
1374 2144 1449 2167 cum
1469 2132 1536 2167 alia
1554 2143 1671 2166 rursus
1692 2143 1752 2167 ac-

271 2177 358 2213 cidit
378 2178 481 2214 lunae
509 2179 670 2225 eclipsis,
701 2181 774 2214 sole
790 2181 944 2215 Taurum
972 2179 1153 2215 evidenter
1170 2180 1347 2225 ingress03
1369 2179 1478 2214 minor
1501 2178 1639 2225 quidem
1664 2179 1752 2213 haec

272 2235 373 2270 quam
390 2224 472 2268 illa3
495 2226 556 2261 sed
578 2230 615 2261 et
637 2225 716 2272 ipsa
743 2226 999 2272 quatuordecim
1023 2227 1144 2262 saltem
1165 2227 1363 2272 digitorum.
1410 2225 1461 2261 Et
1484 2227 1550 2262 hoc
1569 2225 1689 2271 igitur,
1715 2229 1753 2259 et

272 2270 408 2306 colores
427 2271 486 2318 qui
501 2273 596 2307 circa
620 2270 831 2307 luminarium
852 2272 1078 2308 defectionem
1099 2273 1168 2308 visi
1187 2278 1286 2315 sunt,
1309 2284 1506 2318 magnarum
1524 2271 1754 2306 calamitatum

273 2317 472 2363 praesagia>
487 2318 591 2354 altius
616 2318 876 2364 inspicientibus
906 2320 1026 2354 habita
1053 2325 1142 2354 sunt.
1198 2320 1301 2365 (lv.)
1333 2319 1486 2354 Alterum
1511 2318 1592 2353 item
1619 2318 1754 2364 signum

272 2364 341 2398 fuit
372 2365 532 2400 arborum
554 2364 735 2400 excidium.
782 2365 908 2400 Statim
928 2366 1017 2400 enim
1038 2371 1117 2412 post
1135 2366 1396 2412 Capricornum,
1420 2376 1498 2399 cum
1515 2364 1566 2399 sol
1584 2364 1620 2398 in
1636 2367 1754 2411 Aqua-

272 2409 328 2444 tio
349 2415 463 2453 esset,
488 2412 613 2447 silente
631 2411 722 2446 omni
741 2419 920 2447 ventorum
942 2412 1050 2455 flatu,
1076 2412 1186 2448 effusa
1207 2416 1261 2448 est
1279 2416 1384 2447 noctu
1405 2411 1535 2446 nivium
1560 2411 1663 2457 copia
1687 2422 1754 2445 non

273 2456 473 2492 tolerabilis.
520 2458 599 2500 Quo
623 2469 727 2493 onere
750 2469 939 2504 oppressae
959 2471 1076 2494 omnes
1096 2459 1265 2506 principis
1288 2458 1383 2493 urbis
1403 2459 1565 2500 arbores,
1588 2462 1625 2491 et
1647 2469 1754 2503 quae-

275 2514 411 2548 cunque
428 2508 528 2539 erant
553 2505 618 2540 sub
640 2505 748 2547 urbe,
771 2508 901 2539 tantam
921 2505 1049 2540 dedere
1065 2511 1234 2552 stragem,
1260 2510 1300 2540 ut
1322 2505 1381 2539 die
1401 2509 1478 2540 orto
1495 2515 1536 2539 ac
1556 2508 1755 2539 nocturnam

275 2548 410 2585 cladem
426 2549 623 2594 indicante,
647 2562 772 2586 novum
791 2551 1000 2588 obiiceretur
1024 2552 1132 2586 oculis
1154 2551 1405 2597 spectaculum
1437 2550 1570 2586 mediae
1591 2551 1756 2585 videlicet

273 2595 416 2677 :albor-es
442 2596 599 2632 omnibus
618 2598 722 2633 ramis
743 2598 906 2641 orbatae,
938 2603 975 2633 et
997 2598 1087 2644 palis
1113 2597 1314 2646 quibusdam
1341 2609 1383 2633 ac
1407 2596 1550 2632 mortuis
1575 2596 1680 2643 lignis
1708 2596 1758 2631 si-

331 2653 381 2677 es.

367 2688 424 2727 16.
447 2689 519 2726 Sed
544 2689 702 2737 quoniam
729 2692 766 2726 et
788 2690 834 2725 de
856 2689 1079 2736 imperatrice
1099 2691 1200 2726 Irene
1219 2690 1483 2733 Cantacumna,
1506 2692 1543 2725 et
1562 2690 1607 2725 de
1625 2689 1758 2725 duobus

274 2733 366 2769 illius
382 2735 574 2779 fratribus,
598 2738 760 2784 frequens
787 2748 808 2771 a
825 2737 926 2771 nobis
943 2737 1126 2772 habebitur
1147 2738 1295 2779 mentio,
1319 2749 1359 2772 eo
1377 2736 1469 2782 quod
1494 2736 1630 2771 illorum
1651 2747 1758 2783 opera

273 2779 311 2815 in
329 2783 505 2826 praesenti
530 2786 718 2829 temporum
749 2782 946 2818 conditione
973 2783 1220 2829 propositoque
1243 2787 1445 2829 argumento
1467 2783 1647 2830 plurimum
1674 2782 1759 2818 emi-

273 2827 368 2871 cuit,
390 2828 472 2864 illuc
492 2829 560 2866 iam
586 2835 811 2872 revertamur,
832 2830 922 2865 unde
943 2834 1061 2866 nostra
1082 2829 1226 2866 deflexit
1245 2830 1368 2866 oratio.
1416 2830 1579 2865 Tenebat
1591 2841 1651 2865 eos
1676 2829 1760 2864 iam-
