1794 3172
226 114 360 166 1184
735 117 1218 164 ANNOTATIONES.

342 224 671 281 Pag.164,16.
732 225 980 279 Γρηγορίου]
1012 226 1077 265 Sic
1099 225 1231 265 variat
1260 224 1485 276 Gregoras,
1515 223 1609 264 dum
1639 236 1757 276 quem

227 299 350 340 supra
370 284 608 335 Georgium,
638 282 707 322 hic
729 284 966 334 G1e⁰011um
987 284 1188 336 appellat,
1220 282 1330 335 quod
1351 289 1596 335 postremum
1615 295 1760 320 nomen

229 344 384 396 accepit
400 355 538 380 recens
559 340 778 380 monachus
799 341 950 391 factus,
980 340 1217 393 Pachymer.
1240 340 1312 379 lib.
1331 340 1418 380 VII.
1449 354 1538 392 cap.
1556 343 1625 382 22.
1661 341 1762 379 Τοῦ-

228 416 273 443 το
297 399 372 456 γοὲρ
396 394 449 452 ἧν
471 397 610 439 ἐκείνω
631 398 700 440 καὶ
717 395 762 439 τὸ
783 398 826 439 ἐκ
848 399 1049 468 Γεωργίου
1063 395 1290 466 μοναχικὸν
1315 389 1459 450 ὄνομα.
1502 409 1676 436 DUGANG.

347 459 439 509 Pag
474 455 576 506 165,
605 459 647 499 7.
708 455 793 496 Καὶ
832 454 873 504 ἐς
903 451 1100 497 διάκονόν
1134 470 1176 496 τε
1210 454 1279 496 καὶ
1318 453 1449 508 ἱερέα]
1498 454 1764 506 Pachymeres

228 511 615 564 lib.V11.cap.1.4
648 513 698 553 de
720 513 931 566 Cozylensi
950 513 1174 579 episcopo,
1206 527 1227 551 a
1258 526 1338 564 quo
1370 513 1566 564 Georgius
1593 512 1766 565 Cyprius

230 572 373 627 primis
403 570 612 610 ordinibus
636 571 919 611 ecclesiasticis
946 571 1132 610 initiatus
1154 570 1248 610 fuit.
1279 570 1405 611 ἐκεῖσε
1423 567 1471 611 τὰ
1503 566 1636 611 εἰκότα
1664 567 1767 610 τελέ-

232 641 325 680 σας,
356 624 535 682 μοναχὸν
563 626 637 681 μὲν
668 628 711 670 ἐκ
740 632 894 670 λαϊκῶν
917 624 1203 679 ἀποδείκνυσι,
1234 625 1427 669 διάκονον
1457 623 1501 668 δ’
1520 627 1560 677 ἐξ
1588 641 1769 695 αναγνω-

233 699 328 728 στου
356 689 583 755 χειροτονεῖ.
636 689 708 740 τῆς
737 686 782 729 δ’
809 683 935 740 αὐτῆς
964 685 1118 740 ημέρας
1147 702 1215 727 και
1247 681 1497 739 πατριάρχην
1528 684 1552 727 o‘
1585 680 1771 738 βασιλεὺς

233 744 389 786 ἐκεῖνον
414 740 693 797 προβάλλεται.
754 743 832 783 Ubi
857 744 931 783 has
951 744 1222 783 ordinationes
1239 741 1350 781 haud
1378 743 1503 782 factas
1526 758 1547 782 a
1570 743 1771 781 Germano

232 801 491 842 Heracleensi
512 801 702 854 episcopo
725 808 882 841 exserte
902 802 970 852 ait,
1001 802 1072 841 sed
1091 816 1113 840 a
1135 800 1368 853 Cozylensi‚
1401 816 1425 839 a
1444 814 1525 853 quo
1546 800 1653 839 idem
1675 799 1773 837 Ger·

234 872 375 899 manus
392 865 478 897 tum
498 859 739 909 monachus,
770 873 817 898 ac
839 859 1050 899 cuiusdam
1074 859 1210 898 Aeacii
1238 858 1317 897 viri
1348 858 1406 911 pii
1426 858 1663 911 discipulus,
1693 869 1776 895 una

237 917 440 969 cumipse
473 916 645 968 Georgio
666 917 815 971 Cyprio
837 917 880 956 in
907 915 1179 970 patriarcham
1211 916 1258 955 ab
1286 916 1530 969 imperatore
1553 916 1702 964 electo,
1732 914 1774 951 in

236 973 538 1026 metropolitam
559 974 863 1015 Heracleensem
882 974 927 1013 in
955 974 1053 1014 aede
1081 974 1216 1013 Irenes
1243 973 1501 1025 inauguratus
1529 979 1607 1014 est:
1641 987 1662 1011 a
1695 984 1772 1023 quo

240 1031 400 1083 quidem
425 1031 622 1071 Germano
642 1032 831 1085 deinceps
850 1033 892 1071 in
915 1031 1118 1085 Sophiana
1140 1031 1254 1070 iuxta
1273 1045 1440 1082 morem,
1471 1031 1599 1070 solitis
1620 1028 1775 1069 adhibi-

239 1089 293 1129 tis
310 1088 456 1127 ritibus
483 1102 530 1127 ac
549 1090 751 1142 precibus,
770 1096 1028 1129 consecratus
1050 1096 1109 1128 est
1133 1089 1344 1140 Georgius.
1376 1102 1554 1129 DUGANG.

357 1148 452 1199 Pag.
485 1146 588 1197 165,
621 1147 686 1189 15.
746 1146 830 1188 Καὶ
847 1163 931 1187 των
948 1149 1181 1188 Λατινικῶν
1197 1143 1344 1200 ἠθῶν]
1378 1147 1538 1199 Cyprus
1567 1147 1672 1186 enim
1693 1151 1778 1184 tum

239 1202 400 1255 regibus
419 1202 567 1243 Latinis
587 1204 766 1257 parebat.
822 1218 900 1244 1³11(
904 1218 997 1244 ΛΜ.

358 1263 592 1315 Pag.166,
626 1265 692 1304 13.
748 1258 860 1303 Ἐπεὶ
881 1261 1016 1316 μέντοι
1046 1256 1273 1318 συνῄεσαν]
1304 1261 1570 1315 Pachymeres
1598 1261 1666 1300 lib
1689 1260 1777 1300 VII.

245 1333 333 1372 cap.
352 1317 482 1357 XXII.
539 1332 711 1361 numme.

362 1372 996 1429 Pag.166‚17.Havv1520v9
1034 1372 1271 1424 τετελεκότες
1320 1369 1502 1426 στασεις]
1566 1376 1781 1428 ffiterpres,

248 1449 337 1474 cum
355 1447 423 1486 per·
443 1441 571 1471 totam
597 1443 748 1473 noctem
770 1435 973 1473 stetissent.
1030 1434 1130 1482 Imo,
1161 1448 1250 1472 cum
1267 1446 1407 1473 sacras
1430 1446 1479 1471 ac
1503 1444 1713 1473 nocturnas
1741 1434 1789 1471 in

249 1488 344 1530 aede
371 1503 489 1528 sacra
519 1489 680 1543 vigilias
710 1492 940 1545 exegissent.
1000 1490 1059 1529 Ita
1084 1491 1188 1529 infra
1220 1504 1307 1542 cap.
1337 1490 1390 1528 Χ.
1420 1486 1494 1530 όσα
1524 1489 1592 1532 τόν
1622 1491 1785 1559 μοναδι-

250 1544 322 1589 κὸν
368 1542 627 1615 ἀπεργάζεται
665 1549 777 1602 βίον,
820 1546 1052 1602 ἐγκράτειαν
1092 1547 1199 1601 φημὶ
1236 1546 1305 1589 καὶ
1344 1543 1504 1594 στάσεις
1538 1543 1784 1600 παννύχους,

251 1600 520 1658 χαμαιεύνης,
551 1611 627 1644 etc.
656 1606 726 1645 ubi
754 1619 916 1644 rursum
946 1605 1049 1645 haec
1078 1607 1181 1645 male
1210 1605 1354 1651 vertit,
1392 1611 1438 1644 ut
1466 1604 1524 1643 ibi
1550 1604 1785 1646 indicamus.

252 1662 355 1703 Vide
378 1662 511 1702 Gloss.
533 1662 639 1703 med.
660 1663 833 1704 Graecit.
855 1663 897 1702 in
920 1665 1173 1731 παννυχίδες.
1231 1676 1406 1702 numus.

371 1722 468 1772 Pag
501 1722 600 1771 167,
632 1723 670 1763 6.
709 1717 873 1763 Τούτων
892 1717 998 1763 ου’τω
1017 1719 1267 1777 γενομένων]
1298 1720 1407 1759 Idem
1421 1718 1607 1773 Pachym.
1619 1719 1690 1761 lib.
1701 1719 1788 1760 VII.

259 1791 345 1831 cap.
369 1776 522 1819 XXXI.
581 1791 758 1818 Dumna.

373 1837 703 1887 Pag.167‚13.
761 1833 896 1888 Μέχρι
914 1838 987 1888 τῆς
1006 1831 1228 1890 Ευγενείου
1251 1829 1410 1888 πύλης]
1440 1832 1540 1873 Vide
1563 1834 1792 1874 Constanti-

260 1905 355 1945 nop.
383 1891 528 1930 Christ.
553 1892 626 1933 lib.
657 1892 688 1933 I.
713 1899 808 1933 sect.
830 1892 899 1932 lv.
926 1907 965 1933 n.
994 1896 1031 1935 1.
1077 1906 1253 1931 Ducam-r.

379 1951 475 2001 Pag
500 1952 594 2001 167,
617 1952 682 1992 18
720 1952 803 1991 Του
824 1949 941 2004 ἁγίου
962 1946 1150 2005 Ἀνδρέου
1160 1945 1318 2015 μονην]
1343 1948 1395 1986 De
1423 1946 1503 1987 hac
1533 1948 1650 1998 aede,
1680 1954 1727 1987 ut
1745 1948 1794 1988 de

263 2004 478 2044 Theodma
512 2006 598 2046 eius
638 2007 880 2057 conditrice,
928 2021 1048 2059 quam
1078 2002 1314 2048 Ραύλαιναν
1341 2019 1361 2043 a
1391 2005 1569 2045 secundo
1609 2006 1794 2058 coniugio

264 2068 387 2102 vocat
402 2061 668 2114 Pachymeres
687 2065 758 2104 lib.
774 2064 881 2104 VIII.
905 2077 990 2117 cap.
1006 2066 1059 2105 X.
1079 2066 1204 2103 multa
1227 2069 1320 2103 sunt
1338 2077 1359 2101 a
1380 2063 1498 2102 nobis
1522 2037 1764 2103 obsero'vata
1753 2078 1794 2102 1n

265 2119 374 2159 notis
397 2119 446 2158 ad
477 2119 548 2162 lib.
577 2122 683 2160 XIII.
715 2122 853 2160 Annal.
878 2122 1055 2161 Zonarae
1085 2136 1121 2163 n.
1147 2122 1196 2160 II.
1227 2127 1267 2160 et
1293 2121 1336 2159 in
1363 2127 1570 2160 stemmate
1592 2122 1794 2162 Palaeolo-

268 2190 421 2228 gerum.
454 2190 625 2218 DUGANG.
681 2179 740 2218 De
759 2178 836 2218 hac
851 2178 1082 2233 Theodpra,
1120 2186 1160 2219 et
1181 2178 1230 2218 de
1254 2177 1400 2230 templo
1422 2179 1460 2216 S.
1482 2178 1663 2218 Andreae
1683 2179 1731 2217 ab
1753 2193 1794 2217 ea

267 2234 504 2283 instaurato,
534 2241 692 2274 exstant
709 2236 752 2276 in
770 2235 910 2275 codice
931 2237 1156 2276 colbertino
1172 2250 1211 2274 n.
1231 2236 1350 2278 5018.
1373 2235 1449 2273 tria
1469 2235 1630 2274 Maximi
1649 2237 1794 2276 Planu-

271 2291 346 2329 dae
367 2290 558 2330 historica
580 2293 900 2344 Epigrammata,
931 2294 1038 2334 edita
1056 2309 1078 2332 a
1097 2292 1298 2343 Ducangio
1325 2293 1364 2330 in
1384 2292 1489 2330 notis
1519 2292 1572 2331 ad
1597 2294 1668 2334 lib.
1690 2293 1794 2334 XIII.

271 2349 473 2400 merae,
502 2348 575 2388 sed
603 2350 917 2391 mendosissima.
972 2353 1033 2392 En
1062 2365 1201 2392 eorum
1225 2362 1350 2389 unum
1376 2350 1600 2402 integrum,
1630 2365 1682 2391 ex
1707 2351 1794 2391 cod.

272 2404 504 2445 Colbertino
525 2407 790 2446 emendatum.

417 2465 539 2504 ΕΙΣ
568 2465 704 2505 ΤΟΝ
726 2466 924 2505 ΝΑΟΝ
951 2465 1311 2505 ΤΟΤΛΓΙΟΥ
1341 2466 1670 2508 ΑΝΔΡΕΟΤ

781 2523 1291 2569 ΗΡΩΕΛΕΓΕΙΟΙ,

592 2592 642 2619 ον
671 2573 883 2644 ἀνήγειρεν
913 2575 1023 2634 αυτῷ
1049 2577 1079 2629 ἦ
1111 2578 1476 2650 Πρωτοβεστιαρία.

399 2632 638 2687 Πειθομὲνη
669 2645 713 2676 σε
732 2631 925 2704 δόμοισιν
955 2635 997 2676 ἔν
1026 2632 1275 2703 ουρανίοισιν
1304 2631 1473 2688 άληθῶς

459 2694 578 2746 Ψυχῇ
606 2706 828 2741 ναιεταειν,
857 2688 1020 2763 Ἀνδρέα
1047 2689 1290 2740 κλεινότατε,

397 2745 482 2788 Καὶ
508 2751 566 2804 τῷ
595 2744 750 2818 σώματι
777 2752 860 2790 σεῖο
888 2764 994 2791 νεων
1023 2747 1246 2803 ἐδομήσατο
1273 2744 1410 2799 τόνδε,

452 2789 653 2848 Κάλλεσιν
683 2801 890 2862 οὐρανίοις
919 2805 962 2849 ἐν
985 2806 1106 2860 χθονὶ
1136 2803 1412 2862 λαμπόμενον,
