1794 3172
181 124 283 182 574
509 129 512 134 ’
633 107 952 183 NICEPHORI
982 131 1307 184 GREGORAE

0 254 5 289 J
19 255 162 295 M.6849
181 249 252 293 καὶ
273 246 421 307 ἀρετὴν
443 245 755 300 ἀθανατίζουσα
773 245 995 303 σκωλήκων
1017 241 1074 290 οὗ
1088 249 1233 291 δίδωσι
1256 244 1435 303 στόμασι
1465 248 1662 306 διαφθεί-

12 306 81 341 Ῑηᾱ·
99 306 122 341 9
181 336 264 379 ρειν
295 316 447 373 ὁμοίως
475 323 563 368 τοῖς
600 316 800 372 σώμασιν.
849 316 955 372 αὕτη
995 318 1253 372 μαινομένων
1281 319 1397 374 δίκην
1424 316 1506 361 ὕπὸ
1536 315 1664 374 τύχης

182 389 252 432 καὶ
276 385 411 445 τύφου
444 386 626 442 ματαίου
655 387 963 444 γαυρουμένους
996 390 1274 444 παρειληφυΐα
1302 390 1386 430 τῶν
1425 385 1663 445 ἀνθρώπων

145 458 325 508 Οένίους
355 455 652 513 μετριωτέρους
682 454 901 513 ἐργάζεται.
947 460 1031 498 τῶν
1059 455 1136 513 γὰρ
1168 453 1429 514 φθασάντων
1458 456 1512 499 τὰ
1539 454 1661 512 πάθη

183 524 273 571 οἶόν
301 542 395 569 τινα
438 525 606 568 πέλεκυν
652 525 887 568 ἐπισείουσα
932 523 1130 568 λανθάνει
1178 523 1371 584 καθάπερ
1414 523 1693 576 διδάσκαλος5

182 594 478 653 παραδυομένη
505 593 610 651 πρὸς
639 594 715 650 τὴν
746 593 913 650 ψυχὴν,
962 596 1029 637 καὶ
1054 594 1187 652 ἠρέμα
1216 593 1293 645 τάς
1312 612 1356 638 τε
1379 593 1523 653 φύσεις
1545 594 1666 650 ἀμέι’-’

180 670 318 721 βουσα
337 664 406 707 διὰ
430 667 507 720 τῆς
540 661 737 719 τοιαύτης
765 664 952 713 παιδείας
984 665 1051 706 καὶ
1080 664 1133 707 τὰ
1156 663 1245 720 ἤθη
1269 663 1558 724 ῥυθμίζουσα,
1594 666 1664 707 καὶ

137 738 139 741 ’
180 736 224 785 ἐξ
243 733 449 778 ἀσυνέτων
467 732 542 787 μὲν
560 732 767 786 συνετούς,
806 733 848 783 ἐξ
871 730 1065 790 ἀφρόνων
1086 735 1111 776 δ
1117 733 1130 749 '
1154 734 1399 791 ἐργαζομένη
1420 735 1662 792 φρονίμους·

180 804 250 846 καὶ
278 800 434 846 οὖτωσί
459 818 548 853 πως
567 802 611 845 ἐκ
631 806 706 846 τοῦ
726 799 965 858 θηριώδους
982 802 1087 859 πρὸς
1114 802 1161 846 τὸ
1186 801 1445 861 ἡμερώτερον
1476 802 1575 854 ὅλας
1587 821 1664 858 με-

180 869 457 929 θαρμόζουσα
496 873 715 922 πολιτείας.
761 870 861 921 τοὺς
886 871 961 925 μὲν
986 871 1065 929 γὰρ
1086 870 1275 928 ἀγαθοὺς
1311 874 1534 930 ἐξαίρουσα
1576 879 1663 923 τοῖς
1676 882 1723 918 10

145 942 370 992 Βέπαίνοις
382 973 397 995 ,
441 940 540 991 τούς
566 941 611 984 δὲ
644 938 831 998 φαύλους
864 941 907 984 ἐν
926 938 1153 997 κακότητος
1176 943 1304 1003 μοίρᾳ
1324 947 1503 996 τιθεῖσα,
1541 943 1663 1000 ἔναρ-

181 1010 381 1067 γε’στατον
406 1016 494 1061 τοῖς
528 1008 738 1067 ὄψιγόνοις
766 1011 915 1067 γίνεται
947 1007 1193 1068 κάτοπτρον.
1232 1009 1288 1062 ὡς
1315 1012 1394 1069 γὰρ
1424 1012 1487 1055 δι’
1511 1012 1665 1056 ἐκείνου

181 1079 439 1137 σαφεστέρας
469 1078 753 1135 λαμβάνοντες
789 1079 865 1129 τὰς
888 1077 1084 1137 ἐμφάσεις
1111 1085 1193 1123 τῶν
1212 1085 1286 1123 τοῦ
1306 1079 1531 1139 προσώπου
1548 1099 1665 1139 χρω-

179 1147 325 1205 μάτων
353 1166 396 1192 τε
428 1150 496 1191 καὶ
518 1146 741 1204 σχημάτων
768 1149 807 1192 οἶ
836 1147 940 1206 πρὸς
972 1149 1075 1192 αὐτὸ
1106 1150 1329 1203 βλέποντες
1357 1151 1665 1208 ἐπανορθοῦσιν

181 1216 284 1261 ὅσον
306 1217 496 1275 ἐφικτὸν,
548 1217 657 1262 οὕτω
693 1216 827 1274 δήπου
859 1219 926 1260 καὶ
950 1218 1019 1260 διὰ
1046 1222 1120 1274 τῆς
1142 1219 1326 1276 ἱστορίας
1347 1227 1435 1271 τοῖς
1455 1225 1664 1276 μετιοῦσιν
1677 1231 1723 1268 15

181 1285 387 1331 ἔντίθεται
416 1285 597 1341 σύνεσις,
642 1289 711 1331 καὶ
739 1283 851 1344 ἦθος
871 1287 1114 1345 ῥυθμίζεται
1145 1293 1306 1345 ψυχῆς,
1345 1293 1413 1333 καὶ
1433 1289 1664 1335 ἀκόλαστον

32 1364 74 1399 V.
95 1365 165 1402 289
183 1361 324 1412 σχῆμα
341 1361 484 1412 θυμοῦ
505 1359 572 1400 καὶ
590 1361 731 1415 φωνῆς
748 1359 817 1400 καὶ
837 1358 996 1412 διαίτης
1018 1356 1233 1413 ἀμείβεταί
1252 1376 1294 1402 τε
1314 1361 1382 1401 καὶ
1406 1358 1666 1404 ἀναπλάττε-

142 1435 253 1471 Εται
281 1426 387 1483 πρὸς
417 1426 466 1470 τὸ
495 1427 685 1482 βέλτιον,
732 1428 800 1470 καὶ
827 1424 1094 1470 λανθάνοντα
1116 1426 1278 1486 φύσεως
1299 1427 1573 1484 ἐλαττώματα
1595 1431 1666 1472 καὶ

178 1493 469 1551 συμπτώματα
499 1494 774 1554 θεραπεύεται
807 1493 1047 1550 πάμπολλα.
1082 1501 1243 1552 μᾶλλον
1271 1499 1405 1541 δὲκαὶ
1426 1497 1664 1557 κατόπτρου

178 1568 318 1623 πολλῷ
349 1562 639 1622 κραταιότερον
669 1565 716 1609 τὸ
747 1569 823 1622 τῆς
853 1565 1038 1622 ἶστορίας
1067 1567 1271 1611 δείκνυται
1290 1565 1508 1625 χρήσιμον.
1545 1567 1725 1625 ἧμὲνέο

177 1634 257 1692 γὰρ
276 1635 429 1692 μυρίας
459 1651 502 1678 τε
533 1636 602 1677 καὶ
632 1633 903 1684 παντοδαπὰς
923 1638 1008 1677 τῶν
1030 1633 1174 1679 ἄλλοτ’
1199 1635 1336 1687 ἄλλως
1354 1638 1574 1693 γινομένων
1597 1640 1667 1681 καὶ

179 1703 481 1759 ἀπογινομένων
504 1703 668 1761 ἀνδρῶν
690 1701 965 1747 ὖποδεικνῦσα
987 1701 1154 1761 πράξεις
1172 1708 1240 1749 καὶ
1271 1705 1419 1764 λόγους
1463 1707 1667 1765 σαφεστέ-

179 1789 257 1831 ραν
282 1772 359 1829 τὴν
386 1776 462 1816 τοῦ
492 1774 702 1829 βελτίονος
731 1774 775 1816 ἐκ
802 1773 1078 1831 παραθέσεως
1104 1775 1182 1832 ἔχει
1215 1774 1407 1821 δεικνύειν
1427 1775 1596 1835 ἐκλογήν
1623 1795 1667 1822 τε

272 1892 331 1930 14.
353 1891 447 1930 αὐτὰ
472 1905 536 1929 em.
558 1892 660 1930 Boiv.
681 1905 746 1941 pro
769 1891 900 1941 αὐτήν.

178 1998 301 2031 tatem.
346 1996 445 2031 Haec
465 1999 531 2040 est,
558 2008 649 2043 quae
672 1996 921 2032 immortalitati
940 1997 1103 2033 virtutem
1122 1997 1278 2042 mandat,
1302 2010 1365 2034 nec
1385 2002 1427 2035 ut
1451 2012 1597 2047 corpora
1615 2000 1668 2036 ita

179 2042 273 2076 illam
294 2054 315 2076 a
330 2044 501 2078 vermibus
521 2043 603 2078 sinit
621 2044 760 2079 absumi.
795 2045 895 2080 Haec
912 2044 1058 2090 denique
1075 2050 1141 2088 est,
1167 2057 1256 2091 quae
1275 2051 1375 2081 nacta
1391 2047 1544 2082 homines
1586 2059 1668 2082 uos-

166 2088 259 2123 '.dam
279 2089 417 2123 fortuna
435 2091 596 2135 fastuque
622 2090 716 2125 inani
748 2091 856 2125 elatos
887 2095 923 2126 et
942 2092 1137 2126 furentibus
1165 2093 1338 2138 proximos
1370 2093 1481 2129 efficit
1508 2061 1669 2129 megera-

180 2134 302 2170 tiores.
348 2135 479 2184 Eorum
498 2138 599 2180 enim,
625 2137 684 2182 qui
701 2143 781 2171 ante
802 2137 951 2179 fuerunt,
976 2138 1190 2172 calamitates
1211 2140 1304 2174 velut
1328 2140 1473 2175 securim
1496 2142 1667 2187 quandam

179 2181 373 2223 intentans,
397 2183 521 2217 sensim
540 2184 576 2217 in
597 2184 724 2217 animos
740 2185 896 2229 obrepit,
921 2185 1022 2229 quasi
1039 2185 1204 2230 magistra
1222 2186 1387 2230 quaedam
1403 2186 1529 2230 latens,
1554 2199 1666 2233 eaque

179 2226 325 2261 docendi
346 2228 478 2263 ratione
499 2234 639 2264 naturas
663 2230 823 2274 paulatim
844 2234 970 2272 mutat,
1004 2242 1114 2265 mores
1143 2231 1324 2275 informat,
1357 2234 1510 2268 homines
1538 2246 1580 2269 ex
1600 2235 1666 2268 im-

178 2273 408 2320 prudentibus
432 2274 620 2330 prudentes
639 2276 750 2318 facit‚
773 2276 933 2311 cordatos
960 2288 1002 2311 ex
1028 2278 1255 2320 vecordibus3
1288 2284 1324 2313 et
1345 2280 1395 2313 sic
1422 2281 1529 2315 ferme
1547 2293 1567 2315 a
1589 2282 1667 2316 fera

167 2319 380 2367 eagrestique
407 2327 482 2356 vita
505 2322 549 2357 ad
568 2323 748 2357 humanum
773 2323 974 2369 civilemque
999 2324 1125 2358 cultum
1149 2330 1241 2359 totas
1268 2326 1410 2360 deducit
1438 2327 1668 2372 respublicas.

181 2366 323 2412 Quippe
339 2367 420 2402 dum
444 2371 480 2402 et
499 2368 607 2403 bonos
633 2369 791 2403 laudibus
810 2370 921 2412 tollit,
948 2374 984 2404 et
1002 2370 1165 2415 improbis
1188 2384 1263 2406 eum
1284 2372 1394 2407 locum
1416 2374 1584 2418 assignat,
1604 2374 1666 2419 qui

179 2412 393 2457 improbitati
411 2414 589 2459 convenit,
614 2415 924 2460 splendidissimum
943 2417 1090 2462 posteris
1109 2418 1284 2462 speculum
1309 2419 1441 2453 existit.
1489 2420 1666 2461 Quemad-

177 2460 312 2494 modum
334 2460 422 2495 enim
443 2461 501 2506 qui
520 2461 556 2495 in
576 2461 749 2508 speculum
771 2462 960 2504 intuentur,
989 2463 1099 2508 ipsius
1120 2475 1187 2510 ope
1206 2464 1388 2499 certiorem
1407 2467 1585 2512 assequuti
1606 2478 1667 2500 co·-

180 2505 368 2549 gnitionem
389 2507 459 2541 oris
478 2507 627 2542 colorum
647 2519 687 2542 ac
705 2508 996 2551 lineamentorum,
1020 2510 1152 2544 vultum
1174 2515 1335 2556 quantum
1353 2512 1387 2546 in
1404 2523 1444 2546 se
1463 2517 1517 2546 est
1533 2513 1667 2556 fingunt

181 2555 219 2585 et
237 2553 434 2597 emendant,
459 2553 509 2588 sic
527 2566 670 2600 prorsus
690 2554 734 2588 iis
759 2555 817 2600 qui
839 2555 883 2590 ad
901 2555 1078 2590 historiam
1107 2557 1276 2591 accedunt
1295 2558 1529 2604 intelligentia
1551 2560 1668 2594 infun-

178 2597 292 2640 ditur,
317 2610 433 2634 eorum
458 2611 569 2635 mores
593 2606 857 2646 componuntur,
883 2602 1005 2643 animi,
1029 2602 1144 2644 vocis,
1169 2603 1264 2638 vitae
1286 2615 1394 2650 prava
1414 2609 1565 2639 mutatur
1586 2617 1668 2640 con-

177 2643 338 2679 formatio
360 2645 622 2693 testituiturque
645 2647 679 2682 in
698 2647 841 2689 melius;
866 2648 1002 2682 occulta
1019 2649 1167 2694 denique
1187 2654 1332 2685 naturae
1350 2650 1437 2685 vitia
1455 2657 1491 2686 et
1509 2652 1666 2686 affectio-

179 2701 242 2725 nes
263 2693 528 2738 quamplurimae
547 2698 722 2729 sanantur.
769 2694 872 2729 Immo
892 2694 1038 2730 historia
1063 2696 1269 2730 efficacioris
1290 2697 1393 2742 longe
1414 2697 1577 2732 utilitatis
1599 2704 1666 2741 est,

178 2747 282 2782 quam
301 2737 347 2772 sit
368 2739 555 2784 speculum.
592 2740 656 2774 Illa
674 2740 763 2775 enim
781 2740 934 2775 infinitas
953 2746 988 2775 et
1007 2741 1106 2787 plane
1126 2742 1282 2777 diversas
1301 2744 1456 2778 actiones
1472 2757 1667 2779 sermones-

178 2792 246 2827 que
267 2783 456 2827 hominum,
481 2786 540 2830 qui
561 2786 621 2820 alii
641 2786 727 2821 alias
748 2787 822 2822 nati
848 2793 926 2822 sunt
954 2800 996 2822 ac
1022 2788 1260 2831 decesserunt,
1286 2791 1330 2824 ob
1352 2789 1468 2824 oculos
1487 2791 1537 2825 sic
1557 2792 1664 2837 ponit,

178 2831 218 2863 ut
232 2829 412 2866 certiorem
433 2832 582 2868 melioris
601 2833 736 2868 consilii
756 2833 927 2870 delectum
947 2839 983 2869 et
1002 2834 1231 2881 cognitionem
1257 2835 1336 2884 ipsa
1357 2836 1541 2873 collatione
1562 2838 1666 2874 facile
