1794 3172
359 150 678 196 HISTORIAE
702 148 1078 195 BYZANTINAE
1106 147 1226 194 XVI.
1243 153 1286 196 7.
1459 143 1559 191 839

77 260 294 317 Ῥωμαίοις
311 259 449 313 ἔδοξεν
468 260 629 318 ἀγαθὸς
659 260 805 312 οἶωνός
831 261 901 303 καὶ
930 262 1103 317 μακρῶν
1132 257 1308 302 ἐλπίδων
1327 258 1556 316 προοίμιον.
1582 265 1621 302 Α.
1638 267 1676 300 c.
1690 264 1780 301 1348

80 331 130 375 τὸ
148 332 224 387 μὲν
245 331 326 389 γὰρ
359 332 556 374 ἐπιοῦσαν
585 331 812 383 δέξασθαι,
845 331 942 387 πρὶν
963 328 990 386 ἢ
1017 329 1324 387 προσδοκῆσαι,
1360 330 1428 371 καὶ
1450 314 1780 396 ἇπο-[Ἣέξξὲψ

82 399 347 459 κρούσασθαι
366 400 442 456 τὴν
465 405 549 444 τῶν
569 402 775 455 πολεμίων
796 399 963 457 ἔφοδον,
985 402 1134 457 μακρῷ
1152 415 1230 441 τινι
1249 395 1555 456 κραταιότερον,

81 469 109 526 ἢ
141 471 350 526 πολεμίων
375 467 519 527 χώραν
550 468 677 512 αὐτόν
703 487 795 512 τινα
821 465 1144 525 καταδραμόντα
1183 465 1426 523 στήσασθαι
1457 465 1558 526 τρό-

55 551 221 587 5παιον.
260 537 323 590 οἷς
350 539 430 596 γὰρ
454 540 497 590 ἐς
521 537 766 595 ὑπερορίους
787 539 1050 595 ἐκστρατείας
1076 534 1464 593 παρασκευάζεσθαι
1474 555 1557 594 ,με-

80 609 321 664 μελέτηται,
355 606 519 659 τούτοις
540 608 593 664 δὴ
621 609 689 651 καὶ
712 612 912 666 περιττῶς
929 625 974 651 τε
1000 604 1116 662 μάλα
1138 608 1206 650 καὶ
1225 611 1419 665 σοβαρῶς
1438 605 1598 650 §nu-F

83 680 227 732 ζεσθαι
247 678 470 738 ἀναγκαῖον
478 711 492 732 ,
523 679 591 721 καὶ
610 676 748 721 πάντα
768 677 872 736 πρὸς
890 677 938 722 τὸ
958 676 1141 727 ἇνενδεές
1156 678 1224 719 καὶ
1244 675 1556 734 φιλοτιμότερον

80 748 125 791 ἔκ
149 751 306 791 πολλοῦ
326 751 401 791 τοῦ
419 745 573 804 χρόνου
595 752 736 802 τελεῖν,
769 746 839 791 ἅτ’
863 748 907 791 ἐν
931 747 1130 806 ἀλλοτρία
1151 750 1202 805 γῇ
1222 751 1432 790 ποιεῖσθαι
1453 746 1555 802 μέλ-

80 821 198 860 λουσι
221 817 297 867 τὰς
321 815 558 875 ὖπαίθρους
580 818 925 876 στρατοπεδείας·
964 814 1025 867 οἷς
1044 818 1113 859 καὶ
1138 817 1174 858 εἰ
1190 820 1355 874 νικῷεν,
1389 816 1556 872 μέτριος

26 900 71 936 10
79 886 156 942 μέν
178 903 241 937 τις
271 886 408 930 ἕπεται
434 885 621 941 ἔπαινος,
655 892 806 943 θαῦμα
831 887 875 931 δ’
908 886 972 941 οὔ,
1007 889 1092 929 τῶν
1110 883 1360 943 παραδόξων
1390 885 1558 936 οὐδενὸς

80 956 388 1013 πεπραγμένου,
425 956 519 999 ἀλλ’
551 955 643 1007 ἑνὸς
671 962 755 1000 τῶν
784 955 865 1000 ὅσα
895 961 980 1000 τῶν
1009 955 1364 1014 προσδοκωμένων
1390 950 1455 1011 ἦν.
1494 953 1556 1006 οἷς

81 1027 107 1068 δ
114 1025 126 1041 ³
149 1026 251 1069 οἷ’κοι
266 1026 519 1083 καθημένοις
540 1023 870 1084 ἀπροσδοκήτοις
887 1025 936 1069 τὸ
956 1025 1151 1080 πολέμιον
1173 1024 1298 1068 ἔπεισι
1315 1028 1413 1078 πῦρ,
1440 1029 1555 1068 θαυ-

79 1094 269 1151 μαστὸν,
296 1097 332 1138 εἷ
356 1096 416 1151 μὴ
446 1097 688 1152 ζημιωθεῖεν
707 1096 755 1140 τὸ
780 1098 862 1155 ζῇν.
902 1097 937 1139 εἲ
967 1096 1012 1138 δὲ
1027 1095 1223 1152 γενναίως
1242 1096 1311 1138 καὶ
1334 1094 1684 1152 εὖθαρσῶςΡ.529

80 1163 479 1221 ἀνταγωνισαμένοις
506 1165 612 1220 μετὰ
639 1163 748 1209 πάνυ
780 1170 929 1223 μικρᾶς
961 1167 1030 1208 καὶ
1052 1169 1127 1221 τῆς
1145 1161 1459 1222 προστυχούσης
1479 1166 1555 1207 δυ-

25 1246 68 1282 15
81 1231 243 1289 νάμεως
265 1234 419 1291 γένοιτο
449 1233 813 1293 ἀποκρούσασθαι,
844 1239 968 1279 τοῦτο
992 1236 1018 1278 δ
1025 1234 1037 1250 '
1065 1234 1147 1291 ἤδη
1166 1235 1236 1277 καὶ
1255 1232 1555 1290 θαυμάζεσθαι

78 1303 216 1355 ἄξιον.>
245 1306 280 1347 εἲ
305 1305 351 1348 δὲ
370 1306 439 1348 καὶ
467 1303 578 1349 οὕτω
598 1303 1010 1363 κατατροπώσασθαι
1029 1304 1210 1362 γένοιτο,
1245 1301 1302 1355 ὥς
1318 1305 1426 1360 μηδὲ
1447 1321 1555 1361 πυρ-

78 1371 210 1431 φόρον
239 1377 474 1432 λελεῖφθαι,
509 1374 558 1418 τὸ
577 1375 629 1431 δὴ
650 1374 880 1433 λεγόμενον,
906 1378 1031 1418 τοῦτο
1053 1376 1080 1417 δ
1086 1373 1098 1390 ²
1123 1374 1287 1418 ἐκείνων
1304 1377 1453 1432 μακρῷ
1474 1390 1552 1417 τινι

76 1443 252 1498 βέλτιον.
309 1443 398 1503 (Ε.)
434 1442 566 1501 Kaio}
591 1445 667 1500 μὲν
687 1445 825 1502 πεζικὴ
856 1448 940 1489 τῶν
957 1447 1138 1501 Περσῶν
1166 1443 1295 1500 ἐκείνη
1319 1441 1492 1498 δύναμις
1511 1444 1555 1493 ἐς

71 1516 204 1555 τοῦτο
226 1509 354 1569 τύχης
380 1512 576 1570 ἐλήλαται
605 1516 674 1558 καὶ
701 1513 942 1573 ἠφάνισται.
978 1518 1055 1569 τῆς
1077 1512 1120 1556 δ’
1144 1512 1311 1568 ἱππικῆς
1329 1510 1501 1555 κατόπιν
1526 1510 1549 1555 ὅ

20 1582 271 1636 Ξοβασιλεῦς
296 1583 339 1633 ἐξ
356 1581 622 1642 Ὀρεστιοῖδος
650 1584 725 1641 τὴν
754 1585 892 1635 δίωξιν
921 1582 1334 1638 κατεσπουδασμένην
1359 1580 1466 1637 μετὰ
1480 1584 1588 1637 χι-Β

77 1652 176 1694 λίων
212 1651 369 1695 ἱππέων
405 1653 658 1709 πεποιηκὼς,
701 1651 920 1710 ἐπειδήπερ
955 1649 1228 1701 ἀσυντάκτοις
1255 1651 1300 1694 ἐκ
1332 1655 1410 1707 τῆς
1442 1652 1554 1702 λείας

75 1719 415 1777 ἀναζευγνύουσιν
438 1721 697 1779 ἐντετύχηκε,
737 1722 837 1773 τούς
866 1723 944 1778 μὲν
974 1721 1237 1778 τριακοσίους
1264 1718 1553 1776 ἀπηντηκότας

73 1787 286 1845 εὐτόλμως
322 1789 442 1848 ἔργον
481 1790 664 1849 ἀπέφηνε
695 1793 866 1851 ξίφους·
911 1788 973 1842 οἷς
1003 1791 1049 1834 δὲ
1075 1788 1298 1848 πόρρωθεν
1319 1789 1551 1833 αἰσθέσθαι

78 1859 311 1916 ξυνηνέχθη
342 1864 419 1916 τῆς
445 1858 607 1916 μάχης,
640 1859 805 1912 τούτοις
828 1862 874 1905 δὲ
902 1864 1013 1920 φυγῇ
1040 1859 1117 1916 τὴν
1134 1860 1342 1918 σωτηρίαν
1359 1860 1455 1916 δίχα
1476 1863 1552 1917 τῆς

17 1938 64 1975 25
75 1929 187 1979 λείας
204 1930 448 1987 πορίζεσθαι
467 1930 662 1987 ἐξεγένετο
683 1929 863 1989 σποράσι
882 1932 951 1974 καὶ
968 1927 1252 1980 ἀσυντάκτοις.

73 2016 161 2051 rium
182 2027 260 2051 esse
274 2016 389 2052 visum
406 2020 474 2060 est,
498 2021 535 2052 et
553 2029 696 2064 magnae
713 2017 790 2064 spei
805 2016 1030 2063 praeludium.
1064 2015 1208 2052 Scilicet
1222 2015 1436 2062 ingruentem
1456 2014 1550 2050 exci—

69 2074 175 2109 pere,
201 2062 400 2110 priusquam
415 2064 643 2110 praevideris,
664 2069 701 2099 et
715 2064 886 2111 repellere
902 2064 1048 2099 hostium
1058 2063 1235 2110 impetum,
1246 2063 1359 2098 virtus
1375 2068 1429 2097 est
1442 2061 1549 2097 multo

72 2109 193 2150 maior,
216 2121 315 2155 quam
334 2110 365 2145 si
383 2110 460 2156 quis
476 2111 571 2146 facta
587 2112 623 2146 in
643 2111 802 2146 hostilem
829 2122 951 2157 agrum
971 2109 1172 2145 excursione
1196 2114 1376 2156 tropaeum
1405 2112 1549 2145 statuat.

69 2155 106 2193 A
126 2156 252 2202 quibus
274 2155 363 2191 enim
391 2157 652 2203 praemeditatis
679 2157 805 2193 bellum
830 2158 996 2193 adversus
1027 2161 1166 2192 exteras
1190 2162 1316 2202 gentes
1346 2161 1548 2202 apparatur,

71 2214 133 2237 eos
153 2202 323 2238 cumulate
343 2207 380 2238 et
399 2203 577 2249 splendide
596 2204 781 2239 instructos
800 2216 878 2240 esse
901 2216 1043 2240 necesse
1061 2208 1136 2247 est,
1159 2206 1196 2238 et
1213 2202 1325 2239 omnia
1349 2203 1394 2238 ad
1410 2202 1547 2248 plenum

74 2248 178 2294 longo
205 2254 288 2284 ante
309 2249 496 2296 diligenter
516 2250 584 2285 sibi
603 2262 843 2296 comparasse3
864 2255 904 2286 ut
927 2251 1054 2297 quibus
1077 2253 1219 2285 externo
1238 2250 1275 2285 iu
1297 2249 1372 2284 solo
1396 2250 1463 2284 sub
1487 2248 1546 2284 dio

71 2295 382 2331 castrametandum
408 2296 477 2332 εἰει
510 2302 547 2331 et
570 2296 598 2331 ii
619 2297 776 2352 quidem,
800 2297 832 2332 si
847 2297 1008 2340 vincant,
1031 2296 1236 2332 mediocrem
1263 2295 1397 2331 laudem
1426 2307 1548 2330 conse-

71 2347 242 2387 quuntur;
264 2354 329 2378 nec
346 2342 487 2385 mirum;
513 2355 590 2378 cum
605 2343 690 2378 nihil
710 2347 851 2391 praeter
869 2343 1074 2392 opinionem,
1098 2355 1217 2379 verum
1234 2343 1270 2378 id
1290 2342 1384 2389 quod
1405 2340 1546 2388 praevi-

71 2399 144 2423 sum
164 2393 261 2431 erat,
285 2394 420 2435 gestum
438 2390 483 2424 ab
501 2389 546 2425 iis
565 2390 685 2425 fuerit.
732 2390 866 2433 Quibus
884 2403 968 2427 vero
986 2390 1076 2426 domi
1092 2389 1309 2432 sedentibus,
1333 2401 1397 2424 nec
1419 2388 1543 2434 opina-

71 2434 132 2476 tis,
160 2435 296 2470 hostilis
314 2435 449 2471 flamma
465 2437 685 2483 supervenit,
708 2437 828 2473 mirum
844 2437 911 2473 uisi
928 2437 956 2472 ii
973 2437 1048 2473 vita
1065 2438 1284 2473 mulctentur.
1331 2434 1435 2478 Quod
1451 2434 1483 2469 si
1497 2434 1543 2470 ii-

71 2480 150 2515 dem
171 2486 312 2518 streuue
334 2482 566 2530 audacterque
585 2484 787 2530 pugnando,
810 2495 920 2530 parva
939 2484 1117 2519 admodum
1142 2487 1179 2519 et
1200 2482 1348 2518 fortuita
1370 2481 1542 2517 hominum

73 2539 213 2570 manua,
236 2529 369 2564 hostem
387 2530 600 2576 repulerint,
623 2530 659 2565 id
677 2530 814 2576 quidem
835 2531 904 2568 iam
926 2530 1152 2566 admiratione
1173 2529 1324 2576 dignum.
1371 2531 1420 2564 At
1437 2528 1468 2563 si
1489 2528 1541 2564 ita

70 2573 332 2618 debellaverint,
354 2579 394 2611 ut
413 2588 478 2611 nec
494 2577 635 2623 ignifer,
659 2577 751 2623 quod
767 2577 883 2620 aiunt,
915 2577 1058 2614 relictus
1079 2577 1139 2619 sit,
1163 2576 1199 2611 id
1214 2587 1300 2624 yero
1317 2575 1420 2620 longe
1439 2586 1542 2621 prae·

71 2619 297 2657 clarissimum
316 2626 381 2656 est.
430 2623 514 2668 (V.)
536 2626 589 2659 Ac
611 2624 783 2669 pedestris
800 2624 935 2672 quidem
949 2624 1011 2659 illa
1027 2623 1213 2658 Persarum
1231 2633 1350 2657 manus
1369 2634 1444 2657 eum
1464 2624 1541 2659 exi-

69 2669 141 2700 tum
156 2667 283 2702 sortita
303 2673 340 2703 et
354 2669 393 2704 iu
410 2669 500 2705 hunc
516 2670 653 2706 modum
670 2670 787 2707 deleta
801 2674 869 2707 est.
914 2670 1115 2717 Equitatum
1133 2675 1248 2705 autem
1263 2669 1341 2715 ipse
1355 2669 1542 2716 imperator

20 2723 24 2728 ’
69 2713 115 2746 ab
144 2713 230 2749 urbe
254 2714 441 2751 Orestiade
468 2728 542 2752 cum
568 2717 742 2764 equitibus
765 2717 858 2754 mille
884 2717 1045 2753 celeriter
1070 2721 1321 2764 persequutus,
1353 2722 1389 2751 et
1405 2722 1446 2752 ut
1460 2729 1500 2753 se
1519 2728 1542 2752 a

68 2758 199 2804 praeda
221 2760 439 2807 recipiebant
458 2762 670 2799 inordinatos
691 2768 834 2807 nactus,
856 2766 1034 2800 trecentos
1050 2762 1113 2819 qui
1134 2762 1301 2797 audacter
1317 2768 1542 2799 occurrerant

67 2805 163 2840 ferro
182 2806 324 2842 delevit.
370 2808 532 2857 Caeteri,
556 2815 633 2846 cum
650 2823 671 2846 e
690 2810 876 2858 longinquo
893 2822 1043 2857 pugnam
1065 2810 1159 2845 illam
1178 2808 1385 2856 sensissent,
1409 2812 1539 2859 praeda

67 2852 214 2896 amissa,
238 2853 397 2900 palantes
414 2855 631 2905 dispersique
649 2858 736 2904 fuga
753 2857 859 2893 saluti
875 2857 1127 2893 consuluerunt.
