1794 3172
256 138 389 189 1088
542 203 543 206 Ἴ
660 142 977 191 NICEPHORI
1009 143 1334 191 GREGORAE

33 259 72 293 A.
86 258 131 292 M.
146 258 239 298 6859
257 252 464 314 ἑκατέροιν
485 253 650 299 ἐκείνοιν
676 251 791 314 αὐτῷ
813 253 1044 311 γενομένοιν
1065 254 1224 301 α’ῗτιόιν.
1283 252 1373 315 (ς’.)
1401 256 1622 301 Πλωτίνου
1642 257 1731 301 τοί-

95 303 201 343 Ind'4
255 343 331 371 νυν
353 321 631 380 ἆκουσῶμεθα
661 321 862 381 πρώτως,
896 325 987 382 περὶ
1018 322 1164 375 οὐσίας
1189 325 1257 368 καὶ
1284 326 1484 383 ἐνεργείας
1506 330 1610 370 θεοῦ
1631 326 1730 371 τάδε

251 392 482 447 διεξιόντος.
518 395 591 447 ,,εἲ
609 390 817 438 ὖποθοῖτό
835 411 898 445 τις
932 392 1096 453 (φησὶν)
1133 392 1302 438 ἑλέσθαι
1328 394 1402 439 τὸν
1427 395 1529 440 θεὸν
1547 394 1731 448 ἀλλάξα-

212 461 360 508 Βσθαι
381 463 456 519 τὴν
486 461 637 506 ἑαυτοῦ
658 460 807 520 φύσιν,
840 461 945 520 μήτ’
967 462 1018 506 ἂν
1040 462 1141 507 ἄλλο
1166 481 1205 507 τι
1227 464 1420 522 γενέσθαι
1447 470 1727 522 βουληθῆναι,

249 531 354 590 μήτ’
378 532 429 576 ἂν
448 530 583 591 ἑαυτῷ
601 532 857 588 μέμψασθαι
866 567 881 587 ,
917 531 974 584 ὡς
989 531 1064 576 ὑπ’
1087 531 1266 591 ἀνάγκης
1288 538 1412 579 τοῦτο
1434 530 1499 591 ἦν.
1546 535 1631 580 ἔστι
1649 535 1758 594 γάρ5

250 602 380 653 ὄντως
400 600 427 658 ἦ
447 601 615 660 ἀγαθοῦ
639 600 764 660 φύσις
787 603 960 660 θέλησις
982 602 1112 646 αὐτοῦ
1125 616 1136 627 ·
1174 602 1238 647 ὅτι
1259 605 1391 661 μηδὲν
1417 600 1469 661 ἦν
1500 604 1599 648 ἄλλο
1609 638 1624 660 ,
1659 607 1730 649 ἵνα

249 671 354 730 πρὸς
372 673 497 719 ἐκεῖνο
519 668 667 730 λεχθῇ.
717 674 753 716 εἴ
769 673 845 728 μὲν
865 668 938 716 οὗν
968 673 1029 729 εἴη
1051 690 1114 723 τις
1134 673 1309 731 ε’νὲργεια
1335 675 1378 718 ἓν
1405 674 1542 734 αὐτῷ,
1579 676 1648 718 καὶ
1676 679 1730 733 τῇ

246 743 423 802 ἐνεργείᾳ
443 742 616 798 θείημεν
634 741 776 797 αὐτὸν,
805 741 900 787 οὐδ’
924 741 975 786 ἂν
997 741 1064 786 διὰ
1085 747 1208 787 τοῦτο
1231 743 1291 800 εἴη
1313 743 1448 801 ἕτερος
1474 745 1628 799 αὐτοῦ,
1660 747 1730 787 καὶ

250 811 326 855 οὐκ
349 810 476 862 αὐτὸς
496 811 626 855 αὐτοῦ
646 810 799 870 κύριος,
835 811 916 871 ἀφ’
939 806 988 855 οὗ
1012 810 1039 869 ἦ
1061 812 1259 870 ἐνέργεια·
1296 811 1358 857 ὅτι
1377 813 1436 870 μὴ
1460 813 1598 871 ἕτερον
1617 814 1730 871 ἐνέρ-

210 887 337 939 Ογεια
361 882 430 924 καὶ
456 878 595 932 αὐτός.
650 882 734 925 ἐπεὶ
760 882 839 940 γὰρ
870 881 991 926 οὐσία
1018 884 1087 925 καὶ
1114 882 1292 940 ἐνέργεια
1323 883 1406 926 ἐκεῖ
1431 884 1612 941 ἐλέγετο,
1651 882 1726 928 δύο
1740 895 1785 931 10

246 968 337 1002 πως
356 950 457 995 ὄντα
467 983 482 1005 ,
516 951 561 994 ἐκ
579 955 652 1007 τῆς
673 953 870 1009 ἐνεργείας
891 952 1029 995 ἐδίδου
1050 951 1127 1008 τὴν
1144 951 1305 996 ἔννοιαν
1325 956 1399 996 τοῦ
1419 955 1562 1011 κυρίου
1579 969 1590 980 ·
1627 958 1728 997 τοῦ-

247 1037 298 1064 το
331 1020 374 1063 δ’
405 1016 456 1076 ἦν
483 1024 537 1078 τῇ
569 1021 690 1081 οὐσίᾳ
723 1020 890 1065 ταύτόν.
933 1021 1002 1064 διὰ
1024 1025 1150 1064 τοῦτο
1183 1024 1252 1065 καὶ
1284 1021 1332 1066 οὗ
1353 1024 1484 1080 χωρὶς
1502 1022 1656 1080 ἐγένετο
1679 1024 1726 1068 τὸ

250 1088 392 1147 κύριον
421 1088 544 1144 εἶναι,
576 1090 674 1133 ἀλλ’
706 1091 809 1134 αὐτὸ
838 1089 989 1134 ἑαυτοῦ
1019 1089 1160 1148 κύριον
1181 1092 1350 1148 ἐλέγετο.
1397 1093 1445 1136 οὗ
1467 1093 1545 1151 γὰρ
1567 1092 1641 1137 δύο
1672 1092 1728 1144 ὥς

244 1157 294 1202 ’ἐν
305 1193 318 1212 ,
350 1159 447 1202 ἀλλ’
469 1160 524 1203 ἕν.
542 1158 589 1215 ἢ
611 1160 690 1218 γὰρ
710 1161 885 1217 ἐνέργεια
906 1157 1060 1214 μόνον,
1095 1159 1123 1216 ἢ
1144 1161 1238 1204 οὐδ’
1271 1160 1377 1213 ὅλως
1399 1162 1587 1220 ἐνέργεια.
1625 1166 1660 1207 εἷ
1679 1163 1723 1207 δ’

249 1227 396 1272 οὓσίαν
424 1227 520 1272 ἄνευ
552 1229 750 1287 ἐνεργείας
779 1247 841 1281 τις
869 1229 998 1286 λε’γοι,
1040 1229 1205 1285 ἐλλιπὴς
1233 1228 1260 1286 ἡ
1291 1231 1398 1288 ἀρχὴ
1431 1234 1498 1275 καὶ
1530 1232 1676 1289 ἀτελὴς
1699 1231 1784 1290 ἦ15

248 1296 481 1354 τελειοτάτη
503 1304 649 1343 πασῶν
666 1299 794 1343 ἔσται.
832 1300 899 1342 καὶ
919 1300 954 1342 εἴ
973 1301 1178 1357 προσθείη
1200 1300 1414 1357 ἐνέργειαν,
1446 1301 1523 1357 οὐχ
1536 1300 1581 1345 (ἐν
1598 1310 1726 1360 τηρεῖ,

208 1367 350 1411 Βᾶλλ’
376 1365 590 1424 ἠλάττωσε
610 1373 661 1427 τῇ
684 1367 920 1427 προσθήκῃ.
969 1370 1005 1411 εἲ
1028 1364 1101 1412 οὖν
1128 1368 1375 1428 τελειότερον
1402 1368 1428 1427 ἦ
1459 1371 1634 1429 ἐνέργεια
1655 1377 1732 1428 τῆς

99 1438 142 1478 V.
159 1440 225 1477 551
252 1437 421 1491 οὐσίας,
462 1435 708 1496 τελειότερον
739 1439 783 1481 δὲ
820 1437 869 1481 τὸ
909 1442 1098 1496 πρῶτον,
1141 1444 1307 1496 πρῶτον
1348 1439 1399 1483 ἂν
1437 1440 1613 1498 ἐνέργεια
1651 1442 1726 1499 εἴη.

248 1507 424 1564 ἐνέργεια
454 1507 525 1561 δὲ,
564 1507 612 1550 οὗ
646 1506 902 1552 δουλεύουσα
942 1507 1085 1568 οὐσίᾳ,
1125 1513 1328 1566 καθαρῶς
1366 1510 1476 1554 ε’στιν
1511 1511 1724 1569 ἐλευθέρα.

249 1577 320 1620 καὶ
349 1574 483 1627 οὕτως
511 1576 639 1628 αὐτὸς
664 1577 770 1635 παρ’
796 1575 926 1621 αὑτοῦ
960 1575 981 1621 ὅ
1013 1577 1139 1631 θεὸς,
1179 1578 1258 1622 εἴτ’
1286 1578 1431 1623 οὐσίαν
1455 1579 1603 1634 εἴποις,
1644 1581 1784 1627 εἴτ’20

248 1645 462 1705 ἐνέργειαν.
498 1645 547 1690 οὗ
568 1647 648 1706 γὰρ
672 1645 746 1691 δύο
756 1680 771 1704 ‚
803 1646 898 1691 ἀλλ’
922 1647 978 1692 ἕν.
1014 1652 1103 1698 πῶς
1120 1647 1198 1707 γὰρ
1222 1647 1274 1691 ἂν
1293 1648 1354 1706 εἴη
1371 1647 1570 1707 βούλησις
1588 1652 1633 1703 ἐξ
1652 1650 1727 1696 οὖ-

343 1745 381 1781 7.
402 1745 518 1795 λεχθῇ
542 1744 652 1794 Capp.
675 1756 739 1794 pro
762 1744 907 1795 ἐλεχθῇ.
1005 1747 1061 1784 12.
1084 1744 1223 1793 ἐγένετο
1247 1747 1336 1785 coni.
1360 1748 1474 1796 Capp.

249 1836 341 1871 quae
381 1825 505 1862 damna
541 1826 609 1863 duo
647 1839 815 1875 arrogans
844 1827 1050 1864 existimatio
1083 1827 1137 1863 sui
1173 1830 1208 1863 et
1250 1827 1389 1864 inscitia
1422 1828 1493 1876 ipsi
1522 1828 1724 1866 intulerunt.

249 1872 351 1916 (VI.)
375 1872 548 1909 Plotinum
573 1874 691 1920 itaque
716 1875 825 1922 primo
849 1875 1046 1918 audiamus,
1070 1875 1114 1910 de
1141 1876 1208 1911 Dei
1236 1876 1430 1911 substantia
1456 1879 1492 1911 et
1521 1878 1725 1923 operatione

247 1917 300 1954 ita
318 1918 551 1955 disserentem.
599 1922 664 1964 „Si
685 1921 800 1967 quis,''
817 1921 941 1968 inquit,
964 1927 1203 1968 „supponeret
1218 1922 1307 1957 velle
1326 1922 1436 1957 Deum
1453 1934 1549 1958 suam
1574 1935 1725 1959 commu-

249 1967 327 1999 tare
346 1970 524 2009 naturam,
547 1979 661 2014 neque
683 1973 765 2003 tunc
780 1968 871 2003 aliud
897 1969 973 2003 fieri
993 1968 1090 2003 Deus
1115 1969 1239 2011 vellet,
1263 1981 1377 2014 neque
1394 1969 1430 2003 id
1454 1969 1521 2004 sibi
1546 1970 1633 2005 vitio
1660 1971 1725 2005 da-

249 2015 326 2063 ret?
349 2012 442 2057 quod
462 2014 656 2049 necessario
677 2015 758 2049 talis
777 2019 878 2050 esset.
934 2016 1025 2050 Nam
1054 2016 1135 2050 boni
1156 2021 1277 2050 natura
1296 2021 1349 2050 est
1368 2027 1494 2051 revera
1512 2016 1579 2051 Dei
1603 2018 1725 2052 volun-

250 2059 327 2091 tas:
349 2058 431 2103 qnia
447 2059 534 2093 nihil
553 2065 648 2095 esset
664 2061 778 2103 aliud,
801 2061 900 2096 cuius
922 2062 1040 2096 habita
1061 2063 1195 2096 ratione
1221 2063 1319 2097 Deus
1340 2062 1429 2097 velle
1451 2062 1637 2098 diceretur.
1683 2063 1724 2099 Si

249 2103 329 2148 quis
348 2103 457 2149 igitur
475 2111 568 2141 esset
586 2106 621 2142 in
638 2119 679 2142 eo
701 2113 818 2150 actus,
843 2112 879 2142 et
898 2119 973 2143 eum
993 2121 1068 2144 esse
1083 2108 1117 2142 in
1136 2113 1214 2143 actu
1234 2120 1456 2154 poneremu8‚
1480 2121 1548 2144 non
1565 2110 1645 2145 ideo
1666 2122 1724 2145 es-

250 2154 306 2184 set
322 2149 409 2185 alius
428 2162 450 2185 a
465 2163 504 2186 se
518 2152 595 2198 ipso
608 2178 618 2196 ,
641 2165 705 2188 nec
729 2153 808 2190 ideo
835 2166 904 2189 non
919 2160 1011 2190 esset
1028 2155 1083 2190 sui
1100 2155 1274 2198 dominus,
1300 2167 1322 2190 a.
1340 2167 1410 2202 quo
1429 2160 1528 2191 actus
1556 2157 1725 2202 procede·

249 2199 326 2230 ret:
348 2197 506 2242 quoniam
520 2199 611 2234 aliud
630 2211 698 2235 non
713 2205 767 2235 est
785 2203 905 2245 actus,
928 2207 964 2236 et
983 2202 1078 2236 aliud
1101 2202 1178 2247 ipse
1195 2202 1305 2238 Deus.
1352 2202 1436 2237 Cum
1461 2203 1549 2237 enim
1570 2203 1620 2237 ibi
1640 2204 1724 2237 sub-

251 2242 382 2277 stantia
403 2247 439 2278 et
457 2250 555 2279 actus
572 2258 650 2281 esse
669 2247 912 2293 quadamtenus
930 2248 996 2283 duo
1018 2249 1236 2291 dicerentur,
1263 2260 1306 2283 ex
1331 2252 1410 2283 actu
1433 2248 1509 2294 ipso
1529 2248 1638 2284 ideam
1658 2250 1724 2283 ali-

251 2287 349 2324 cuius
373 2289 500 2325 domini
520 2291 653 2327 darent.
705 2293 782 2328 Hoc
813 2300 946 2339 autem,
978 2295 1070 2340 quod
1098 2295 1223 2330 domini
1247 2295 1414 2330 rationem
1437 2295 1598 2338 haberet,
1630 2299 1724 2331 esset

251 2334 344 2371 idem
365 2347 441 2371 cum
466 2337 671 2374 substantia.
724 2339 825 2382 Ideo,
850 2353 927 2376 esse
946 2341 1137 2384 dominum,
1158 2353 1225 2376 non
1254 2346 1347 2376 esset
1364 2341 1446 2387 quid
1466 2347 1660 2387 separatum
1680 2354 1723 2377 ac

251 2381 418 2426 divisum3
442 2383 503 2419 sed
520 2384 609 2420 idem
631 2385 810 2432 suiipsius
828 2386 983 2423 dominus
1001 2389 1185 2423 diceretur.
1232 2388 1314 2422 Non
1340 2387 1428 2422 enim
1455 2387 1524 2423 duo
1548 2393 1587 2423 ut
1608 2400 1723 2432 unum,

251 2428 314 2463 sed
332 2441 372 2464 re
386 2428 462 2476 ipsa
483 2442 584 2466 unum
602 2432 728 2467 forent.
773 2434 844 2468 Aut
861 2434 949 2469 enim
967 2440 1064 2470 actus
1084 2435 1254 2469 duntaxat
1266 2458 1277 2477 ,
1302 2438 1363 2468 aut
1381 2433 1475 2469 nullo
1502 2435 1602 2469 modo
1625 2439 1723 2470 actus

252 2479 358 2511 esset.
406 2476 510 2518 Quod
526 2477 650 2523 siquis
671 2479 801 2524 absque
819 2485 923 2523 actu,
946 2493 1008 2516 seu
1028 2481 1251 2528 operatione,
1274 2481 1501 2515 substantiam
1520 2494 1599 2516 esse
1623 2481 1724 2517 dixe-

252 2521 320 2566 rit,
352 2525 437 2557 tunc
466 2523 679 2567 substantia,
704 2537 792 2571 quae
820 2527 1026 2574 principium
1056 2531 1130 2570 est,
1162 2527 1199 2562 in
1225 2526 1342 2572 aliquo
1377 2527 1536 2571 deficiet;
1569 2533 1605 2562 et
1632 2540 1724 2574 quae

251 2567 399 2604 omnium
417 2574 472 2605 est
490 2570 762 2616 perfectissima,
785 2573 853 2608 erit
872 2574 1084 2619 imperfecta.
1116 2574 1188 2608 Iam
1205 2585 1289 2608 vero
1309 2573 1338 2607 si
1357 2573 1434 2619 quis
1453 2573 1485 2608 ei
1504 2574 1722 2610 substantiae

251 2619 367 2650 actum
383 2627 446 2651 seu
464 2616 694 2663 operationem
712 2618 831 2664 addat,
855 2631 923 2654 non
939 2625 1058 2656 servat
1076 2619 1258 2662 unitatem3
1281 2619 1342 2654 sed
1364 2621 1470 2655 hocce
1488 2620 1722 2656 additamento

251 2660 481 2698 substantiam
505 2663 684 2698 imminuit.
728 2665 768 2698 Si
786 2677 869 2711 ergo
889 2672 986 2701 actus
1015 2667 1203 2713 perfectior
1221 2667 1267 2700 sit
1284 2666 1499 2710 substantia,
1524 2671 1560 2702 et
1583 2667 1721 2702 aliunde

252 2707 346 2751 quod
370 2708 514 2757 primum
539 2715 613 2752 ent,
634 2709 720 2745 illud
741 2722 876 2758 quoque
903 2713 951 2748 sit
977 2714 1190 2759 perfectius,
1211 2712 1367 2758 sequitur
1391 2717 1504 2748 actum
1533 2726 1611 2748 esse
1637 2713 1722 2759 quid

250 2752 408 2806 primum.
452 2758 561 2791 Actus
584 2760 696 2792 autem
712 2758 924 2793 substantiae
943 2771 1009 2794 non
1032 2758 1222 2794 inserviens
1257 2762 1311 2793 est
1343 2770 1431 2805 pure
1459 2760 1557 2796 liber.
1602 2759 1651 2794 Et
1670 2761 1723 2795 sic

251 2809 329 2843 lpse
352 2812 373 2836 a
394 2813 432 2836 se
457 2802 536 2848 ipso
557 2802 652 2838 Deus
677 2807 752 2846 est,
776 2804 853 2839 sive
878 2806 1106 2842 substantiam
1122 2805 1239 2845 dicas,
1260 2805 1335 2840 sive
1361 2809 1486 2841 actum.
1534 2806 1613 2842 Nec
1633 2806 1722 2841 enim

251 2844 319 2881 duo
337 2850 419 2883 sunt
430 2873 441 2890 ,
465 2849 527 2885 sed
551 2860 650 2886 unum
671 2850 764 2898 quid.
812 2850 861 2887 Et
879 2863 962 2888 vero
979 2852 1147 2901 quomodo
1163 2851 1283 2887 volitio
1299 2851 1504 2899 procederet
1520 2864 1542 2889 a
1557 2853 1721 2889 substan-
