1794 3172
309 559 924 620 NIKHOEOPOY
977 559 1169 621 ΤΟΥ
1220 557 1710 619 ΓΡΗΓΟΡΑ

460 701 1008 753 P-QMAIKHAEv
1073 698 1567 750 ΙΣΤΟΡΙΑΣ

793 820 836 858 Λ
868 819 1101 859 οΓοΣ
1156 816 1228 856 Io,

266 961 968 1025 NICEPHORI
1074 957 1750 1022 GREGORAE

483 1099 1021 1156 BYZANTINAE
1091 1096 1539 1150 HISTORIAE

622 1231 812 1273 LIBER
847 1230 1132 1271 DECIMUS
1162 1228 1389 1270 NONUS.

749 1446 1273 1486 ARGUMENTUM.

364 1519 559 1565 Imperator
574 1523 609 1555 et
626 1519 794 1555 Palamas
813 1525 926 1555 totam
941 1531 1016 1554 rem
1036 1531 1105 1553 uno
1126 1519 1184 1553 dic
1208 1517 1407 1564 transigere
1425 1517 1578 1564 cupiunt.
1630 1518 1753 1554 Oratio

267 1567 365 1612 apud
397 1567 563 1612 synodum
596 1567 720 1601 habita
750 1579 774 1601 a
807 1567 980 1613 Gregora.
1049 1565 1287 1600 Cantacuzeni
1322 1565 1566 1609 impatientia,
1607 1565 1752 1602 lenitas.

268 1615 457 1655 Palamas,
489 1614 620 1648 ironice
641 1614 734 1648 dicto
762 1614 932 1658 offensus,
959 1613 1135 1657 obstrepit.
1185 1612 1448 1646 Cantacuzenus
1475 1612 1672 1657 Gregoram
1697 1613 1753 1646 in-

266 1661 453 1705 terpellat,
486 1665 521 1695 et
549 1665 589 1695 ut
617 1661 752 1695 brevior
774 1661 820 1695 sit
850 1661 1012 1694 admonet
1035 1659 1143 1704 (Cap.
1170 1658 1222 1702 1).
1270 1658 1464 1702 Imperator
1487 1659 1658 1692 Palamae
1691 1658 1753 1692 uni

261 1708 379 1751 favet.
429 1707 626 1753 Gregoram
643 1708 693 1742 vab
720 1707 880 1742 instituto
906 1707 1075 1741 orationis
1101 1717 1201 1739 cursu
1227 1705 1413 1739 abstrahit.
1473 1705 1631 1739 Liberius
1659 1705 1754 1750 loqui

265 1754 407 1788 solitum
431 1754 556 1800 regiae
575 1753 773 1788 maiestatis
793 1754 990 1788 reverentia
1011 1752 1215 1796 comprimit.
1263 1752 1317 1786 De
1335 1751 1572 1786 constituendo
1592 1752 1754 1796 disputa-

265 1800 374 1834 tionis
394 1805 602 1846 argumento
626 1801 788 1845 utrinque
806 1805 973 1834 certatur.
1023 1801 1286 1833 Cantacu'zenus
1315 1798 1496 1844 Gregorae
1523 1798 1596 1832 tria
1623 1799 1751 1838 obiicit,

267 1846 439 1880 Palamae
456 1847 591 1890 scripta
606 1848 729 1891 quanti
747 1859 771 1881 a
788 1847 974 1881 Palamitis
986 1848 1105 1889 facta.
1157 1845 1336 1889 Gregoras
1362 1856 1462 1878 suam
1491 1845 1629 1878 dicendi
1651 1845 1753 1878 liber-

267 1897 380 1926 tatem
405 1893 564 1935 defendit
590 1894 750 1938 exemplis
770 1897 805 1927 et
823 1893 1034 1926 rationibust
1063 1892 1118 1925 ita
1141 1891 1190 1924 ad
1217 1891 1360 1924 tertium
1382 1891 1617 1924 accusationis
1648 1895 1754 1935 caput

267 1939 464 1982 respondet.
512 1939 658 1982 Resellit
687 1940 747 1980 id,
777 1939 869 1984 quod
890 1940 1006 1984 primo
1025 1939 1099 1972 loco
1123 1937 1289 1971 obiectum
1311 1938 1448 1979 fuerat.
1495 1938 1548 1971 De
1578 1937 1754 1971 Thaborio

266 1985 395 2019 lumine
417 1985 590 2019 dicturum
617 1997 653 2020 se
678 1986 863 2030 promittit.
911 1986 1036 2019 Dicere
1062 1995 1199 2017 exorsus
1226 1983 1369 2017 subinde
1401 1984 1646 2028 interpellatur
1680 1984 1753 2027 (2).

266 2031 484 2065 Prooemium
503 2032 749 2076 disputationis
767 2031 810 2066 de
830 2032 956 2066 lumine
985 2031 1168 2064 Thaborio.
1215 2030 1383 2064 Palamas
1409 2042 1486 2064 eam
1519 2030 1753 2075 quaestionem

259 2079 404 2121 frustra
420 2079 598 2122 proponit.
645 2078 907 2112 Iconomachiae
925 2078 1061 2112 nomine
1077 2081 1232 2110 notatur.
1277 2076 1579 2110 Iconomachorum
1595 2088 1691 2110 error
1709 2077 1753 2110 de

264 2124 408 2159 Domini
427 2125 678 2170 transfigurati
697 2136 812 2160 carne.
862 2125 1036 2158 Theodori
1061 2124 1191 2167 Grapti
1211 2123 1326 2157 verba.
1375 2124 1507 2157 Sacrae
1532 2124 1705 2169 imagines
1728 2134 1753 2157 a

262 2170 453 2205 Palamitis
476 2171 514 2204 in
536 2172 654 2216 ignem
675 2171 860 2205 coniectae.
908 2171 1077 2205 Palamae
1098 2182 1173 2203 cum
1192 2170 1339 2203 Eusebio
1365 2169 1590 2204 Iconomacho
1612 2181 1752 2203 consen-

262 2228 332 2251 sus.
380 2217 547 2251 Palamas
567 2218 675 2262 plu-ra
691 2218 852 2251 increata
870 2218 1009 2252 statuit.
1055 2217 1202 2251 Eusebio
1217 2216 1318 2261 peius
1335 2217 1442 2250 sentit
1460 2217 1497 2251 in
1516 2217 1573 2258 iis,
1597 2227 1685 2261 quae
1708 2216 1753 2249 de

265 2263 436 2305 Lumine,
463 2263 693 2307 Operatione,
717 2264 923 2298 Substantia
954 2264 1097 2305 divina,
1126 2268 1160 2297 et
1186 2263 1412 2296 sacramento
1434 2263 1679 2306 Eucharistiae
1699 2263 1752 2296 lo-

263 2310 393 2354 quitur.
440 2309 610 2344 Palamae
629 2310 792 2355 impietas
817 2322 893 2344 cum
914 2311 1086 2344 Theodori
1118 2309 1248 2354 Grapti
1279 2309 1641 2354 argumentationibus
1670 2320 1752 2343 con-

258 2356 424 2399 ferenda.
482 2355 583 2390 Illius
609 2356 652 2390 de
687 2357 813 2390 lumine
847 2356 962 2401 opinio
997 2368 1099 2402 quam
1134 2355 1287 2389 absurda
1315 2356 1363 2389 sit
1394 2355 1467 2399 (3).
1529 2356 1581 2388 De
1609 2365 1753 2399 corpore

266 2402 429 2445 Domini,
453 2413 500 2436 an
515 2402 708 2437 increatum
719 2403 857 2446 suerit;
881 2407 915 2437 et
934 2403 978 2437 de
995 2403 1197 2443 hominibus,
1220 2413 1303 2446 quos
1323 2401 1491 2435 Palamas
1511 2401 1649 2435 dixerat
1664 2400 1752 2444 ficri

265 2449 450 2483 increatos.
501 2448 613 2483 Verba
651 2449 824 2483 Theodori
855 2449 996 2494 sirapti,
1051 2450 1220 2483 Palamas
1251 2459 1323 2481 una
1355 2459 1430 2481 cum
1457 2448 1604 2482 Eusebio
1630 2447 1751 2481 Icono-

267 2495 393 2529 macho
418 2495 610 2538 refutatur.
657 2495 837 2541 Energiae
867 2507 989 2529 nomen
1013 2496 1056 2530 ab
1083 2494 1252 2529 Eunomio
1276 2494 1531 2535 introductum,
1560 2495 1603 2528 ab
1628 2494 1750 2527 Icono-

267 2542 402 2576 machis
419 2546 615 2586 receptum,
638 2553 662 2575 a
689 2542 840 2576 Palama
863 2547 1062 2577 revocatum
1086 2542 1125 2576 in
1148 2542 1267 2575 lucem.
1318 2541 1490 2574 Theodori
1518 2541 1648 2585 Grapti
1674 2551 1751 2573 cum

268 2588 400 2623 sanctis
419 2588 555 2622 Basilio
576 2593 621 2622 et‘
632 2587 805 2634 Gregorio
829 2600 1020 2623 consensus.
1069 2587 1271 2627 Conclusi03
1304 2586 1488 2621 Palamam
1507 2586 1751 2621 Iconomacho—

269 2645 348 2668 rum
372 2634 533 2681 vestigiis
561 2634 729 2669 insistere.
785 2635 1010 2669 Substantias
1028 2639 1062 2669 et
1084 2632 1288 2679 operationi
1306 2634 1427 2667 eadem
1449 2633 1606 2677 definitio
1629 2643 1751 2666 conve—

267 2680 333 2715 nit.
387 2680 429 2715 Si
447 2692 568 2726 corpus
589 2679 720 2715 Christi
744 2680 982 2726 incorporeum
1007 2686 1042 2716 ct
1067 2681 1261 2715 increatum
1281 2680 1370 2723 fieri
1387 2691 1456 2713 non
1475 2684 1613 2725 potest,
1642 2679 1751 2712 multo

269 2726 380 2760 minus
413 2727 561 2819 ξιιῧηίπίε
596 2737 728 2774 eorpus.
786 2727 854 2771 Qui
879 2727 1010 2764 virtute
1038 2727 1248 2773 proficiunt,
1289 2726 1318 2760 ii
1347 2726 1391 2761 de
1427 2737 1516 2761 novo
1546 2725 1659 2761 creari
1693 2725 1749 2759 di-

268 2777 392 2808 cuntur
476 2797 488 2809 .
