1794 3172
332 144 651 194 HISTORIAE
680 145 1056 196 BYZANTINAE
1082 148 1250 197 XXIII.
1278 155 1318 198 1.
1434 144 1567 194 1087

79 252 214 315 λόγων
228 258 297 302 καὶ
321 257 395 302 τόν
415 258 509 316 περὶ
527 256 758 316 μοναρχίας
780 255 924 317 λόγον,
962 259 1006 304 ἐν
1030 253 1066 322 ᾧ
1083 260 1278 313 πλείστας
1293 257 1469 320 παράγει
1488 261 1566 315 τὰς
1582 275 1621 310 A.
1640 275 1678 310 c.
1694 269 1785 312 1351

77 327 316 386 μαρτυρίας
337 327 381 380 ἐξ
391 325 596 384 Ἑλλήνων
618 325 875 386 φιλοσόφων,
909 333 1092 387 ποιητῶν
1111 348 1156 375 τε
1180 331 1248 375 καὶ
1267 329 1471 390 ῥητόρων,
1501 322 1787 403 oi'glflffiss'ffff‘

80 394 294 455 ὁμολογεῖν
324 395 426 441 εἶναι
456 397 693 454 συνηνέχθη
731 397 790 454 μὴ
828 396 931 454 δύο,
974 400 1084 457 μηδὲ
1117 399 1321 456 πολλοὺς,
1362 401 1462 446 ἄλλ’
1492 402 1563 447 ἵνα

78 463 195 511 θεόν.
234 465 342 517 εἰκὸς
361 467 441 524 γὰρ
470 465 596 527 ᾠήθη
615 473 703 518 τοῖς
731 468 937 520 πλείστοις
969 468 1330 528 ἀξιοπιστοτίρους
1358 469 1461 516 εἶναι
1485 472 1564 524 τὰς

49 539 164 579 5τῶν
182 535 348 594 ἐχθρῶν
365 537 611 594 μαρτυρίας.
650 538 718 580 καὶ
739 537 812 581 τὸν
831 541 1021 583 τοιοῦτον
1041 541 1111 583 καὶ
1131 537 1250 597 ἡμεῖς
1271 537 1451 600 τήμερον
1463 539 1564 601 τρό-

76 622 157 650 πον
169 606 212 649 ἐκ
224 609 302 662 τῆς
321 609 405 649 τῶν
422 603 617 662 θύραθεν
630 604 857 664 ἐπιστήμης
870 607 947 660 τὰς
963 610 1196 668 μαρτυρίας
1218 607 1434 668 ἀγάγωμεν
1453 609 1562 656 κατὰ

73 674 152 731 τὴν
177 672 423 731 ὑπόσχεσιν,
457 674 534 732 τὴν
564 680 684 733 σφῶν
709 675 1004 734 παρωσάμενοι
1037 680 1281 737 θρησκείαν.
1336 681 1446 738 μηδὲ
1475 681 1596 741 γὰρΕ

75 742 178 788 εἶναι
198 748 274 802 τῆς
295 744 525 802 θρησκείας
549 744 627 802 τὴν
655 744 884 803 ἐπιστήμην
897 780 911 802 ,
947 749 1056 805 μηδὲ
1076 746 1243 806 βλάβην
1270 750 1428 796 ἐκεῖθεν
1449 748 1561 810 ῦφο-

75 818 237 871 ρᾶσθαι
266 815 374 872 μηδ’
397 812 588 871 ἡντινοῦν
598 848 613 869 ,
649 814 698 859 οὗ
720 814 880 871 μᾶλλόν
901 834 946 875 γε
968 816 996 874 ἢ
1015 822 1100 863 τῶν
1123 821 1340 878 τροφίμων
1359 819 1413 864 τὰ
1433 822 1561 866 πλείω

20 889 66 925 10
75 883 365 940 κομιζομένους
388 884 432 927 ἐκ
449 882 679 942 βαρβάρων
697 886 767 929 καὶ
795 884 1044 945 ἀλλοφύλων
1061 892 1188 946 γενῶν
1204 903 1215 915 ·
1251 887 1318 940 αἷς
1338 890 1559 948 ἐπενεγκεῖν

72 951 304 1009 ἀξιώσομεν
329 949 457 1004 αὖθις
477 953 554 1004 τὰς
575 957 659 998 τῶν
685 952 810 1012 ἁγίων
820 989 834 1010 ,
874 954 1033 1009 ὁπόσας
1050 959 1119 1002 καὶ
1141 959 1231 1010 οῗας
1251 959 1440 1016 ἐπίτηδες
1459 961 1557 1005 ἐτα-

74 1021 338 1079 μιευσάμεθα
357 1021 562 1081 τράπεζαν
575 1036 587 1047 ·
622 1025 691 1066 καὶ
712 1026 843 1076 δεῖξαι
862 1023 1089 1084 σύμφωνον
1099 1028 1176 1083 μὲν
1185 1029 1362 1080 ἐκείνους
1376 1028 1558 1092 ᾄδοντας

71 1092 197 1148 μέλος
218 1094 287 1136 καὶ
315 1090 556 1150 ἐναρμόνιον
562 1125 577 1146 ,
613 1092 691 1136 κᾶν
717 1100 811 1144 ταῖς
840 1099 924 1139 τῶν
946 1096 1092 1148 λέξεων
1119 1098 1366 1154 σημασιάις·
1400 1098 1475 1144 τὸν
1503 1099 1592 1143 δἘ

70 1159 268 1220 ὑμέτερον
285 1166 501 1218 Παλαμᾶν
520 1159 625 1219 μήτε
647 1160 812 1214 τούτοις
829 1162 933 1221 μήτ’
962 1166 1128 1218 ἐκείνοις
1156 1165 1419 1229 συνᾴδοντα,
1452 1167 1551 1213 ἀλλ’

15 1237 62 1274 15
75 1230 218 1287 ὅμοιον
251 1229 488 1288 πάσχοντα,
525 1229 719 1288 καθάπερ
754 1231 806 1276 ἂν
836 1233 879 1277 εἶ’
906 1251 970 1286 τις
997 1234 1186 1294 νοσώδης
1220 1237 1298 1294 τὴν
1330 1235 1457 1296 φύσιν
1485 1241 1554 1282 καὶ

67 1306 224 1357 χαῦνος
245 1299 447 1360 ὖπάρχων
478 1300 583 1360 ἀνὴρ
611 1303 754 1358 χρείας
782 1300 1054 1360 ἡστινοσοῦν,
1094 1306 1273 1364 εῗληφώς
1298 1305 1552 1365 ὁτουδήποτε

68 1369 279 1429 μάχαιραν
308 1376 384 1428 τῆς
400 1371 552 1423 οἷκείας
571 1369 785 1427 δυνάμεως
801 1371 1050 1432 ὑπερτέραν,
1089 1373 1227 1419 ἔπειτα
1241 1376 1302 1433 μὴ
1323 1374 1552 1434 δυνάμενος

67 1440 250 1485 ἄλλοθεν
260 1475 276 1497 ,
313 1441 359 1485 ἐκ
389 1445 474 1485 τῶν
505 1442 662 1486 οἶκείων
698 1447 865 1500 σαρκῶν
908 1441 1127 1502 ὥμοβόρον
1160 1443 1297 1506 ἐαυτῷ
1333 1448 1549 1505 παρετίθει

66 1508 293 1569 τράπεζαν,
325 1510 452 1561 αὐτὸς
471 1509 620 1554 ἑαυτὸν
640 1509 787 1555 ἱστιῶν
810 1517 1066 1571 μοχθηρῶς,
1100 1513 1178 1557 κάκ
1198 1512 1398 1559 τοιούτων
1426 1521 1549 1574 φιλο-

11 1590 58 1626 20
70 1578 350 1638 φρονούμενος
371 1578 530 1635 πόνων,
561 1577 761 1639 ἑστιάτωρ
784 1583 852 1624 καὶ
870 1582 1083 1638 δαιτυμὼν
1102 1583 1146 1627 ἐν
1165 1583 1305 1644 ταύτῷ
1331 1582 1542 1642 γινόμενος
1566 1588 1609 1627 P·
1631 1591 1703 1628 683

67 1649 195 1701 αὐτὸς
211 1647 346 1709 ἑαυτῷ
355 1682 370 1703 ,
406 1647 463 1700 ὥς
477 1666 521 1706 γε
546 1649 710 1707 εἴρηταί
723 1668 767 1694 τε
788 1652 857 1694 καὶ
874 1649 1093 1710 εἰρήσεται.
1129 1650 1234 1711 ὑπὲρ
1252 1653 1331 1711 γὰρ
1355 1647 1414 1698 ὧν
1430 1653 1549 1711 ἠπεί-

65 1736 180 1777 γετο,
211 1716 372 1763 τούτων
390 1719 621 1763 ἐκπέπτωκε
635 1733 645 1743 ·
681 1719 789 1763 καθ’
814 1714 871 1764 ὧν
893 1722 920 1765 δ
926 1720 939 1737 ²
961 1719 1116 1776 ἐπόνει,
1144 1719 1308 1774 τούτοις
1326 1722 1370 1767 δ’
1392 1721 1546 1769 ἔλαθεν

64 1788 243 1848 ἄθυρμα
264 1787 437 1847 γεγονὼς
460 1788 672 1847 προφανές
686 1802 696 1813 ·
732 1788 910 1848 ἀμφοῖν,
948 1788 1120 1848 οἰήσεως
1140 1789 1228 1848 ἅμα
1247 1793 1318 1836 καὶ
1338 1791 1544 1849 ἀμαθίας,

64 1887 158 1922 inter
178 1886 265 1922 alios
293 1886 367 1923 eius
391 1887 498 1923 libros
518 1899 559 1922 ac
585 1889 760 1923 tractatus
781 1899 884 1923 unum
909 1887 955 1924 de
982 1888 1182 1925 monarchia
1207 1889 1393 1934 habemus,
1414 1890 1454 1925 in
1471 1902 1541 1938 quo

64 1933 212 1982 plurima
237 1946 257 1968 e
285 1934 471 1980 gentilibus
495 1934 731 1980 philosophis,
755 1935 889 1981 poetis»,
913 1939 948 1971 et
974 1936 1193 1979 oratoribus,
1217 1935 1361 1972 adducit
1383 1938 1543 1975 testimo-

63 1981 143 2022 nia,
167 1980 294 2026 quibus
321 1980 380 2015 isti
405 1993 517 2028 neque
539 1982 627 2024 duo,
650 1993 763 2027 neque
789 1982 929 2028 plures,
960 1983 1023 2018 sed
1053 1994 1154 2018 unum
1179 1994 1256 2018 esse
1283 1983 1394 2018 Deum
1419 1987 1541 2030 aperte

64 2027 323 2063 confessisunt.
370 2028 448 2062 Hoc
466 2027 554 2062 enim
574 2039 651 2062 esse
665 2027 850 2063 verisimile
871 2029 1029 2075 putavit3
1051 2028 1265 2064 inimicorum
1284 2029 1417 2065 scilicet
1431 2030 1541 2066 testi-

62 2073 176 2110 monia
194 2073 355 2108 maiorem
380 2074 474 2120 apud
490 2074 653 2119 plurimos
670 2074 773 2110 fidem
789 2075 926 2110 mereri.
980 2076 1112 2111 Eadem
1140 2087 1202 2111 nos
1229 2075 1332 2111 hodie
1355 2076 1493 2113 ratione
1516 2089 1538 2113 e

63 2119 219 2155 scientiis
236 2120 457 2165 profanorum
485 2121 594 2165 petita
615 2120 833 2164 testimonia,
856 2121 947 2156 sicut
976 2122 1123 2169 polliciti
1153 2134 1288 2166 sumus,
1310 2123 1539 2170 proferemus,

63 2166 250 2213 repudiata
266 2169 379 2202 tamen
397 2178 514 2209 eorum
528 2166 709 2212 religione.
754 2169 880 2214 Neque
898 2168 988 2204 enim
1007 2169 1051 2204 ad
1069 2168 1270 2215 religionem
1291 2169 1439 2204 scientia
1454 2181 1539 2216 per-

63 2213 172 2256 tinet3
195 2225 307 2259 neque
323 2213 410 2248 hanc
428 2213 545 2258 potius
565 2213 666 2247 nobis
683 2214 760 2249 fore
783 2214 920 2250 noxiam
947 2215 1119 2263 suspicari
1143 2216 1324 2258 debemus,
1349 2227 1450 2262 quam
1470 2216 1538 2252 ali-

63 2264 191 2303 menta,
210 2271 301 2306 quae
318 2272 339 2295 e
354 2259 511 2295 barbaris
531 2263 568 2294 et
585 2259 787 2305 alienigenis
805 2264 1032 2308 asportamus.
1063 2263 1287 2299 Profanorum
1304 2267 1417 2298 autem
1433 2263 1537 2297 testi-

62 2306 184 2342 moniis
209 2318 287 2341 esse
312 2305 553 2352 subiungenda
571 2318 748 2341 censemus
771 2307 839 2342 SS.
855 2308 997 2344 Patrum
1018 2309 1112 2344 dicta
1137 2321 1361 2356 quaecunque
1377 2308 1537 2343 condidi-

61 2364 139 2388 mus
153 2358 190 2388 et
199 2353 310 2388 veluti
325 2353 370 2388 ad
387 2365 534 2388 mensam
546 2352 690 2398 opipare
698 2353 932 2390 instruendam
942 2357 1099 2392 consulto
1116 2356 1379 2392 asservavimus.
1403 2355 1535 2390 Osten-

62 2399 183 2434 demus
198 2399 320 2442 etiam,
345 2399 533 2445 scriptores
557 2400 742 2445 profanos,
769 2400 870 2445 quasi
889 2402 1080 2448 aequaliter
1099 2403 1227 2438 effecto
1248 2404 1437 2443 concentu,
1462 2399 1531 2436 SS.

60 2445 227 2480 Patribus
247 2445 349 2492 plane
367 2457 518 2481 consona
535 2446 714 2491 proferre,
738 2446 840 2481 etiam
860 2453 1022 2493 quantum
1042 2449 1087 2484 ad
1105 2450 1287 2486 verborum
1305 2446 1533 2493 significatio-

60 2503 145 2526 nes:
166 2496 319 2527 vestrum
338 2497 453 2527 autem
469 2492 642 2528 Palamam
659 2504 772 2538 neque
792 2492 847 2528 his
875 2505 987 2541 neque
1005 2495 1076 2530 illis
1103 2495 1305 2531 concinere:
1329 2493 1390 2528 sed
1413 2492 1465 2528 ita
1490 2504 1530 2529 se

60 2549 206 2583 gerere,
229 2549 271 2573 ac
295 2538 326 2573 si
346 2539 425 2584 quis
445 2550 489 2574 ex
510 2543 637 2574 natura
659 2550 722 2574 sua
742 2538 1036 2584 valetudinarius,
1060 2544 1097 2577 et
1123 2543 1168 2577 ad
1190 2540 1375 2588 quamlibet
1390 2550 1531 2586 operam

59 2595 146 2630 prae
166 2584 330 2630 languore
348 2584 404 2620 ine
428 2588 505 2630 tus,
528 2585 762 2631 cuiuscunque
778 2585 909 2623 demum
927 2599 1064 2631 ensem,
1089 2587 1150 2634 qui
1169 2599 1250 2622 suas
1266 2586 1359 2621 vires
1376 2590 1531 2631 superet,

59 2630 229 2711 arripiam
252 2643 294 2666 ac
315 2630 395 2687 dein
420 2643 461 2675 e,
483 2643 558 2667 cum
582 2632 719 2668 aliunde
735 2643 805 2687 non
827 2633 959 2690 possit,
991 2634 1112 2670 saltem
1140 2633 1288 2680 propriis
1316 2644 1336 2667 e
1367 2631 1529 2686 carnibus

59 2688 123 2712 cru
148 2688 278 2712 1voram
300 2678 367 2712 sibi
382 2689 532 2713 mensam
547 2682 721 2724 apponat,
744 2690 821 2724 lpse
836 2691 876 2715 se
890 2691 1003 2727 ipsum
1023 2680 1111 2716 male
1127 2691 1270 2726 pascens
1282 2704 1293 2721 ,
1317 2681 1354 2713 et
1367 2689 1412 2711 ex
1426 2677 1528 2712 ¹bisce

57 2722 235 2758 laboribus
255 2723 324 2767 suis
342 2724 531 2759 benevolus
546 2730 583 2759 et
600 2724 704 2760 comis
719 2725 796 2771 ipse
814 2725 882 2762 sibi
901 2726 1104 2762 convivator
1124 2725 1222 2760 simul
1240 2729 1276 2758 et
1293 2723 1441 2759 conviva
1450 2723 1527 2765 fiat,

56 2774 98 2804 ut
118 2769 185 2804 iam
202 2769 328 2805 dictum
344 2774 411 2813 est,
432 2774 470 2805 et
484 2770 666 2806 etiamnum
684 2770 831 2811 dicetur.
875 2772 967 2808 Nam
989 2773 1034 2808 de
1053 2773 1178 2819 quibus
1193 2775 1290 2805 tanto
1311 2769 1427 2804 studio
1445 2772 1527 2804 tau-

56 2819 163 2862 toque
187 2816 416 2852 contendebat
442 2829 568 2864 opere,
598 2817 643 2852 iis
671 2817 823 2861 excidit3
846 2822 968 2855 contra
991 2831 1079 2866 quos
1101 2822 1215 2853 autem
1240 2819 1374 2851 tantum
1398 2814 1526 2850 laboris

56 2860 277 2910 impendebat
298 2873 339 2899 ac
355 2862 485 2907 studii,
510 2875 550 2900 se
565 2862 688 2900 iisdem
705 2864 885 2902 manifeste
903 2865 1005 2903 ludos
1028 2867 1155 2902 factum
1174 2874 1242 2899 non
1265 2861 1525 2900 animadvertit:
