1754 3164
191 80 330 158 '1200
720 115 1201 164 ANNOTATIONES.

218 248 222 259 ι
307 225 412 276 Pag.
438 220 546 273 214,
575 223 644 266 23.
672 217 840 276 Ἅτμᾶν]
870 224 932 263 Ita
952 224 1178 278 appellatur
1198 239 1222 263 a
1236 221 1472 277 Pachymer.
1488 223 1638 278 d..cap.
1658 224 1733 266 IX.

195 286 238 325 et
250 280 322 323 lib.
342 282 395 320 X.
417 294 504 333 cap.
525 280 619 319 XX.
637 281 764 320 XXV.
786 288 826 320 et
843 282 914 321 lib.
934 283 1008 322 XI.
1042 296 1130 336 cap.
1149 283 1222 323 IX.
1257 280 1473 322 Othmanes
1499 297 1522 320 a
1537 281 1732 329 Phranze,

192 333 444 392 Ὀτουμᾶνος
468 352 490 377 a
509 338 706 388 Laonico‚
740 336 890 378 Osman
921 355 943 378 a
972 339 1192 392 Phranze‚-
1219 339 1480 389 Leunclavio,
1511 346 1551 378 et
1573 341 1683 390 aliis,
1713 355 1736 378 a

195 410 278 449 quo
298 395 454 435 Sultani
473 395 699 435 otomanici
717 394 903 436 hodierni
921 397 1084 438 Turcici
1107 410 1233 450 genus
1255 397 1424 438 ducunt.
1467 397 1505 438 ls
1529 398 1736 437 Etruculis

193 451 300 494 filius
324 453 416 494 fuit.
451 466 650 495 ‚nucum

308 513 414 565 Pag-
446 512 549 561 215,
584 515 623 554 1.
680 506 745 560 Ἐς
771 509 868 561 τούς
891 508 1104 569 Ἀμουρίου
1134 511 1328 566 διέβησαν
1363 511 1535 566 παῖδας]
1579 512 1737 553 chusan

195 573 238 609 et
257 566 466 608 Mahomet
488 569 519 608 ii
543 575 745 608 vocantur
769 584 790 608 a
814 570 1006 611 Phranze.
1065 571 1264 610 Laonicus
1296 570 1515 621 Gregoram
1539 571 1736 624 sequitur,

193 638 328 678 neque
350 625 507 666 Amurii
533 625 637 666 filios
654 627 854 667 nominat:
884 627 1150 681 Pachymeres
1178 624 1418 682 Ἀμουρίους
1441 627 1639 668 duntaxat
1660 627 1738 666 ha-

193 683 277 724 bet.
334 683 391 723 At
418 684 533 724 cuius
560 685 716 724 Amurii
746 685 818 724 filii
853 686 1063 736 dicantur,
1103 686 1314 726 incertum.
1375 685 1472 725 Nam
1501 700 1553 725 ex
1587 686 1738 740 prioris

193 740 377 788 Amurii,
408 755 527 794 quem
549 756 570 781 a
592 743 745 782 Meleco
769 744 967 783 Iconiensi
997 745 1164 783 Sultano
1188 744 1447 783 interfectum
1474 743 1651 783 diximus
1674 757 1739 782 su-

194 813 272 853 pra
291 798 344 838 ad
365 798 434 841 lib.
459 798 506 840 V.
526 813 613 852 cap.
636 799 766 850 VHL,
791 800 884 840 filiis
906 802 1052 841 unicus
1076 802 1188 841 Halis
1217 800 1439 854 superfuit,
1464 801 1599 841 Amur
1620 802 1739 840 etiam

196 857 436 910 appellatuS,
468 872 491 895 a
509 871 589 910 quo
610 859 653 896 in
675 858 827 911 praelio
850 859 1005 899 deletus
1025 865 1064 899 et
1090 873 1229 899 caesus
1251 859 1449 899 Melecus:
1482 865 1603 911 atque
1619 858 1739 898 huius

197 915 362 954 alterius
388 914 543 954 Amurii
566 915 640 954 filii
667 915 735 956 hic
756 917 862 957 forte
881 917 1178 970 intelliguntur,
1207 917 1278 970 qui
1298 923 1458 955 mortuo
1479 923 1646 969 parente
1665 916 1739 956 has

194 971 430 1025 provincias
461 973 535 1011 sibi
559 975 822 1025 asseruerint,
853 975 1011 1015 tametsi
1031 975 1132 1014 alter
1154 988 1316 1015 rursum
1335 974 1523 1013 Amurius
1550 981 1741 1014 occurrat

195 1030 238 1068 in
257 1030 472 1082 posteriori
496 1031 696 1082 Gregorae
716 1032 910 1082 historia,
944 1033 1014 1086 qui
1037 1047 1088 1072 ex
1111 1032 1270 1072 duobus
1288 1032 1376 1071 istis
1398 1032 1566 1070 secundi
1585 1033 1740 1071 Amurii

198 1100 286 1126 esse
321 1088 522 1141 potuerit,
573 1095 612 1128 et
643 1091 799 1129 Amurii
834 1091 912 1130 sibi
938 1098 985 1130 ut
1010 1097 1126 1143 pater
1159 1104 1305 1130 nomen
1343 1089 1624 1142 adscripserit:
1653 1089 1741 1129 'nisi

199 1144 370 1196 ipsemet
392 1145 445 1183 sit
464 1145 574 1185 Halis
591 1147 718 1186 Amur
735 1147 881 1187 horum
903 1155 1033 1201 pater.
1076 1148 1159 1187 Hos
1179 1148 1359 1197 Arum-is,
1386 1145 1455 1188 vel
1477 1148 1645 1198 Amurii,
1674 1148 1741 1187 vel

201 1202 366 1241 Omuris
392 1202 516 1253 filios,
557 1218 659 1256 quos
694 1205 927 1245 Heracleam
960 1205 1190 1256 Ponticam,
1222 1205 1519 1253 Castamonem‚
1549 1206 1740 1257 Sinopen,

199 1265 242 1299 et
259 1259 357 1299 alias
374 1260 496 1301 urbes
509 1275 599 1300 cum
613 1262 766 1303 ditione
779 1264 881 1302 mari
898 1264 1066 1302 Pontico
1086 1264 1220 1302 vicina
1235 1263 1411 1302 tenuisse
1431 1262 1582 1313 scribit,
1601 1262 1743 1302 Omer-

199 1314 330 1369 oglios
348 1325 468 1358 vocat
487 1320 755 1360 Leunclavius
781 1321 823 1360 in
856 1321 1002 1360 horum
1026 1327 1252 1368 stemmate,
1283 1320 1392 1373 quod
1417 1319 1611 1359 historiae
1645 1334 1743 1361 suae

198 1373 514 1416 Musulmanicae
537 1377 738 1430 praefixit.
803 1377 920 1418 Omer
945 1379 1050 1418 enim
1078 1380 1112 1417 is
1141 1380 1185 1417 in
1214 1379 1424 1417 annalibus
1448 1378 1631 1417 Turcicis
1663 1392 1743 1431 ap-

199 1431 390 1486 pellatur.
448 1434 549 1474 Vide
577 1435 750 1474 eundem
768 1436 1056 1475 Leunetavium
1085 1438 1127 1475 in
1149 1436 1349 1476 Pandecte
1371 1450 1410 1474 n.
1430 1435 1538 1474 XIII.
1567 1450 1743 1478 nucmc.

227 1523 231 1526 .
315 1492 419 1545 Pag.
449 1493 555 1541 215,
586 1497 626 1536 2.
694 1490 748 1535 To*
783 1492 918 1547 μέντθι
944 1493 1036 1547 ἑξῆς
1064 1493 1174 1547 ἔτος]
1205 1493 1439 1546 Pachymer.
1471 1493 1541 1532 lib.
1565 1494 1619 1534 X.
1651 1507 1742 1548 cap.

201 1546 388 1590 XXXIV.
410 1549 577 1589 XXXV.
600 1551 789 1593 XXXVI.
816 1551 887 1591 lib.
914 1552 987 1593 XI.
1023 1565 1114 1605 cap.
1140 1552 1171 1593 Ι.
1197 1552 1288 1593 XX.
1346 1565 1522 1590 numne.

315 1608 421 1660 Pag.
451 1610 553 1658 216,
588 1613 651 1651 11.
696 1606 841 1661 ’Έτυχε
876 1607 920 1650 δὲ
948 1625 1077 1662 τηνικ.
1112 1608 1319 1661 ἐπιδημῶν
1346 1612 1398 1663 τῇ
1429 1610 1519 1661 βασ.
1559 1607 1629 1649 καὶ
1669 1611 1744 1661 τῆς

202 1658 298 1706 κατ’
316 1663 410 1717 Αἴγ.
431 1660 728 1719 Ἀλεξανδρείας
748 1665 773 1708 ὅ
792 1666 935 1721 πατρ.]
957 1667 1204 1706 Exercuerat
1222 1666 1291 1705 hic
1308 1666 1389 1705 iam
1411 1672 1510 1715 tum,
1542 1672 1581 1705 et
1604 1672 1744 1718 postea

204 1735 366 1775 quoque
386 1724 571 1761 exercuit
595 1737 737 1775 graves
764 1724 993 1763 inimicitias
1016 1739 1107 1763 cum
1139 1724 1355 1763 Athanasio
1384 1722 1615 1777 patriarcha
1635 1725 1745 1762 Con-

204 1780 584 1832 stantinopolitano,
617 1781 668 1820 de
692 1782 837 1834 quibus
864 1781 1130 1835 Pachymeres
1162 1781 1352 1821 historiae
1375 1782 1553 1822 Andron.
1582 1781 1651 1820 lib.
1672 1781 1742 1821 III.

206 1851 296 1890 cap.
318 1837 366 1877 V.
389 1837 458 1876 lib.
477 1837 544 1879 IV.
570 1852 659 1892 cap.
685 1840 761 1880 ult.
790 1839 862 1880 lib.
883 1840 930 1878 V.
960 1853 1047 1892 cap.
1071 1842 1163 1880 XX.
1193 1841 1261 1878 lib.
1284 1840 1369 1881 Vll.
1390 1853 1477 1891 cap.
1502 1839 1613 1878 VIII.
1673 1839 1745 1877 At-

205 1909 285 1947 que
303 1893 338 1933 is
358 1893 520 1934 videtur
542 1909 641 1947 esse,
663 1896 714 1935 ad
735 1911 852 1949 quem
876 1903 1003 1936 exstat
1014 1897 1269 1949 Pachymeris
1291 1897 1462 1949 epistola
1480 1897 1523 1935 in
1547 1896 1656 1935 calce
1669 1897 1745 1934 Co·

207 1952 311 1990 dicis
332 1952 441 2004 Regii
463 1954 591 1997 2885.
641 1954 781 1993 Exstat
812 1954 930 1994 etiam
959 1955 1003 1992 in
1034 1955 1182 1995 Codice
1215 1956 1338 2006 Regio
1366 1950 1744 2010 (otim'selteriano)

205 2009 279 2049 sol.
310 2010 562 2066 632Relatio
587 2010 792 2051 Athanasii
830 2008 1084 2064 patriarchae
1118 2011 1548 2065 constantinopolitani
1580 2011 1630 2050 ad
1663 2012 1745 2049 im-

206 2072 436 2121 peratorem
465 2066 568 2122 πρός
597 2067 693 2118 τούς
720 2068 994 2122 χειρωθέντας
1029 2075 1173 2125 φορεῖν
1202 2068 1278 2123 τήν
1313 2066 1532 2123 μάχαιραν,
1566 2075 1643 2108 etc.
1676 2067 1746 2109 καὶ

207 2122 302 2178 περὶ
318 2127 392 2165 τοῦ
414 2120 571 2179 Τύρου,
600 2126 670 2167 καὶ
691 2129 765 2167 τοῦ
784 2125 1101 2181 Ἀλεξανδρείας,
1132 2125 1244 2176 ὅπως
1274 2127 1492 2177 ἕξέλθωσιν
1511 2126 1555 2167 ἐκ
1581 2129 1655 2179 τῆς
1676 2121 1746 2167 πό-

208 2184 319 2229 λεως.
378 2181 423 2221 Ιη
450 2197 495 2221 ea
524 2184 732 2223 Relatione
752 2183 994 2223 Athanasius
1016 2185 1480 2238 Constantinopolitanus
1505 2183 1547 2223 in
1570 2183 1747 2223 Athana-

209 2240 314 2278 sium
334 2237 651 2280 Alexandrinum
684 2242 826 2281 acerbe
846 2241 1076 2295 invehitur3
1105 2243 1202 2282 item
1221 2243 1265 2281 in
1296 2243 1530 2295 episcopum
1556 2242 1675 2294 Tyri,
1706 2246 1746 2280 et

210 2296 252 2335 in
273 2296 373 2334 alios
397 2298 605 2348 quosdam.
663 2299 753 2337 Non
777 2299 924 2338 mirum
941 2301 1096 2352 itaque,
1125 2301 1158 2339 si
1182 2300 1475 2339 Alexandrinus
1502 2298 1745 2338 Athanasius

211 2354 700 2408 Constantinopolitanum
719 2358 893 2409 satyrica
914 2358 1061 2397 fabella
1081 2357 1330 2410 perstrinxit.
1388 2370 1543 2397 Belle.

326 2412 432 2464 Pag.
463 2415 565 2463 217,
598 2414 664 2456 15.
726 2414 988 2470 Θευδέριχον]
1020 2415 1279 2454 Fredericum
1305 2414 1374 2453 hic
1403 2420 1440 2453 et
1463 2414 1569 2454 infra
1598 2414 1747 2465 legen-

210 2467 329 2519 dum,
357 2469 420 2508 uti
446 2483 568 2524 supra
586 2471 824 2513 monuimus.
888 2474 942 2512 De
963 2472 1044 2511 hoc
1070 2473 1176 2512 bello
1201 2473 1306 2511 inter
1327 2472 1516 2512 carolum
1537 2479 1576 2511 et
1591 2471 1746 2510 Frede-

210 2525 344 2566 ricum
364 2530 511 2577 passim
532 2534 654 2578 agunt
672 2528 875 2572 Historici.
933 2544 1109 2569 DUCANG.

324 2586 427 2639 Pag.
457 2589 562 2634 217,
594 2588 659 2628 17.
717 2588 887 2636 Μιλίοις
906 2585 955 2628 ου’
980 2586 1102 2629 πλέον
1127 2582 1329 2638 ἀπέχουσα
1347 2589 1419 2638 τῆς
1437 2582 1609 2640 ἠ’πείρου
1629 2580 1744 2638 τριά-

212 2640 361 2694 κοντα]
404 2641 439 2681 Α
462 2642 646 2694 Scyllaeo
673 2645 948 2695 promontorio
985 2645 1036 2684 ad
1061 2644 1280 2684 Messanam
1321 2645 1461 2682 urbem
1499 2644 1567 2682 vix
1605 2656 1747 2682 nume-

212 2705 356 2738 rantur
377 2699 464 2738 XV.
491 2700 615 2739 millia
645 2700 779 2739 Italica
789 2730 802 2750 ,
847 2716 1077 2755 quanquam
1107 2703 1255 2741 fretum
1289 2716 1333 2740 ea
1363 2707 1476 2753 parte
1511 2701 1747 2740 latissimum

215 2756 277 2794 sit.
323 2756 372 2795 In
394 2757 545 2796 Codice
571 2757 718 2808 Regin,
748 2772 825 2810 pro
853 2761 1000 2813 μιλίοις
1030 2755 1080 2801 οὗ
1100 2759 1241 2810 πλέον,
1273 2759 1418 2810 legitur
1437 2759 1623 2804 σταδίους
1654 2754 1746 2797 (ἔπε’-

214 2826 342 2867 χουσα
363 2817 438 2869 τῆς
465 2809 638 2871 ἠπείρου
668 2811 737 2859 σλ’.
762 2816 804 2856 id
837 2824 918 2870 est,
948 2816 1091 2858 stadiis
1122 2815 1299 2858 ducentis
1323 2826 1359 2856 et
1379 2817 1544 2870 triginta
1577 2814 1744 2864 distans,
