1794 3172
532 196 1019 245 ANNOTATIONES.
1402 193 1428 240 1
1438 194 1462 240 1
1469 195 1533 241 77

8 300 106 352 neg.
125 299 284 346 30584.
313 300 439 346 3502.
460 308 539 342 etc.
572 303 620 343 In
641 304 792 344 codiee
813 304 967 348 25252.
995 304 1069 347 fol.
1087 308 1185 350 282.
1202 304 1253 346 V.
1269 311 1421 360 septem
1443 306 1535 346 anni

9 364 164 397 tantum
190 359 226 400 ei
249 358 502 413 patriarchae
525 361 772 401 tribuuntur.
829 375 985 401 telvm.

125 419 221 469 Pag.
255 420 347 466 130,
378 420 418 459 9.
484 414 565 459 Τόν
586 433 628 459 τε
655 415 990 472 Μελιτηνιιᾶτην]
1021 419 1152 468 Quem
1173 433 1263 459 cum
1283 419 1417 460 Vecco
1434 421 1538 473 lega-

9 478 96 512 tum
119 481 232 512 antea
254 474 415 512 misen-at
438 475 487 513 ad
508 475 547 513 S.
568 475 818 515 Ludovicum
844 477 1035 516 Franciae
1065 491 1220 528 regem,
1252 491 1333 530 quo
1351 478 1537 519 Carolum

9 530 176 569 fratrem
195 545 216 569 a
237 531 413 569 consiliis
433 539 633 571 averteret
645 548 657 584 ;
684 541 730 573 ut
757 540 900 572 auctor
921 539 981 572 est
1008 533 1273 587 Pachymeres
1291 535 1362 574 lib.
1381 535 1427 574 V.
1448 550 1536 589 cap.

8 587 81 626 IX.
112 600 229 639 quem
263 587 422 639 quidem
455 589 730 639 Ludovicum,
768 597 816 629 ut
843 589 923 629 hoc
952 590 1082 630 obiter
1118 591 1332 644 adnotem,
1378 595 1539 645 πρῶτον

9 642 109 686 ὄντα
137 644 208 686 καὶ
235 645 341 699 ῥῆγα
357 645 617 698 τετιμημένον
640 643 841 700 α’ρχῆθεν,
872 646 941 688 καὶ
970 647 1038 689 ἐπὶ
1059 646 1324 702 μεγαλειότητι
1356 648 1541 700 ἐξουσίας

8 697 259 755 τιμώμενον,
287 700 390 754 πρός
408 701 452 742 δὲ
469 702 539 743 καὶ
558 701 653 751 τούς
666 703 841 757 τρόπους
859 701 1011 755 adadu,
1041 714 1174 745 vocat.
1229 720 1408 746 nocane.

127 760 225 812 Pag.
259 762 354 808 130,
387 763 452 802 11.
512 763 551 800 Γ
545 758 713 814 ειόργιον
746 761 790 802 ἐκ
820 759 1018 814 Κύπρου]
1063 763 1263 815 Dignitate
1293 766 1540 816 Πρωτοαπο-

11 811 244 869 στολᾶριον,
281 823 329 855 ut
359 822 418 855 est
446 817 553 870 apud
589 817 875 870 Pachymerem
907 819 980 860 lib.
1007 819 1055 859 V.
1083 833 1171 872 cap.
1198 819 1292 860 XII.
1329 821 1462 862 XXII.
1492 836 1540 861 ac

11 871 157 911 deinde
191 872 462 926 patriarcham
490 875 978 928 Constantinopolitanum
1009 876 1208 916 effectum.
1262 877 1323 916 Ita
1355 879 1456 918 alter
1487 892 1540 919 ex

11 929 304 970 archidiaconis
335 931 502 970 Palatini
538 932 636 972 cleri
682 933 966 985 Evangelium‚
1014 936 1116 974 alter
1151 934 1393 988 Apostolum
1431 937 1540 988 legit.

10 1001 186 1028 numo.

129 1047 226 1099 Peg.
258 1046 354 1094 130,
386 1048 452 1090 11.
510 1042 892 1102 Συνελειτουργήκει
911 1044 985 1100 μὲν
1013 1041 1091 1090 οὖν
1116 1049 1199 1088 τῶν
1218 1044 1385 1090 πάντων
1405 1045 1543 1099 οὐδεὶς

11 1105 97 1151 τοῖς
116 1105 191 1143 τοῦ
215 1100 399 1155 noima]
429 1102 576 1142 Fateor
594 1118 658 1142 me
684 1118 764 1142 non
786 1105 880 1144 satis
904 1106 1063 1157 assequi
1083 1105 1180 1157 qnid
1199 1106 1275 1144 sibi
1299 1107 1408 1147 velit.
1442 1107 1543 1161 Φρέ-

13 1175 95 1214 ριοι
115 1159 298 1198 fortassis
321 1165 415 1198 sunt
446 1158 626 1208 Fratres,
657 1160 737 1200 hoc
756 1168 816 1200 est
837 1161 1042 1212 monachi,
1073 1162 1145 1215 qui
1177 1163 1357 1202 Latinam
1382 1164 1544 1204 Missam

12 1217 215 1270 permissu
238 1217 493 1270 imperatoris
514 1219 781 1259 celebrarunt.
840 1220 918 1259 Sed
939 1219 1040 1259 haec
1067 1233 1118 1258 ex
1139 1220 1202 1270 iis,
1227 1234 1328 1273 quae
1350 1235 1371 1260 e
1387 1221 1545 1275 Pachy-

12 1274 138 1314 merio
158 1275 208 1314 de
237 1273 452 1314 Metochite
473 1281 658 1314 annotata
689 1282 805 1324 sunt,
835 1277 1118 1329 intelligentur.
1147 1290 1346 1318 WOLPIUS.
1402 1279 1545 1318 Verte-

11 1338 78 1371 rat
98 1331 286 1381 wolfius,
316 1329 465 1371 Nullus
484 1342 614 1370 tamen
637 1347 768 1372 eorum
789 1335 961 1373 omnium
980 1332 1036 1372 αᾶ
1058 1336 1191 1386 Papae
1217 1336 1406 1375 rationem
1429 1334 1543 1375 litur-

9 1389 125 1442 giam
147 1387 367 1429 celebravit.
427 1388 672 1428 Vertendum
694 1390 750 1428 ita
772 1396 818 1429 ut
835 1390 1045 1432 edidimus.
1102 1404 1256 1430 nomn.

131 1448 226 1499 Peg.
258 1449 352 1494 130,
385 1447 450 1488 13.
514 1449 604 1486 Τῶν
630 1448 815 1500 Φρερίων
840 1446 968 1500 τινὲς]
999 1448 1212 1501 Expressit
1237 1461 1379 1487 vocem
1412 1449 1543 1488 Galli-

15 1516 101 1541 cam
121 1501 276 1553 ΕΓὲι-εε,
311 1502 514 1555 quomodo
534 1509 620 1542 tum
646 1504 961 1555 indigitabantur
978 1518 1029 1544 ex
1057 1506 1200 1544 ordine
1221 1506 1260 1543 S.
1280 1505 1484 1544 Francisci
1504 1513 1544 1545 et

14 1560 56 1599 S.
88 1560 284 1599 Dominici
315 1558 511 1599 monachi.
569 1559 620 1598 Hi
652 1575 776 1614 porro
819 1561 1196 1614 Constantinopolin
1237 1562 1482 1602 advenerant
1518 1578 1541 1601 a

16 1616 211 1668 Gregorio
228 1616 364 1666 missi,
391 1617 434 1654 in
455 1617 598 1669 quibus
620 1626 705 1657 erat
726 1618 894 1657 Ioannes
914 1619 1142 1658 Parastron.
1198 1632 1373 1659 uocaus.

130 1671 233 1727 Pag.
265 1677 363 1723 130.
396 1676 462 1716 14.
518 1671 599 1714 Διοὶ
635 1677 883 1728 χειροτονίαν
911 1674 1043 1727 τινὸς]
1082 1676 1307 1728 Interpres,
1347 1676 1542 1731 suffiagt'o

14 1727 224 1771 cniusdam
244 1729 576 1786 efamiliaribus:
618 1732 934 1783 emendavimus,
963 1743 1124 1788 propter
1154 1730 1442 1772 ordinationem
1471 1748 1543 1772 cu-

14 1784 172 1826 iusdam
195 1803 216 1827 e
236 1789 330 1828 suis.
387 1802 562 1829 nocuo.

128 1842 230 1899 Ροε-
262 1847 357 1894 130,
391 1849 455 1889 16.
507 1840 583 1886 ³Hv
611 1843 794 1901 ἀδελφή]
825 1846 1058 1900 Pachymer.
1073 1847 1143 1886 lib.
1163 1847 1211 1886 V.
1230 1845 1404 1900 cap.III.
1444 1845 1543 1885 Vide

16 1907 184 1942 stemma
203 1902 531 1954 Palaeologorum
549 1903 592 1942 in
612 1903 750 1943 Famil.
772 1905 940 1957 Byzant.
995 1918 1167 1946 nucum.

136 1971 232 2022 Pssg·
265 1973 369 2021 180,
402 1975 467 2015 19.
529 1971 602 2028 Τῷ
636 1974 710 2025 τῆς
748 1975 933 2028 Ζαγορᾶς
964 1970 1153 2026 ἄρχοντι]
1199 1970 1410 2024 Bulgariae
1444 1970 1543 2023 regi.

17 2025 101 2065 Cur
120 2040 244 2078 porro
274 2028 452 2080 Zagurae
478 2042 592 2082 reges
616 2030 848 2070 dicerentur
873 2030 1075 2081 Bulgariae
1100 2029 1328 2083 principes,
1367 2028 1544 2068 diximus

15 2083 59 2122 in
80 2084 299 2124 eorundem
326 2099 465 2137 regum
493 2087 618 2137 serie,
648 2102 687 2126 n.
718 2087 843 2128 XVII.
903 2087 1004 2127 Vide
1025 2094 1230 2140 praeterea
1258 2085 1544 2125 Leunclavium

16 2140 280 2180 inPandecte
307 2142 425 2183 Ture.
447 2157 488 2182 n.
507 2144 696 2183 XXXIII.
720 2145 813 2184 etin
835 2144 1104 2184 Onomastico.
1161 2156 1336 2183 nocane.

134 2211 233 2264 Pag.
266 2213 361 2261 130,
390 2215 458 2255 22-
515 2206 584 2253 Ἐν
616 2210 802 2268 τούτοις]
858 2213 1089 2268 Pachymer.
1122 2212 1191 2252 lib.
1234 2209 1304 2251 VI.
1345 2225 1435 2265 cap.
1473 2210 1543 2250 III.

16 2278 230 2378 Ducnlt'lig·
261 2327 357 2375 131,
390 2329 427 2368 1.
472 2323 634 2381 ’Ὄνομα
660 2325 884 2382 Λαχανᾶς]
922 2309 1003 2368 Gur
1029 2327 1073 2367 id
1096 2313 1138 2366 'ei
1159 2325 1330 2366 nominis
1357 2323 1543 2374 inditum,

17 2379 174 2420 indicat
192 2381 291 2421 ibid.
312 2382 589 2437 Paehymeres.
646 2385 748 2425 Vide
766 2393 930 2426 stemma
949 2385 1219 2438 Bulgaricum·
1276 2394 1447 2422 „uomo-

141 2452 238 2504 Pag·
270 2454 366 2500 132,
396 2456 435 2495 6.
482 2450 615 2494 ’Ὅθεν
646 2451 882 2510 ἐπειδήπερ]
922 2453 1152 2507 Pachymer.
1184 2451 1255 2491 lib.
1287 2450 1334 2489 V.
1370 2461 1456 2501 cap.
1491 2446 1542 2490 V.

17 2505 89 2544 lib.
112 2505 176 2545 VI.
202 2520 293 2561 cap.
311 2508 378 2547 IV.
399 2509 446 2549 V.
503 2523 678 2549 nocane.

133 2573 301 2618 Ibidem.
359 2576 385 2619 o‘
403 2575 522 2633 λόγος
543 2576 734 2631 φθάσας]
765 2578 875 2619 Libr.
893 2578 966 2618 III.
988 2593 1075 2632 cap.
1093 2578 1143 2618 11.
1167 2581 1259 2617 sect.
1279 2574 1319 2617 4·
1357 2584 1513 2612 BOWH‘·

134 2646 230 2697 1³⁰6·
262 2647 356 2692 132,
386 2650 427 2689 6-
488 2644 570 2689 Τόν
588 2650 665 2688 τοῦ
680 2643 805 2688 Ἀσᾶν
832 2643 1060 2701 ἀπόγονον]
1090 2647 1241 2698 Mytzes
1267 2640 1409 2681 Asanis
1432 2653 1543 2678 soro·

19 2713 104 2738 rem
139 2701 312 2740 duxerat
349 2716 538 2750 uxorem,
574 2711 621 2743 ut
651 2705 802 2743 dictum
833 2717 977 2757 supra,
1003 2705 1074 2744 lib.
1099 2702 1169 2741 ΙΙΙ.
1200 2713 1286 2752 cap.
1304 2698 1357 2736 Π.
1384 2702 1480 2736 sect.
1502 2696 1542 2738 4.

21 2757 104 2796 Cur
125 2757 261 2810 itaque
278 2771 368 2798 eum
388 2761 584 2813 Gregoras
609 2757 815 2815 a'miyovov
835 2759 984 2802 vocat?
1011 2772 1162 2800 nomm.

136 2828 230 2880 Peg·
262 2831 357 2878 132,
390 2832 456 2874 18.
511 2825 697 2881 Ἀπονητὶ
718 2824 761 2869 δ’
780 2827 802 2870 ὁ
817 2825 962 2881 Ἀσᾶν]
1001 2826 1189 2879 Pachym.
1207 2823 1276 2864 lib.
1300 2822 1344 2863 V.
1365 2835 1453 2875 cap.
1473 2819 1542 2859 111.

15 2879 91 2919 lib.
115 2881 184 2922 VI.
206 2897 294 2936 cap.
316 2884 347 2925 l.
363 2885 415 2927 11.
440 2886 522 2925 V11.
540 2887 643 2927 v111.
660 2886 731 2925 IX.
787 2899 959 2925 nocane.

115 2948 335 2995 Nicephorius
355 2951 505 2998 Gregor.
535 2953 610 2987 Vol.
634 2952 681 2986 11.
1213 2937 1270 2981 75
