1794 3172
329 142 643 195 HISTORLAE
666 135 1054 186 BYZANTINAE
1066 137 1185 183 XVI.
1206 140 1246 185 4.
1430 129 1543 179 817*

55 257 167 310 ζουσι
186 252 364 309 λείψανα
384 250 504 310 μόλις
526 250 754 307 Ῥωμαϊκοῦ
767 284 781 305 ,
818 250 914 306 δίχα
934 249 1189 307 προαστείων
1210 248 1284 291 nal*
1307 240 1431 291 αὗται
1458 247 1540 291 καὶ
1556 259 1645 292 Αῑοὲ
1662 255 1752 294 1347

52 329 138 369 τῶν
167 323 440 382 ὀφειλομένων
467 319 694 380 προθύρων
717 322 774 371 εἷς
800 319 1024 375 εὖκοσμίαν
1050 317 1262 374 πολιτικὴν
1270 340 1291 371 ,-
1328 319 1398 360 καὶ
1425 306 1752 388 πρόςωῐὲὲηαοῗὼ

53 410 99 451 γε
122 399 297 450 μακροῖς
325 407 431 435 τισιν
460 390 573 448 ὅροις
600 392 668 433 καὶ
701 387 976 445 διαστήμασιν
1000 385 1214 443 ἀοικήτοις·
1236 383 1426 442 ἀλλήλων
1445 388 1529 430 διε-
1663 376 1671 386 ”

54 469 245 518 στηκυΐαι
258 475 268 486 ·
295 459 487 518 καθάπερ
506 461 549 503 ἓν
565 463 712 516 μακρῷ
731 459 857 517 πεδίῳ
875 458 944 500 καὶ
961 460 1211 512 παμπληθεῖ
1226 453 1393 513 καλάμῃ
1422 456 1530 511 μετὰ

20 531 185 589 5·θὲρος
214 532 284 574 καὶ
323 526 527 587 δρέπανον
564 525 771 585 σποράδες
806 525 896 582 ἅμα
926 527 995 569 καὶ
1033 525 1306 582 εὐαρίθμητοι
1336 523 1527 581 στάχυες.

56 602 110 644 ἐῶ
137 600 216 657 γὰρ
241 599 318 655 τὴν
347 603 430 642 τῶν
457 597 573 642 ἔνδον
593 597 786 654 ἀριθμεῖν
811 596 1068 654 τραγῳδίαν,
1105 592 1201 650 ἣνῆ
1222 593 1320 638 κατ’
1341 593 1531 650 ἀλλήλων

55 665 473 724 πολύχουςέπήνεγκε
500 664 669 716 στάσις·
706 663 762 716 ὥς
791 662 973 714 εῗδῶλοις
991 664 1040 721 γε’
1056 680 1161 707 τισιν
1183 663 1354 707 ἐοικέναι
1371 667 1545 719 μᾶλλον

56 736 282 795 οἰκητόρων
295 770 311 790 ,
348 735 376 793 ἢ
405 733 651 793 οῗκήτορσιν.
700 733 808 777 οὕτω
843 736 1056 789 δυστυχῶς
1092 733 1170 788 ἔχει
1202 732 1256 775 τὰ
1286 733 1390 776 καθ’
1420 731 1573 789 ἢμᾶςο

56 805 280 863 πράγματα
297 809 383 859 νῦν,
403 807 470 848 καὶ
494 803 629 855 οὕτως
645 802 672 860 ἦ
692 808 776 847 τῶν
798 804 908 858 ε’μῶν
928 804 1111 846 διωκτῶν
1127 800 1325 859 ἐμφύλιος
1343 803 1411 845 καὶ
1428 804 1546 846 dvo-¹

0 884 48 919 10
58 874 367 934 παραμύθητος
388 872 538 924 στάσις
569 874 618 917 οὐ
646 871 774 929 μόνον
793 874 984 929 μεγίστας
1009 878 1097 922 τοῖς
1113 871 1383 930 φαυλοτέρως
1403 872 1533 928 παρέ-

54 962 154 1001 σχεν
186 944 316 1002 ἀρχὰς
345 945 402 994 εἷς
436 943 611 998 ἐθισμὸν
651 942 822 993 ἀταξίας
851 940 956 996 ὁμοῦ
997 943 1064 983 καὶ
1103 938 1379 998 τραχύτητος,
1406 971 1408 973 f
1425 940 1534 983 ἀλλὰ

56 1012 240 1057 πάνυτοι
258 1011 424 1071 σφόδρα
437 1014 504 1055 καὶ
522 1013 598 1068 τὴν
615 1016 698 1055 τῶν
711 1009 958 1068 ἀλλοφύλων
973 1011 1138 1067 ἐχθρῶν
1153 1009 1260 1052 καθ’
1280 1007 1398 1065 ἡμῶν
1415 1010 1546 1067 {aggi-¹

57 1083 164 1139 ρωσε
185 1080 374 1137 δύναμιν.
401 1080 466 1125 'H
481 1079 615 1124 πόθεν
635 1079 815 1124 ἄλλοθεν
836 1080 964 1136 μέγας
982 1079 1089 1122 καθ’
1111 1077 1229 1135 ἡμῶν
1252 1076 1273 1122 ὅ
1300 1079 1535 1136 Τριβαλλὸς

57 1150 251 1209 ἐγεγόνει·
286 1150 334 1201 ὃς
362 1149 551 1208 καθάπερ
579 1149 766 1205 ποταμὸς
794 1147 1123 1205 πλημμυρήσας,
1154 1150 1221 1191 καὶ
1246 1155 1421 1205 μακροῖς
1439 1150 1578 1193 δια-Ι)

1 1230 48 1265 15
60 1219 241 1276 στήμασι
261 1220 360 1271 τοὺς
375 1221 546 1270 οῗκείους
565 1217 749 1275 ὖπερβάς
771 1217 916 1276 ὅρους,
948 1217 1002 1261 τὰ
1022 1218 1098 1272 μὲν
1118 1222 1194 1273 τῆς
1209 1215 1420 1272 Ῥωμαίων
1437 1215 1548 1274 ἦγε-’

55 1291 205 1346 μονίας
222 1289 516 1346 παμπληθέσιν
537 1288 619 1345 ’ἤδη
639 1288 800 1346 ῥοθίοις
823 1287 1057 1340 κατέκλυσε,
1084 1286 1137 1330 τὰ
1159 1286 1204 1330 δ’
1229 1286 1388 1331 ἀπειλεῖ
1402 1303 1534 1329 κατα-

57 1357 243 1415 κλύσειν,·
282 1356 611 1416 δυσαριθμήτοις
633 1357 713 1415 γὰρ
739 1355 989 1413 διαστήμασι
1010 1360 1087 1413 γῆς
1106 1354 1224 1412 ἡμῶν
1255 1354 1544 1413 ἀφιστάμενος

57 1426 268 1483 τοσαύτην
293 1428 432 1486 εἴληφε
458 1426 617 1483 τόλμαν
644 1429 712 1471 καὶ
736 1425 910 1482 δύναμιν
916 1459 932 1480 ,
969 1423 1026 1476 ὥς
1044 1427 1112 1468 καὶ
1140 1425 1217 1481 τὴν
1230 1422 1431 1482 ἡμετέραν
1449 1424 1549 1480 ἤδη·

61 1502 240 1553 συνεχῶς
267 1497 526 1555 κατατρέχειν
555 1497 610 1540 τὰ
636 1494 788 1540 τούτου
819 1492 1103 1553 στρατόπεδα,
1150 1495 1218 1537 καὶ
1242 1493 1420 1549 μηδενὸς
1449 1511 1533 1536 κω-

2 1565 231 1617 soldorum
251 1567 294 1618 ἐξ
316 1565 470 1624 ἐφόδου
497 1567 734 1622 ληίζεσθαι,
767 1567 835 1608 καὶ
862 1564 935 1607 τὸν
962 1568 1045 1607 τῶν
1072 1564 1367 1621 ἐπιδορατίδων
1388 1560 1574 1620 ψόφονΕ

59 1637 102 1686 ἐς
122 1636 199 1686 τὰς
217 1634 418 1692 ἡμετέρας
437 1635 538 1691 ἔχειν
556 1635 658 1684 τέως
682 1633 810 1683 ἀκοὰς
827 1632 1133 1689 παραπέμπειν·
1169 1633 1236 1675 καὶ
1254 1635 1386 1674 ταῦτα
1404 1632 1547 1687 μηδὲν·

58 1707 233 1760 μηδαμῆ
255 1722 296 1747 τι
319 1704 442 1746 πλέον
466 1702 750 1760 γενναιότητος
775 1700 986 1759 γνώρισμα
1012 1699 1118 1759 πρός
1134 1717 1178 1756 γε
1196 1701 1244 1744 τὸ
1270 1705 1386 1761 νικᾷν
1403 1717 1533 1757 παρε-

54 1773 254 1829 χόμενος,
285 1772 312 1829 ἢ
343 1773 420 1823 τὰς
435 1770 646 1828 Ῥωμαίων
671 1770 800 1827 τύχας
826 1772 976 1814 οἰκείαν
994 1771 1211 1825 τιθέμενος
1228 1769 1664 1824 εὖβουλιἀν’καὶν,416

58 1841 246 1898 δύναμιν.
276 1842 444 1886 Ἔπειτα
468 1844 561 1886 τίνα
581 1859 633 1898 με
659 1841 733 1885 οἷἐι
759 1840 900 1897 ψυχὴν
921 1839 1045 1895 ἔχειν,
1075 1835 1109 1883 ὦ
1129 1841 1324 1898 φίλτατε,
1356 1838 1383 1895 ἢ
1404 1840 1536 1890 ποίοις

58 1957 149 2002 tem,
173 1964 262 1999 quae
287 1953 425 1999 generis
450 1952 592 1988 Romani
618 1951 781 1998 reliquias
803 1954 1007 1986 conservent
1020 1975 1031 1992 ‚
1053 1949 1275 1996 paucissimas
1301 1932 1543 1991 circumstare,v

58 2000 233 2035 suburbiis
252 2004 288 2034 et
304 2000 417 2045 ipsas,
437 1999 688 2045 vestibulisque
711 1999 756 2033 ad
777 1997 910 2032 urbium
934 2003 1087 2031 ornatum
1109 1995 1304 2040 requisitis,
1328 1996 1534 2038 destitutas3

57 2045 255 2091 longinquis
269 2050 452 2092 praeterea
469 2046 609 2088 finibus,
633 2050 670 2079 et
685 2044 794 2079 vastis
811 2044 1049 2078 solitudinibus
1066 2043 1268 2084 interiectis,
1292 2053 1313 2076 a
1333 2053 1370 2076 se
1385 2043 1534 2077 invicem

58 2092 245 2134 distantes3
269 2093 386 2138 quales
403 2092 636 2138 patentissimo
652 2091 688 2125 in
702 2102 821 2137 campo
837 2089 1176 2135 numerosissimaque
1194 2088 1333 2135 stipula,
1349 2093 1428 2134 post
1444 2100 1534 2123 mes-

57 2150 129 2172 sem
149 2143 187 2173 et
208 2139 352 2179 falcem,
376 2149 517 2184 sparsae
537 2144 573 2173 et
597 2138 825 2172 numerabiles
846 2137 975 2182 spicae.
1023 2136 1154 2170 Omitto
1175 2136 1371 2170 intestinam
1392 2140 1533 2180 tragoe-

57 2184 169 2226 diam,
194 2196 294 2231 quam
317 2184 441 2219 civium
461 2184 528 2219 sibi
546 2184 691 2219 invicem
711 2183 910 2218 infestorum
928 2183 1100 2218 discordia
1119 2182 1291 2223 exhibuit3
1315 2193 1382 2227 qua
1403 2182 1532 2216 factum

58 2236 126 2272 est,
148 2236 188 2266 ut
208 2231 435 2266 habitatorum
453 2231 570 2278 potius
589 2230 769 2265 simulacra
786 2242 875 2264 nunc
894 2241 993 2276 quam
1009 2230 1220 2264 habitatores
1240 2240 1316 2263 esse
1337 2229 1530 2262 videantur.

57 2277 154 2312 Adeo
175 2289 232 2312 res
252 2282 390 2312 nostrae
410 2278 447 2311 in
466 2277 640 2323 praesenti
660 2276 813 2311 afflictae
834 2282 937 2318 sunt3
961 2276 1047 2311 adeo
1070 2276 1189 2310 civiles
1207 2275 1260 2309 illi
1279 2280 1316 2310 et
1333 2274 1532 2320 implacabi-

56 2323 109 2358 les
129 2323 302 2366 tumultus,
326 2325 372 2358 ab
390 2323 536 2358 inimicis
553 2323 638 2358 meis
657 2323 809 2364 excitati,
833 2335 900 2358 non
916 2323 1023 2357 solum
1040 2322 1215 2356 maximam
1234 2322 1291 2363 iis,
1311 2321 1371 2367 qui
1389 2320 1531 2366 nequio-

57 2380 116 2404 res
134 2375 246 2412 erant,
264 2370 739 2416 opportunitatedeederunt‚
751 2374 789 2403 ut
804 2369 966 2404 licentiae
983 2377 1019 2403 et
1035 2369 1266 2403 contumaciae
1280 2371 1530 2408 assuescerent,

57 2416 121 2450 sed
142 2422 178 2450 et
197 2422 411 2451 externorum
425 2417 462 2451 in
482 2429 545 2451 nos
567 2417 711 2451 hostium
732 2415 917 2462 potentiam
933 2416 1033 2461 plane
1047 2416 1303 2450 confirmarunt.
1350 2414 1530 2447 Undenam

57 2461 202 2504 scilicet,
224 2462 291 2496 nisi
311 2462 410 2505 inde,
435 2463 613 2498 Triballus
629 2463 664 2496 in
684 2473 745 2496 nos
763 2467 881 2497 tantus
898 2462 1083 2503 crevisset3
1107 2461 1165 2508 qui
1182 2460 1280 2495 fluvii
1296 2460 1406 2494 instar
1420 2470 1531 2493 exun-

58 2507 166 2549 dans,
189 2513 227 2543 et
241 2509 366 2543 limites
388 2520 466 2543 suos
488 2509 590 2555 longe
607 2513 903 2555 praetergressus,
928 2509 1048 2543 effusis
1067 2508 1228 2543 fluctibus
1245 2512 1377 2553 partem
1393 2504 1531 2550 imperii

57 2553 202 2588 Romani
226 2554 296 2589 iam
317 2555 518 2598 inundavit,
541 2562 676 2602 partem
696 2554 930 2589 inundaturum
955 2567 995 2590 se
1017 2554 1220 2589 minitatur?
1268 2552 1437 2587 Nimirum
1460 2551 1547 2592 illes

58 2599 160 2644 longo
184 2605 301 2635 terrae
326 2600 506 2637 intervallo
529 2614 551 2637 a
577 2602 676 2636 nobis
703 2601 856 2645 divisus,
881 2613 922 2636 eo
947 2601 1112 2636 audaciae
1141 2599 1329 2646 processit,
1355 2609 1413 2631 eas
1437 2597 1531 2631 vires

59 2645 226 2690 collegit,v
242 2650 283 2681 ut
301 2651 436 2682 nostros
462 2659 566 2693 agros
586 2648 680 2682 illius
700 2647 871 2682 exercitus
892 2653 1062 2694 perpetuo
1082 2647 1258 2682 incursent
1283 2650 1320 2678 et
1338 2643 1464 2678 subitis
1483 2643 1533 2676 ir-

57 2692 275 2736 ruptionibus
295 2698 432 2728 vastent
451 2695 609 2739 impune;
632 2694 775 2729 telorum
794 2698 906 2728 autem
924 2693 1104 2728 stridorem
1127 2694 1172 2727 ad
1197 2695 1332 2726 nostras
1357 2701 1460 2724 aures
1479 2689 1533 2723 fa-

59 2736 126 2771 cile
153 2738 327 2784 perferat,
349 2740 443 2774 nulla
465 2741 536 2775 alia
558 2752 598 2775 re
618 2741 741 2775 fortem
766 2751 806 2775 se
825 2739 862 2775 in·
880 2741 1048 2775 vincendo
1071 2739 1256 2779 exhibens,
1277 2736 1345 2771 nisi
1370 2735 1462 2781 quod
1489 2746 1533 2769 ex

57 2782 286 2819 Romanorum
304 2785 553 2822 calamitatibus
572 2786 746 2821 consilium
763 2787 860 2832 capit
875 2790 912 2821 et
923 2787 1028 2821 vires.
1077 2785 1188 2826 Quem
1206 2783 1287 2818 mihi
1304 2782 1439 2817 interea
1456 2792 1534 2815 sen-

59 2839 131 2864 sum
157 2841 234 2866 esse
252 2830 447 2876 existimas,
468 2833 515 2868 mi
535 2832 605 2876 fili,
628 2833 754 2879 quibus
776 2832 905 2870 doloris
927 2832 1067 2879 ignibus
1085 2836 1262 2879 paternum
1285 2832 1408 2876 pectus
1432 2827 1546 2864 aduri*
