1794 3172
342 148 660 198 HISTORIAE
682 147 1056 196 BYZANTINAE
1074 148 1199 195 XXI.
1222 153 1265 197 3.
1405 142 1538 193 1007

60 259 106 306 δ’
129 259 294 311 ἐκείνοις
314 259 541 318 ἀναγκαῖα,
573 263 708 305 ταῦτα
725 263 846 319 κῆρες
863 259 1102 318 ἐπισφαλεῖς
1122 259 1189 303 καὶ
1205 255 1423 317 νοσήματα
1444 265 1534 313 τοῖς
1555 267 1594 302 Α.
1608 268 1646 305 c-
1665 265 1754 304 1851

59 328 285 388 ὑγιαίνουσι
312 329 483 388 μέγιστα
507 327 707 387 δόγμασιν
734 324 801 386 ἦν.
832 328 908 389 δι’
936 328 959 374 ὃ
984 330 1054 373 καὶ
1076 322 1133 373 ὧν
1154 328 1229 386 τὴν
1252 333 1396 386 κτῆσιν
1413 315 1757 397 συνε-Ῑωέζὲξῖἒὼ

60 403 354 457 φιλοτιμοῦντο
374 401 443 444 καὶ
466 400 743 443 ἐπεδείκνυντο
752 431 768 454 ,
804 396 964 444 τούτων
991 398 1069 455 τὴν
1094 395 1359 456 ὑγιαίνουσαν
1382 404 1572 457 χρῆσινΒ

59 470 102 519 ἐς
131 468 181 512 τὸ
210 471 391 521 νοσῶδες
415 468 596 526 ἤλαυνον
624 468 767 519 ἀδεῶς.
840 467 940 530 (Η.)
961 466 1070 513 Ὅσα
1098 468 1175 523 μὲν
1205 463 1280 512 οὖν
1309 473 1535 527 τηνικαῦτα

28 535 366 596 ὀπαρηνομήθη,
404 540 473 582 καὶ
504 537 584 582 ὅσα
613 541 816 596 μυσαρῶν
851 539 1012 582 ἐκείνων
1048 535 1268 594 δογμάτων
1293 535 1534 597 κεκύρωται,

56 608 229 665 ἐροῦμεν
249 607 403 651 ἕκαστα
420 605 632 665 προϊόντες
653 607 939 668 πλουσιωτέρα
961 610 1013 666 τῇ
1033 605 1206 665 γλώττῃ.
1244 608 1351 652 κατὰ
1381 608 1573 665 σχολὴνο

53 675 134 734 γὰρ
167 673 266 732 ἦμΐν
295 676 544 734 γενομένοις,
579 679 648 720 καὶ
679 677 821 727 ἀδείας
846 677 1152 733 ἓπειλημμένοις
1173 674 1246 728 ξύν
1270 694 1314 734 γε
1341 682 1431 739 θεῷ
1459 682 1536 735 τῆς

53 744 343 804 ὄφειλομένης,
380 746 538 799 ἐξέσται
559 746 713 807 ῥᾳδίως
731 747 935 790 ἐκτιθέναι
953 746 1030 801 μὲν
1052 747 1183 790 ε’κεΐνα
1199 746 1309 790 καθ’
1329 744 1396 801 ἓν,
1430 745 1534 790 ἐπᾶ-

55 831 138 872 γειν
158 817 185 858 δ
190 815 202 831 ‘
228 813 324 871 ἑξῆς
341 818 409 859 καὶ
432 815 526 860 ὅσαι
548 813 827 874 προσήκουσιν
843 813 1100 874 ἀντιῤῥήσεις
1120 815 1228 859 κατὰ
1247 817 1442 874 συζυγίαν
1463 818 1534 860 καὶ

0 885 292 940 ίοσυστοιχίαν
322 884 577 941 ἀμοιβαδὸν,
614 884 696 929 ὑπὸ
722 884 907 942 μάρτυσι
933 886 1004 928 καὶ
1037 883 1251 939 στάθμαις
1283 883 1533 944 ἀπαραγρά-

51 971 170 1004 πτοις
187 961 281 1004 ταῖς
301 959 385 998 τῶν
400 953 524 1012 ἁγίων
545 962 704 1013 φωναῖς
716 969 726 979 ·
763 953 821 1007 ὥς
839 954 891 999 ἃν
906 954 967 1011 εἴη
988 962 1076 1005 τοῖς
1094 952 1305 1011 ὀψιγόνοις
1326 954 1436 998 ὅπλα
1455 956 1532 1011 μὲν

51 1023 160 1066 κατὰ
191 1027 268 1079 τῆς
299 1028 420 1082 σφῶν
447 1024 635 1080 ἀσεβείας
664 1026 809 1079 ταυτὶ,
855 1025 1178 1082 προτειχίσματα
1206 1025 1254 1068 δὲ
1283 1026 1353 1067 καὶ
1381 1025 1535 1082 θυρεοί

49 1109 157 1143 τινες
188 1093 496 1150 πολεμουμένης
516 1093 734 1149 εὐσεβείας.
771 1095 860 1150 ἐμοὶ
877 1093 956 1151 γὰρ
977 1091 1137 1151 νύκτωρ
1154 1095 1222 1137 καὶ
1238 1093 1345 1149 μεθ’
1368 1090 1569 1151 ἦμέρανῙ)

50 1161 270 1205 ἐπισείουσι
287 1163 364 1218 μὲν
385 1162 465 1220 τὴν
483 1168 560 1220 τῆς
586 1167 778 1220 τελευτῆς
797 1163 967 1220 ἀπειλὴν
993 1163 1038 1206 αἱ
1057 1169 1235 1218 συνεχεῖς
1253 1167 1329 1220 τῆς
1346 1166 1531 1221 κεφαλῆς

0 1236 40 1273 15
51 1229 296 1288 ἀλγηδόνες,
331 1229 467 1283 λύπας
494 1232 538 1276 δ’
573 1230 793 1290 ἐπάγουσιν
812 1233 853 1277 οἱ
870 1237 947 1290 τῆς
967 1237 1043 1276 τοῦ
1073 1237 1179 1277 θεοῦ
1208 1234 1425 1290 ἐκκλησίας
1448 1250 1528 1276 πο-

49 1301 301 1357 λεμουμένης
321 1301 383 1346 ἀεὶ
401 1301 505 1360 πρὸς
522 1301 570 1346 τὸ
591 1300 885 1361 κραταιότερον
905 1300 1132 1356 κλύδωνες,
1164 1300 1365 1347 θανάτων
1385 1305 1526 1362 πολλῷ

48 1370 305 1428 πικροτέρας.
342 1372 396 1415 ἐῶ
417 1371 541 1429 λέγειν
563 1371 640 1423 τὰς
659 1376 742 1416 τῶν
763 1376 1026 1428 Παλαμιτῶν
1048 1370 1273 1425 ἐπιβουλάς
1292 1389 1336 1415 τε
1357 1372 1427 1415 καὶ
1446 1389 1527 1415 πο-

48 1437 282 1497 λυτρόπους
319 1440 530 1499 ἐφεδρείας
539 1474 553 1495 ,
593 1442 642 1485 αἵ
664 1459 737 1497 μοι
766 1443 835 1485 καὶ
867 1441 990 1486 αὐταὶ
1018 1441 1096 1492 τὰς
1121 1439 1406 1499 ἀνδροφόνους
1436 1440 1525 1484 ἔπι-

49 1510 203 1552 σείουσι
225 1515 389 1567 χεῖρας,
427 1514 502 1554 τοῦ
522 1509 724 1568 ἡμετέρου
748 1509 908 1569 νύκτωρ
927 1512 995 1554 καὶ
1012 1509 1120 1565 μεθ’
1143 1508 1301 1568 ἡμέραν
1331 1506 1524 1565 διψῶσας

0 1579 247 1633 ἓοιὶίματος
268 1580 336 1621 καὶ
358 1579 451 1630 δέος
466 1579 540 1636 μὴ,
564 1581 660 1637 πρὶν
678 1577 790 1636 ἡμᾶς
809 1578 890 1640 (οἷς
908 1579 1091 1637 ἀκριβῶς
1109 1579 1256 1622 εἰδέναι
1277 1578 1330 1623 τὰ
1350 1577 1515 1622 τοιαῦτ’
1529 1581 1562 1618 13:

47 1644 216 1704 ἐγεγόνει
226 1680 240 1700 ,
276 1646 502 1699 αὖτόπταις
525 1650 594 1691 καὶ
616 1647 834 1705 αὖτηκόοις
853 1651 921 1692 καὶ
939 1648 1221 1692 αῧτοπαθέσιν
1247 1648 1389 1698 αὐτοῖς
1418 1645 1518 1703 ἧμΐν

45 1713 245 1774 γεγονόσι)
280 1718 540 1775 παραδοῦναι
562 1719 706 1771 ταυτὶ,
742 1717 816 1763 τὸν
830 1719 928 1774 βίον
943 1718 1106 1775 γένηται
1123 1722 1388 1772 μεταθεῖναι,
1420 1715 1522 1760 κᾶν·

137 1851 170 1887 1.
191 1850 299 1897 κῆρες
315 1860 378 1884 em.
396 1848 495 1884 Boiv.
516 1860 579 1896 pro
599 1851 727 1897 κῆρας.

44 1962 238 1999 conducere
254 1963 477 1999 videbantur:
502 1976 593 2011 quae
611 1969 724 2001 autem
742 1964 828 2011 ipsis
842 1965 1039 2000 necessaria
1055 1965 1221 2009 fuissent,
1245 1976 1288 2001 ea
1308 1963 1438 2000 saniori
1454 1963 1517 1999 do-

45 2010 179 2044 ctrinae
196 2009 298 2044 noxia
315 2015 413 2045 erant
431 2016 468 2046 et
484 2012 688 2057 perniciosa.
734 2012 858 2058 Itaque
883 2011 956 2055 illi,
980 2023 1071 2058 quae
1099 2018 1260 2058 tanquam
1283 2023 1347 2047 sua
1369 2011 1515 2046 affecta-

44 2056 128 2091 bant
146 2061 182 2090 et
206 2055 383 2091 ambitiose
409 2059 650 2101 ostentabant,
673 2070 790 2094 eorum
808 2070 926 2093 sanum
943 2070 1038 2093 usum
1053 2059 1220 2094 audacter
1238 2057 1514 2104 corrumpebant.

44 2103 180 2147 (VIII.)
205 2103 281 2137 Nos
302 2114 387 2137 vero
404 2114 492 2148 quae
510 2108 592 2139 tunc
610 2108 749 2150 praeter
764 2105 818 2139 ius
836 2105 958 2151 fasque
974 2110 1054 2140 acta
1070 2106 1161 2147 sint,
1184 2110 1335 2152 quotque
1358 2115 1402 2139 ex
1428 2104 1514 2138 abo-

43 2148 208 2184 minandis
225 2149 294 2183 illis
309 2149 479 2195 dogmatis
497 2151 697 2185 confirmata
719 2151 868 2193 fuerint,
892 2151 1066 2197 sigillatim
1082 2156 1204 2198 postea
1222 2150 1341 2187 fusiori
1357 2149 1515 2185 oratione

43 2195 303 2229 declarabimus.
349 2197 441 2230 Nam
468 2207 510 2231 ea
537 2196 674 2242 quidem
696 2197 815 2240 nobis,
837 2198 898 2232 ubi
920 2198 1026 2233 otium
1052 2199 1166 2240 nacti,
1190 2203 1226 2233 et
1245 2209 1320 2233 eam
1338 2207 1409 2242 qua
1429 2208 1513 2242 ege-

42 2253 118 2277 mus
127 2241 320 2277 libertatem
336 2241 452 2277 divino
469 2254 608 2278 munere
620 2243 822 2289 consequuti
838 2244 1013 2287 fuerimus,
1036 2245 1139 2280 facile
1160 2245 1228 2280 erit
1245 2243 1384 2290 singula
1401 2254 1511 2288 expo-

42 2299 150 2330 nere3
171 2292 244 2324 tum
266 2289 431 2334 deinceps
454 2301 498 2324 ea
518 2289 596 2335 ipsa
612 2289 892 2325 convenientibus
913 2291 1184 2326 refutationibus
1213 2290 1394 2331 refellere,
1418 2299 1508 2334 quae

41 2334 336 2381 propositionibus
362 2335 452 2370 aliae
477 2335 554 2370 aliis
575 2336 756 2382 copulatae
784 2341 822 2371 et
838 2336 979 2372 alternis
1007 2338 1208 2374 subiunctae
1239 2334 1425 2372 continenti
1450 2345 1510 2368 or-

43 2380 125 2415 dine
142 2381 351 2427 procedant,
373 2381 577 2416 testimoniis
598 2387 635 2417 et
651 2382 781 2428 regulis
802 2383 891 2418 omui
906 2384 1110 2430 exceptione
1123 2384 1311 2419 maioribus
1327 2379 1508 2422 subnixae,

42 2426 129 2472 ipsis
146 2427 348 2461 Sanctorum
374 2428 538 2471 vocibus3
560 2433 600 2464 ut
624 2429 712 2463 haec
728 2429 876 2474 posteris
900 2434 1021 2466 contra
1037 2430 1170 2466 illorum
1187 2430 1395 2477 impietatem
1412 2435 1508 2460 arma

42 2477 164 2519 parata
181 2473 268 2511 sint.
293 2478 396 2519 atque
416 2479 455 2509 ut
471 2475 526 2510 his
544 2475 831 2522 propugnaculis,
855 2479 893 2511 et
907 2477 1111 2523 quibusdam
1132 2477 1227 2512 velut
1248 2473 1400 2521 clypeis,
1422 2470 1506 2506 reli·

41 2519 102 2565 gio
123 2524 322 2564 oppugnata
338 2525 551 2566 protegatur.
583 2522 673 2556 Mihi
690 2522 778 2556 enim
795 2525 902 2557 noctu
918 2523 1053 2568 pariter
1064 2527 1101 2558 et
1118 2522 1266 2558 interdiu
1286 2518 1410 2566 capitis
1426 2516 1505 2563 qul-

41 2566 120 2600 dem
143 2565 278 2599 dolores
305 2567 459 2601 continui
478 2572 602 2603 metum
627 2567 747 2602 mortis
774 2567 962 2604 incutiunt:
986 2574 1024 2605 at
1050 2581 1113 2604 eae
1140 2571 1381 2614 tempestates,
1413 2575 1505 2609 quae

40 2612 109 2647 Dei
129 2611 308 2646 ecclesiam
328 2612 448 2648 maiori
473 2614 628 2660 quotidie
646 2613 808 2649 violentia
831 2614 981 2650 infestae
997 2615 1220 2656 adoriuntur,
1244 2622 1430 2648 moerorem
1448 2609 1504 2644 af-

40 2658 160 2693 ferunt
180 2662 288 2692 morte
304 2658 395 2693 omni
410 2659 512 2706 longe
530 2660 751 2696 acerbiorem.
795 2659 895 2695 Nihil
911 2660 988 2697 dico
1012 2662 1058 2697 de
1075 2661 1314 2696 Palamitarum
1330 2656 1503 2692 machina·

40 2704 194 2739 tionibus
211 2706 248 2738 et
262 2703 418 2749 insidiis,
440 2717 530 2752 quae
554 2706 637 2742 mihi
660 2711 697 2741 et
720 2706 820 2752 ipsae
845 2707 961 2742 multis
978 2707 1086 2743 modis
1103 2706 1296 2742 mortiferas
1313 2713 1428 2738 manus
1446 2702 1503 2736 in-

40 2755 198 2795 tentant,
222 2756 378 2786 nostrum
406 2752 570 2789 videlicet
591 2752 790 2798 sanguinem
820 2752 881 2788 diu
903 2759 1076 2800 noctuque
1104 2753 1280 2793 sitientes3
1303 2754 1344 2784 ut
1365 2748 1502 2796 pericu-

40 2796 109 2831 lum
125 2795 191 2837 sit,
214 2808 259 2831 ne
276 2807 360 2840 nos,
382 2798 445 2844 qui
464 2799 552 2834 haec
570 2811 682 2835 coram
699 2798 769 2845 ipsi
788 2798 936 2835 vidimus
952 2804 988 2835 et
1006 2799 1198 2835 audivimus
1220 2802 1257 2832 et
1275 2795 1432 2842 perpessi
1441 2805 1501 2829 su·-

41 2853 138 2886 mus,
161 2842 316 2889 adeoque
340 2844 518 2892 explorate
544 2845 782 2892 cognovimus,
805 2845 851 2883 ad
873 2846 1016 2884 alteram
1040 2846 1146 2883 vitam
1168 2848 1249 2881 ante
1273 2849 1502 2882 transeamus,
