1794 3172
282 125 415 176 1172
845 132 1323 178 ANNO'I'ATIONES.

277 239 381 282 vide
403 240 537 280 Ducae
565 237 668 280 Hist.
692 251 782 292 cap.
803 239 912 279 XVI.
953 239 1239 279 Leunclavium
1260 240 1332 281 lib.
1352 238 1402 281 V.
1441 238 1543 280 Hist.
1568 240 1794 280 Musulman

277 312 372 352 pag
394 302 490 342 228.
512 298 608 338 etin
629 296 830 337 pandecte
850 298 1023 337 Turcico
1043 312 1085 338 n.
1110 298 1280 341 XXXV.
1338 311 1515 337 DucANG.

393 358 618 408 Pag.103‚
652 357 718 398 14.
776 350 981 409 Καθάπερ
1001 370 1040 396 τι
1069 355 1264 425 σιδηρουν
1290 354 1441 408 τεῖχος]
1479 355 1589 394 Idem
1616 355 1792 407 Gregora

277 413 349 452 lib.
368 413 418 454 V.
440 426 528 465 cap.
548 412 616 451 VI.
633 428 677 453 το
699 427 775 467 γαρ
796 428 858 454 τοι
875 412 991 483 γένος
1009 415 1091 454 τῶν
1111 408 1272 453 Ἰταλῶν
1291 409 1493 461 τοιούτοις
1515 409 1696 466 ἀρχῆθεν
1719 426 1794 453 συν

276 469 511 537 τέθραπται
523 473 607 518 τοῖς
633 467 771 540 ἧθεσι.
803 466 855 511 ἄν
875 468 948 523 μὲν
979 468 1058 540 γὰρ
1081 466 1283 518 εὐτάκτως
1308 466 1467 527 οἷπαντᾷ
1488 467 1590 524 πρός
1609 467 1678 510 τὸν
1698 466 1794 511 πόλε

276 543 377 581 μον,
406 523 533 580 τεῖχός
562 526 669 568 ἐστιν
699 523 844 582 ὄχυρόν
871 527 941 568 καὶ
963 543 1185 581 αμαχητον.
1244 512 1455 580 Respexit
1467 528 1587 567 etiam
1616 527 1722 566 forte
1761 542 1794 566 a(

276 585 513 624 Latinorum
535 598 607 623 seu.
627 585 879 625 Francorum
901 586 1122 638 pleniorem
1148 592 1412 625 armaturam·
1441 586 1551 624 unde
1588 583 1794 637 Theophy·

275 643 407 682 lactus
427 642 639 694 Bulgariae
659 642 839 696 archiep.
879 643 1009 696 Epist.
1035 643 1183 684 XXVI.
1217 642 1241 685 ὁ
1269 639 1454 698 Φραγγος
1485 641 1507 686 ὁ
1526 640 1598 684 τόν
1614 639 1794 698 τράχηλο.

275 699 373 750 τέως
392 698 591 756 σιδήρεος.
649 714 824 744 υυοΛΝσ.

390 757 494 813 Pag.
526 756 622 810 104,
652 762 694 802 2.
757 759 812 800 Οἱ
843 757 1047 813 Τοῦρκοι]
1085 757 1190 798 Vide
1219 763 1361 798 notata
1389 757 1440 797 ad
1464 757 1535 797 lib.
1555 757 1604 797 II.
1633 771 1722 810 pag.
1741 760 1794 800 23

274 829 451 857 DUCANG.

390 875 496 927 Pag.
531 875 625 922 106,
657 876 722 917 19.
776 869 883 915 Ἀλλ’
916 872 940 915 ὁ
967 875 1039 927 τῆς
1067 873 1262 925 Φοινίκης
1294 872 1365 914 καὶ
1397 873 1551 924 Συρίας
1581 871 1679 925 ἔρως
1707 871 1794 923 etc.]

275 928 400 983 Atqui
433 931 495 970 illi
526 937 710 971 sanctum
735 930 996 985 sepulchrum
1025 936 1339 984 recuperarunt,
1381 929 1582 983 quidquid
1613 930 1794 981 Gregorae

277 988 399 1029 dicat.
456 1002 609 1030 BOIVIN.

390 1044 490 1099 Pag.
522 1050 618 1099 107,
648 1050 687 1090 8.
743 1046 822 1086 Hic
859 1047 974 1086 locus
1013 1045 1092 1084 suit
1133 1044 1475 1085 commemorandi
1512 1044 1794 1097 expeditionen

275 1117 431 1143 sacram
452 1105 501 1143 D.
523 1104 750 1156 Ludovici3
803 1105 919 1144 cuius
946 1103 1092 1145 mirum
1112 1111 1173 1144 est
1199 1104 1351 1142 nullam
1384 1118 1407 1142 a
1433 1104 1610 1155 Gregora
1642 1103 1791 1142 mentio

274 1174 368 1201 nem
386 1160 561 1200 habitam
580 1162 716 1200 fuisse.
775 1176 925 1205 no1va,

390 1212 488 1272 Pag·
523 1222 618 1269 107,
650 1222 715 1262 11.
775 1216 886 1259 Εἶεν.
914 1217 935 1260 ὁ
962 1217 1121 1272 μέντοι]
1161 1217 1399 1272 Pachymer.
1434 1218 1505 1260 lib.
1535 1217 1602 1258 IV.
1644 1231 1731 1270 cap.
1760 1216 1794 1255 fl

274 1275 402 1316 XVII.
421 1277 532 1316 XXI.
550 1277 700 1319 XXIII
719 1277 902 1316 XXVIII.
958 1289 1133 1315 DUGANG.

389 1331 718 1387 Pag.107,13.
765 1331 862 1375 Ἀτε
888 1330 1088 1385 Ἀρσενίου
1119 1332 1289 1386 ζῶντος]
1335 1333 1425 1372 Non
1460 1331 1581 1371 modo
1614 1331 1723 1384 quod
1762 1344 1794 1370 e‹

274 1389 365 1442 ipso
389 1404 464 1442 pro
489 1393 614 1448 μοίχῳ
644 1405 715 1431 seu
738 1391 922 1431 adultero
940 1391 1168 1441 haberetur,
1198 1391 1258 1430 uti
1280 1391 1500 1430 docemus
1489 1404 1531 1430 m
1556 1389 1686 1429 Gloss.
1703 1389 1792 1427 med

277 1448 454 1488 Graecit.
478 1450 521 1488 in
539 1463 580 1491 v.
598 1453 778 1501 Μοῖχος,
809 1449 879 1488 sed
901 1456 940 1488 et
968 1446 1037 1490 δια
1060 1463 1135 1500 την
1157 1447 1459 1502 ἐμφαινομένην
1479 1450 1552 1488 τοῦ
1571 1443 1725 1516 θρόνου
1746 1461 1792 1499 με

274 1500 468 1574 ταθεσιν,
497 1513 542 1546 ut
563 1507 744 1559 loquitur
771 1505 1035 1560 pachymeres
1069 1505 1110 1549 d.
1144 1520 1234 1559 cap.
1266 1506 1396 1547 XVII.
1425 1512 1466 1545 et
1492 1504 1601 1556 quod
1630 1500 1711 1545 από
1737 1509 1794 1544 τοτ’

272 1557 436 1616 θρόνου
455 1567 529 1618 τῆς
548 1562 761 1634 θυγατρὸς
773 1567 830 1621 τῷ
861 1561 1000 1634 θρόνῳ
1019 1566 1091 1617 τῆς
1117 1561 1266 1618 μητρός
1284 1559 1436 1616 ἀνέδην
1458 1559 1565 1604 οὕτω
1579 1561 1652 1602 καὶ
1678 1557 1794 1603 αὕθα

275 1620 358 1668 δῶς
386 1619 676 1675 εἰσπηδήσειεν.
710 1619 815 1664 ου’τω
839 1638 913 1675 γαρ
934 1639 1005 1673 τας
1023 1622 1233 1703 ἐκκλησίας
1252 1617 1436 1663 ἐκάλουν.
1462 1620 1569 1659 idem
1587 1633 1675 1672 cap.
1695 1619 1794 1658 XIII

273 1677 392 1718 Adde
417 1693 507 1733 cap.
527 1680 713 1719 XXVIII.
768 1694 944 1722 DUCANG.

391 1735 620 1792 Pag.107‚
651 1738 716 1782 15.
774 1733 970 1787 Αυτόςδ’
988 1732 1203 1792 ἦσυχάσων
1220 1731 1379 1793 ἀπῄει]
1412 1734 1460 1775 Α.
1490 1735 1533 1774 C.
1561 1734 1794 1774 MCCLXVI

273 1806 433 1835 nolle.

392 1847 928 1906 Ρα3.107,15.’1ωσηφ
954 1868 1026 1893 τον
1057 1848 1343 1906 πατριαρχικὸν
1371 1846 1590 1903 διαδέχεται
1617 1844 1794 1903 θρόνον

273 1906 430 1948 Eodem
449 1924 575 1960 anno,
604 1911 787 1951 Decemb.
811 1912 875 1950 die
894 1910 1080 1949 XXVIII.
1137 1923 1290 1949 1301v1N.

389 1968 496 2020 Pag·
530 1971 625 2011 107.
659 1973 724 2012 17.
765 1965 880 2009 Κατα
894 1984 938 2008 το
963 1962 1187 2020 Γαλλησιον
1210 1964 1302 2017 ὅρος
1318 1959 1571 2016 συνεζηκῶς]
1603 1956 1794 1997 ΕΧδῖδῒΠ

278 2022 380 2063 eod.
410 2025 509 2075 Reg.
547 2029 672 2069 296}-
700 2026 727 2065 f.
755 2029 850 2070 320.
883 2025 988 2064 inter
1014 2039 1134 2078 opera
1159 2022 1417 2063 ΝοὶΙιειηειὲΙίε
1446 2022 1540 2073 (seu
1568 2013 1794 2068 NiCephorl

276 2079 455 2119 Chumni
493 2082 794 2135 imperatorium
845 2083 1046 2136 diploma,
1092 2082 1332 2136 inscriptum
1364 2076 1481 2133 λόγος
1514 2069 1794 2147 χρυσόβουλλος

274 2136 347 2178 ἐπὶ
365 2141 416 2201 τῇ
443 2136 584 2181 §moa
602 2144 675 2193 τῆς
694 2141 737 2182 ἐν
759 2157 814 2181 τω
839 2142 1021 2210 Γαλησίῳ
1054 2144 1183 2213 μονῆς
1207 2139 1276 2180 καὶ
1302 2141 1376 2190 τῆς
1401 2135 1518 2191 οἳγίας
1537 2127 1792 2177 ἀναστάσεως

275 2190 383 2235 ω’στε
402 2199 476 2236 τοῦ
502 2200 650 2239 λοιπον
676 2198 730 2252 μὴ
760 2182 859 2248 δυό,
900 2194 999 2238 ἄλλα
1021 2199 1117 2251 μίαν
1143 2194 1289 2244 ταύτας
1323 2192 1446 2241 εἶναι,
1477 2192 1546 2234 καὶ
1566 2185 1645 2239 ὕφ’
1666 2186 1727 2228 ἕνὶ
1746 2202 1794 2227 τε·

272 2247 429 2304 τάχθαι
447 2253 517 2294 καὶ
537 2252 705 2308 ἄγεσθαι
724 2254 1030 2311 καθηγουμὲνῳ.
1071 2255 1117 2294 In
1141 2269 1219 2307 quo
1237 2254 1454 2307 diplomate
1474 2264 1565 2289 cum
1584 2246 1659 2284 alia
1678 2245 1794 2283 mult&

279 2310 492 2362 praeclara
512 2311 560 2350 de
582 2313 745 2351 Gallesii
765 2313 1006 2352 monasterio
1034 2319 1272 2363 nanantur,
1301 2317 1385 2349 tum
1412 2308 1511 2348 haec
1543 2304 1713 2345 maxime
1735 2316 1794 2340 110·

275 2367 424 2417 tanda,
454 2384 481 2420 η
503 2365 604 2423 πρὸς
622 2369 672 2411 ἕω
693 2370 736 2411 ἐν
762 2374 816 2426 τῷ
833 2374 906 2412 τοῦ
930 2373 1130 2423 Γαλησίου
1152 2366 1263 2425 τόπῳ
1288 2367 1484 2434 σεβασμία
1505 2378 1608 2422 μῡνη
1631 2363 1703 2412 τῆς
1730 2375 1794 2399 πα·

272 2420 537 2495 vvmqolyvov
565 2442 642 2479 μου
666 2428 880 2480 δεσποίνης
905 2427 974 2469 καὶ
991 2411 1262 2500 θεομήτορος,
1294 2421 1507 2478 διαβόητος
1533 2422 1635 2462 οὐσα
1665 2413 1794 2466 ἐξότοι

275 2478 337 2549 δη
368 2498 437 2523 και
461 2498 536 2535 την
569 2480 698 2551 ἆρχην
725 2485 912 2539 συνέστη,
942 2485 1011 2526 καὶ
1040 2482 1199 2537 σφόδρα
1228 2498 1272 2537 γε
1293 2478 1611 2554 θαυμαζομένη,
1643 2477 1704 2522 Οἷς
1736 2490 1794 2514 xm

272 2534 391 2579 πάνυ
420 2555 458 2581 τι
487 2537 702 2593 δεδυνηται
729 2541 864 2595 ψυχας
894 2545 1076 2596 βελτιοῦν
1103 2543 1175 2612 ζῆν
1202 2556 1303 2582 κατα
1322 2537 1420 2580 θεον
1442 2532 1706 2605 αἱρουμένοις,
1736 2546 1794 2571 καί

274 2598 358 2636 νῦν
383 2596 424 2646 ἐς
450 2598 572 2665 δεῦρο
598 2597 806 2651 περισώζει
825 2604 943 2642 τοῦτο
972 2597 1016 2642 τὸ
1041 2583 1189 2650 καλου,
1215 2597 1284 2639 καὶ
1303 2601 1388 2645 τοῖς
1407 2596 1450 2637 ἐν
1478 2590 1584 2650 αὐτῇ
1599 2588 1674 2642 τήν
1694 2592 1794 2629 πολι·

273 2653 391 2694 τείαν
416 2651 537 2708 τήνδε
556 2655 731 2724 μετιέναι
754 2657 1108 2712 προθυμουμένοις
1130 2672 1231 2710 προς
1254 2651 1351 2696 αυτό
1372 2651 1430 2706 δή
1441 2655 1561 2693 τοῦτο
1582 2644 1688 2702 μάλα
1711 2658 1794 2686 συν·

273 2710 455 2763 αἴρεται,
491 2712 561 2754 καὶ
591 2709 701 2763 δεξιά
721 2729 780 2761 τις
815 2714 896 2755 ἐστι
911 2718 1096 2770 πληροῦν
1114 2711 1186 2755 τόν
1206 2708 1354 2754 ποθον.
1383 2711 1541 2781 ιδρυται
1559 2705 1636 2760 γοῖρ
1658 2704 1701 2745 ἐν
1724 2698 1794 2743 ἆῡῡ

273 2764 397 2839 κήτῳ
413 2769 513 2821 τινὶ,
543 2766 684 2826 πόρρω
710 2786 792 2812 που
816 2774 898 2813 τῶν
922 2774 1130 2825 κοσμικῶν
1155 2766 1359 2839 θορύβων
1374 2763 1641 2822 ἆνῳκισμένη.
1674 2756 1794 2813 ἴὸρνδι

271 2820 320 2865 δ’
339 2821 472 2881 αὐτην
490 2827 560 2870 καὶ
582 2829 792 2884 συνίστησι
818 2825 985 2885 πρώτως
1006 2828 1028 2873 ὁ
1051 2824 1290 2884 περιβόητος
1310 2842 1384 2881 την
1403 2823 1573 2878 ἅσκησιι
1593 2818 1663 2863 καὶ
1684 2816 1794 2872 μένας
