1794 3172
246 110 350 166 952
626 121 946 170 NICEPHORI
967 122 1296 169 GREGORAE

25 244 62 277 A.
76 243 122 276 M.
140 239 232 277 6859
242 251 366 292 μενος
387 233 599 293 φαίνεταις
636 231 741 277 ὥστε
761 230 782 276 ὅ
805 231 877 276 τὸν
896 232 1034 289 ἕτερον
1053 234 1254 290 λοιδορῶν
1272 234 1340 277 καὶ
1359 230 1542 292 θάτερον
1561 233 1725 288 πάντως

81 290 149 323 lnd.
163 286 188 324 4
246 303 399 360 ὁμοίως
420 305 609 359 λοιδορεῖ.
645 304 846 360 λοιδορῶν
867 297 941 346 οῦν
965 301 986 346 ὃ
1008 305 1224 358 Παλαμᾶς
1245 301 1466 362 Θεόδωρον
1486 305 1634 349 ἐκεῖνον
1653 306 1725 349 τὸν

244 376 373 431 με’γαν
391 378 465 429 τῆς
483 373 699 428 ἐκκλησίας
717 370 980 430 προστάτην,
1009 370 1081 415 ἅτε
1104 379 1189 423 τοῖς
1212 372 1489 429 εἶκονομάχοις
1510 373 1619 419 οὕτω
1639 394 1724 430 μα·-

242 442 443 500 χόμενον,
474 439 580 496 ὁμοῦ
612 443 679 484 καὶ
709 442 792 503 τὸν
812 442 940 499 μέγαν
974 441 1103 492 εὐθὺς
1131 444 1316 500 λοιδορεῖ
1338 445 1578 487 Βασίλειον·
1628 442 1650 487 ὅ
1681 446 1726 488 δὲ

244 521 331 564 τοῖς
349 513 480 562 θείοις
496 508 658 562 τούτοις
676 509 858 569 πατράσι
880 509 1113 567 μαχόμενος
1134 512 1232 562 τοὺς
1250 510 1514 568 ἑτεροδόξους
1533 515 1576 564 ἐξ
1597 511 1755 570 ἀνάγ-5

92 589 135 626 Ρ.
152 591 222 627 599
246 600 346 639 κης,
386 579 448 632 οἷς
477 574 592 624 οῦτοι
621 578 849 637 μάχονται,
888 583 1078 639 φαίνεται
1106 585 1251 639 φιλῶν.
1299 581 1384 625 ἔστι
1412 583 1488 637 μὲν
1520 578 1594 627 οῦν
1625 583 1725 627 κάν-

243 656 395 697 τεῦθεν
427 652 556 706 δῆλον
582 648 630 694 τό
656 668 699 707 γε
727 658 814 701 τοῖς
843 655 919 707 τῆς
951 652 1236 706 εἲκονομαχίας
1258 650 1512 708 προστάταις
1531 652 1605 696 τὸν
1627 657 1724 696 Πα-

246 726 386 777 λαμᾶν
405 721 447 763 ἓν
470 719 624 763 ἅπασιν
647 721 707 764 ἀεὶ
725 723 793 763 καὶ
815 725 996 776 συνεχῶς
1020 720 1289 774 ἀκολουθεῖν,
1330 719 1385 772 ὥς
1408 722 1451 773 ἐξ
1471 719 1724 779 ὃρμητηρίου

247 789 479 849 ἀρξάμενον
497 794 573 833 τοῦ
595 792 819 847 Θαβωριόυ
844 790 983 848 φωτὸς
1007 788 1157 845 ὁμοίως
1181 792 1344 841 ἐκείνοις
1359 804 1369 814 ·
1405 792 1474 834 καὶ
1494 792 1614 835 τοῦτ’
1641 792 1725 835 ἔστι

246 861 295 905 τὸ
317 861 462 914 αἴτιον,
483 859 544 903 ἀεὶ
565 860 634 902 διὰ
654 858 862 915 στόματος
876 860 985 917 ἄγειν
1004 860 1131 903 αὐτὸν
1152 860 1199 904 τὸ
1223 858 1459 918 Θαβώριον.
1507 861 1602 920 (Θ.)
1616 861 1723 904 Ἀλλ’
1739 870 1784 904 10

245 932 371 974 ἓκεῒνο
405 934 556 987 μικροῦ
585 947 636 985 με
668 931 943 987 παρέδραμεν.
989 931 1025 973 εἲ
1050 930 1128 988 γὰρ
1154 928 1271 986 ὁτῆς
1295 929 1439 981 οὐσίας
1457 928 1579 987 λόγος
1608 931 1727 974 οὐδὲν

209 1002 387 1058 Βὲτερον
407 998 433 1056 ἢ
455 997 625 1056 πρᾶγμά
646 1000 755 1042 ἐστιν
785 997 1110 1056 αὖθύπαρκτον,
1146 999 1205 1056 μὴ
1239 997 1430 1054 δεόμενον
1457 998 1597 1058 ἑτέρου
1624 1000 1729 1057 πρὸς

245 1069 448 1127 ὕπαρξιν,
497 1066 554 1119 ὥς
589 1068 673 1122 ‹5st&
709 1073 785 1125 τῆς
815 1067 1041 1125 ἐπιστήμης
1082 1067 1264 1112 διδάσκει
1298 1066 1420 1126 λόγος
1451 1070 1518 1112 καὶ
1563 1068 1584 1113 ὃ
1612 1074 1730 1121 θεῖος

247 1134 371 1190 οὗτος
393 1136 641 1189 διδάσκαλος
660 1137 773 1197 ἔφθη
791 1138 1067 1196 προειρηκὼς,
1107 1138 1167 1194 εἴη
1197 1137 1248 1182 ἂν
1275 1141 1343 1182 καὶ
1373 1136 1394 1182 ὅ
1426 1143 1501 1195 τῆς
1531 1140 1728 1196 ἐνεργείας

246 1206 368 1265 λόγος
389 1206 410 1251 ὃ
432 1207 580 1262 αὐτὸς,
619 1207 696 1252 κᾶν
718 1215 805 1259 τοῖς
826 1206 999 1263 ὀνόμασι
1025 1209 1231 1265 διαφέρειν
1249 1210 1424 1262 δοκῶσι,
1456 1212 1625 1265 πρᾶγμα
1650 1211 1726 1264 δη·
1740 1218 1784 1253 15

50 1307 64 1322 2
249 1278 357 1334 λαδὴ
388 1275 717 1335 αὖθῦπαρκτον,
753 1278 812 1334 μὴ
845 1276 1037 1333 δεόμενον
1071 1275 1212 1335 ἑτέρου
1241 1277 1345 1335 πρὸς
1373 1276 1562 1335 ὕπαρξιν.
1618 1276 1728 1322 οὕτω

249 1348 329 1406 γὰρ
352 1346 403 1391 ἂν
425 1349 492 1390 καὶ
515 1345 536 1391 ὅ
557 1351 632 1404 τῆς
649 1346 904 1404 ταύτότητος
931 1346 1101 1400 σώζοιτο
1123 1345 1263 1404 λόγος’
1299 1346 1416 1390 καθὰ
1444 1345 1566 1390 πάλιν
1597 1345 1618 1391 ὅ
1650 1347 1729 1391 αὗ-

213 1417 323 1468 Οτός
343 1411 466 1467 οῦτος
488 1416 637 1475 ἔφησεν
657 1417 840 1473 ἀλλαχοῦ
855 1432 864 1441 ·
897 1419 970 1471 ,,εῗ
989 1416 1142 1460 ταύτὸν
1158 1415 1248 1471 εἶεν,
1269 1416 1317 1460 οὗ
1343 1414 1417 1460 δύο
1436 1415 1488 1460 ἂν
1506 1415 1595 1471 εἶεν,
1622 1416 1728 1460 ἀλλὰ

248 1489 325 1543 μία
347 1483 483 1545 φύσις.
519 1484 546 1543 ἦ
574 1485 652 1544 γὰρ
677 1484 872 1537 σύνθεσις
892 1487 940 1530 τὸ
962 1484 1163 1544 διάφορον
1187 1491 1271 1530 τῶν
1303 1483 1608 1542 συντρεχόντων
1640 1485 1730 1547 ᾄδει

249 1559 319 1600 καὶ
341 1553 577 1614 ἕτεροοῦσια
599 1554 700 1599 εἶναι
721 1557 881 1612 δηλοῖ.”
938 1555 1012 1615 (Ι.)
1041 1555 1134 1600 ’Ότι
1151 1557 1228 1612 μὲν
1251 1549 1324 1599 οῦν
1344 1556 1543 1614 ἐνέργειαν
1562 1557 1630 1598 καὶ
1652 1553 1787 1602 ‹515-20

249 1644 375 1682 ναμιν
391 1628 460 1669 καὶ
480 1627 632 1683 σοφίαν
650 1627 718 1669 καὶ
740 1626 859 1683 ζωὴν,
895 1628 962 1670 καὶ
984 1625 1064 1669 ὅσα
1088 1633 1176 1677 τοῖς
1197 1623 1436 1683 ἀνθρώποις
1457 1625 1606 1668 ἔπεισιν
1634 1625 1729 1669 ὄνο-

248 1695 390 1751 μάζειν
420 1695 468 1740 τὸ
499 1701 643 1749 θεῖον,
681 1695 735 1739 τιὶ
769 1701 852 1740 τῶν
881 1693 1143 1739 διδασκάλων
1174 1699 1249 1751 τῆς
1277 1699 1352 1738 τοῦ
1384 1699 1487 1739 θεοῦ
1515 1695 1730 1751 ἐκκλησίας

249 1764 438 1823 δόγματα
458 1764 517 1823 μὴ
542 1767 711 1824 διαιρεῖν
735 1770 811 1823 τῆς
840 1764 983 1818 οὐσίας
1012 1767 1078 1809 ἐπὶ
1110 1769 1214 1809 θεοῦ
1244 1772 1471 1824 συγχωρεῖ,
1513 1763 1607 1808 οῦτε
1640 1769 1731 1823 φῶς

252 1944 320 1979 bus
339 1946 502 1990 pugnat?
527 1945 597 1988 Qui
617 1945 735 1992 itaque
753 1944 851 1981 alteri
868 1944 1060 1987 maledicit,
1084 1956 1159 1979 eum
1189 1947 1326 1979 constat
1350 1946 1387 1980 et
1409 1943 1511 1980 alteri
1534 1943 1633 1979 simul
1657 1956 1731 1979 ma·-

251 1991 413 2027 ledicere.
471 1993 701 2034 Quamobrem
731 1993 888 2027 Palamas
913 2003 1036 2037 magno
1061 1991 1111 2026 illi
1139 1991 1308 2027 ecclesiae
1329 1991 1505 2026 defensori
1531 1991 1731 2033 Theodoro,

254 2042 379 2072 contra
403 2037 642 2074 iconomachos
667 2039 718 2074 sic
742 2039 931 2085 pugnanti,
954 2039 1032 2073 dum
1059 2038 1288 2081 convitiatur,
1311 2040 1430 2073 eodem
1455 2043 1610 2084 tempore
1628 2038 1731 2072 etiam

206 2112 211 2116 .
255 2084 387 2130 Magno
412 2085 542 2120 Basilio
570 2085 757 2121 convitium
784 2085 880 2120 facit.
936 2085 1002 2120 His
1029 2091 1141 2120 autem
1163 2085 1292 2120 sanctis
1320 2085 1483 2120 Patribus
1503 2084 1561 2131 qui
1585 2089 1730 2131 pugnat,

255 2142 333 2165 eum
358 2142 500 2165 necesse
521 2137 575 2166 est
601 2133 904 2174 heterodoxorum,
929 2132 1055 2178 quibus
1079 2131 1129 2166 issi
1152 2133 1374 2177 pugnabant,
1398 2131 1513 2180 videri
1536 2137 1731 2166 amatorem.

256 2177 308 2213 Et
321 2177 401 2212 hinc
418 2176 525 2222 igitur
549 2182 668 2223 patet,
691 2179 864 2213 Palamam
885 2178 920 2212 in
940 2180 1096 2213 omnibus
1123 2184 1293 2224 perpetuo
1314 2183 1350 2213 et
1369 2179 1586 2213 continenter
1601 2189 1731 2219 eorum,

257 2223 319 2268 qui
346 2223 600 2259 iconomachiae
627 2230 903 2271 propugnatores
932 2226 1092 2267 fuerunt,
1125 2225 1276 2270 vestigia
1306 2225 1493 2271 persequi,
1526 2225 1570 2259 ab
1603 2224 1732 2259 lumine

258 2269 457 2312 Thaborio,
480 2273 643 2316 tanquam
669 2273 713 2306 ab
744 2272 856 2318 aliquo
877 2272 1055 2318 perfugio,
1079 2272 1198 2306 itidem
1221 2278 1259 2306 ut
1274 2272 1350 2306 illos
1370 2271 1569 2316 profectum.
1617 2272 1732 2315 Atque

257 2316 347 2352 haec
363 2328 466 2351 causa
486 2321 549 2358 est,
575 2329 635 2352 cur
650 2318 792 2356 Thabor
809 2319 842 2353 ei
858 2330 992 2364 semper
1009 2319 1046 2353 in
1067 2330 1126 2353 ore
1143 2318 1199 2354 sit.
1239 2318 1341 2363 (lx.)
1359 2317 1432 2351 Sed
1450 2329 1504 2351 me
1523 2316 1605 2350 illud
1623 2329 1733 2362 paene

259 2362 395 2408 effugit.
443 2362 612 2398 Nimirum
635 2363 664 2398 si
684 2364 877 2399 substantia
899 2366 984 2400 nihii
1003 2365 1096 2400 aliud
1122 2369 1198 2407 est,
1222 2364 1290 2398 nisi
1312 2376 1369 2398 res
1390 2375 1452 2409 per
1473 2375 1511 2397 se
1530 2363 1732 2404 subsistens,

259 2421 325 2445 nec
346 2410 414 2445 alio
431 2421 537 2455 egens
553 2410 597 2444 ad
615 2410 867 2453 exsistentium,
891 2415 928 2446 ut
948 2417 985 2447 et
1001 2411 1144 2446 scientia
1168 2412 1282 2452 docet,
1307 2415 1343 2444 et
1362 2414 1504 2444 sanctus
1525 2410 1594 2444 iste
1610 2410 1733 2444 doctor

260 2468 367 2501 supra.
383 2455 540 2499 dixerat,
565 2456 632 2492 erit
648 2457 749 2492 etiam
767 2457 978 2503 operationis
998 2457 1152 2492 definitio
1176 2458 1316 2499 eadem,
1341 2456 1407 2491 etsi
1427 2456 1515 2502 ipsis
1541 2456 1734 2491 nominibus

250 2503 405 2537 ‘differre
423 2503 624 2538 videantur:
649 2503 738 2546 erit,
762 2504 921 2550 inquam,
945 2504 1100 2551 operatio
1125 2515 1180 2538 res
1200 2515 1263 2549 per
1280 2516 1318 2537 se
1341 2503 1554 2544 subsistens,
1578 2515 1643 2537 nec
1665 2501 1732 2536 alio

257 2561 363 2594 egens
383 2549 428 2585 ad
445 2550 688 2586 exsistendu'm.
734 2550 788 2585 Ita
807 2551 938 2597 quippe
956 2551 1153 2586 servabitur
1172 2549 1261 2584 ratio
1281 2549 1474 2584 identitatis
1486 2575 1498 2590 ‚
1522 2554 1561 2583 ut
1581 2548 1639 2583 ine
1658 2548 1733 2594 ipse

257 2607 377 2632 rursus
395 2596 477 2631 alibi
496 2596 596 2631 dixit.
642 2596 710 2638 „Si
730 2596 820 2631 idem
845 2602 944 2640 sunt,
975 2609 1058 2643 ergo
1087 2607 1154 2631 non
1172 2601 1251 2635 sunt
1277 2597 1367 2638 duo,
1392 2595 1454 2630 sed
1474 2595 1575 2630 unica
1597 2599 1732 2630 natura.

258 2643 471 2688 Compositio
488 2643 576 2678 enim
595 2642 825 2678 differentiam
843 2643 974 2679 indicat
992 2655 1121 2688 eorum,
1148 2654 1236 2688 quae
1253 2643 1353 2677 simul
1378 2645 1525 2684 coeunt,
1550 2653 1662 2687 eaque
1678 2641 1734 2675 di-

258 2700 383 2724 versae
403 2690 616 2725 substantiae
641 2701 716 2724 esse
736 2690 926 2725 declarat.”
970 2690 1055 2735 (X.)
1080 2689 1184 2731 Quod
1205 2688 1312 2734 igitur
1339 2689 1375 2723 in
1394 2689 1470 2723 Deo
1486 2689 1732 2733 operationem,

260 2739 298 2768 et
318 2736 528 2781 potentiam,
559 2741 596 2771 et
620 2735 843 2782 sapientiam,
869 2742 905 2771 et
934 2737 1059 2779 vitam,
1084 2741 1120 2771 et
1146 2747 1369 2781 quaecunque
1395 2735 1532 2770 nomine.
1558 2733 1735 2768 divinitati

259 2781 304 2815 ab
327 2782 517 2818 hominibus
538 2783 645 2817 tribui
664 2783 795 2825 solent,
820 2784 863 2817 ab
882 2783 1077 2818 substantia
1094 2781 1261 2827 distingui
1286 2793 1354 2816 nou
1383 2781 1561 2827 permittat
1578 2779 1734 2815 doctrina

259 2827 306 2863 ab
331 2829 499 2867 ecclesiae
522 2829 720 2866 doctoribus
742 2830 892 2874 tradita,
917 2842 981 2866 nec
1005 2829 1121 2866 lumen
1141 2827 1218 2864 dici
1242 2828 1434 2866 increatum
1450 2827 1565 2872 aliud,
1593 2830 1734 2874 praeter
