1794 3172
262 153 396 222 1000
665 160 983 207 NICEPHORI
1011 162 1337 212 GREGORAE

37 275 75 309 A·
89 273 136 308 M·
155 274 248 311 6859
261 270 449 328 σχεθέντι
459 305 473 327 ,
513 270 704 328 ἓμποὸὠν
725 275 810 315 τῶν
830 271 960 316 αὐτοῦ
978 270 1315 332 συγγραμμάτων
1337 274 1383 319 ἐκ
1397 280 1474 321 τοῦ
1501 284 1744 338 προφανοῦς
1787 323 1790 326 .

46 321 201 389 ’,ΜΛ
219 342 490 409 »ἱσταμένων
529 343 596 384 καὶ
627 340 969 397 ἒπιστομιζόντων
997 347 1213 402 λαμπρῶς.
1272 346 1340 388 καὶ
1375 346 1429 389 τὰ
1462 349 1539 403 μὲν
1571 354 1742 394 πλεῖστα

260 412 330 456 διὰ
358 416 492 468 μῆκος
521 413 589 454 καὶ
621 408 746 470 κόρον
775 419 978 470 παρεῖται.
1037 417 1113 470 τῆς
1147 413 1226 471 γὰρ
1260 413 1391 473 αὐτῆς
1427 416 1591 462 κάκεῖνα
1624 418 1742 462 ποιό-

256 498 383 538 τητος
410 476 476 538 ἦν.
532 478 670 538 ὥσπερ
702 482 782 539 γὰρ
812 482 878 525 ἐπὶ
914 480 1136 539 θαλάττης
1170 488 1320 540 πικρᾶς
1351 484 1400 528 οὗ
1432 485 1527 530 τόδε
1554 491 1629 543 μὲν
1661 494 1744 532 τῶν

253 555 392 609 μερῶν
426 550 656 595 ἀπωθεῖται
682 551 760 608 τὴν
786 557 945 609 γεῦσιν,
985 553 1112 597 ἐκεῖνο
1144 552 1188 595 δ’
1221 553 1296 596 02’1'·
1335 554 1442 598 ἀλλὰ
1469 555 1602 601 πάνθ’
1635 556 1771 613 ὃμοῦ5

255 621 331 677 τὴν
363 620 494 677 αὐτὴν
522 620 686 679 παρέχει
718 628 806 672 τοῖς
833 622 1066 680 γευομένοις
1094 621 1321 679 ποιότητα·
1369 623 1478 669 οὕτω
1517 628 1586 669 καὶ
1614 626 1740 670 πάντ’

255 692 387 734 ἐκεῖνα
426 690 606 749 τάνδρὸς
641 694 821 735 τουτουῖ·
851 690 1154 750 συγγράμματα
1195 697 1279 736 τῶν
1316 693 1455 738 αὐτῶν
1493 696 1745 754 ἓκπέφανται

255 765 538 818 βλασφημιῶν
562 758 749 817 ἐχόμενα.
798 762 1005 819 διαφορὰν
1022 763 1098 818 μὲν
1122 762 1200 820 γὰρ
1222 762 1323 813 ἴσως
1345 757 1460 822 εὗρεν
1485 764 1535 808 ἄν
1556 783 1618 816 τις
1637 766 1743 809 κατὰ

218 831 489 895 Ετὸμᾶλλον
515 832 583 875 καὶ
604 825 731 887 ’ἧττον
759 836 834 875 τοῦ
861 836 1150 889 βλασφημεῖν·
1187 834 1332 883 κακίας
1356 833 1402 876 δ’
1426 833 1547 879 οὐδὲν
1579 835 1743 893 οὐδαμῆ

259 905 343 945 τῶν
371 905 509 959 μερῶν
542 899 817 956 ἐξιστάμενον.
892 901 981 961 (Γ.)
1008 897 1090 945 Ἦν
1123 919 1166 959 γε
1187 902 1273 958 μὴν
1294 905 1429 946 τοιαδὶ
1459 904 1512 948 τὰ
1540 922 1740 963 προκομι-
1757 919 1794 953 10

105 981 146 1015 P.
166 980 235 1019 629
260 971 443 1024 σθέντα,
477 973 545 1014 καὶ
575 970 707 1022 οὕτως
730 967 1009 1027 ἴχοντα.***
1054 970 1149 1031 (A.)
1178 970 1351 1016 Τούτων
1378 972 1463 1017 ἔνια
1488 974 1563 1029 μὲν
1585 975 1660 1018 κάν
1685 980 1745 1034 τῷ

257 1038 410 1100 πρώτῳ
439 1044 515 1096 τῆς
547 1038 705 1098 ἡμέρας
734 1039 918 1097 βήματι,
964 1041 1302 1099 προκομισθὲντα
1329 1042 1435 1101 πρὸς
1469 1045 1594 1099 ἐμοῦ,
1631 1062 1747 1102 περι-

259 1114 372 1169 φανῆ
392 1109 467 1166 τὴν
490 1109 729 1170 ἀντίρρησιν
755 1109 944 1167 ἔσχηκεν,
983 1110 1040 1162 ὥς
1061 1111 1253 1170 ἀνωτέρω
1283 1130 1357 1166 μοι
1377 1113 1624 1171 γέγραπται·
1661 1118 1746 1158 τῶν

260 1179 305 1224 δ’
339 1179 476 1223 ἄλλων
506 1179 592 1224 ἔνια
622 1182 691 1223 καὶ
722 1180 848 1231 αὐτὸς
880 1179 1077 1238 ὡμολόγει
1104 1181 1211 1224 κατὰ
1237 1181 1313 1238 τὴν
1342 1182 1449 1233 λέξιν
1470 1181 1747 1240 ἡμαρτῆσθαι

260 1249 376 1310 αὐτῷ
386 1283 400 1305 ,
438 1251 506 1294 καὶ
525 1252 809 1309 διορθοῦσθαι
830 1248 1060 1306 ὑπισχνεῖτο
1075 1265 1085 1275 ·
1123 1250 1230 1294 κατὰ
1247 1251 1385 1306 μέντοι
1402 1252 1476 1296 τὸν
1493 1257 1593 1296 νοῦν
1614 1251 1741 1296 πάντ’
1758 1266 1794 1300 15

260 1318 363 1376 ἔχειν
383 1317 508 1378 ὖγιῶς
530 1321 755 1364 διετείνετο.
795 1319 1072 1364 ἀποδεικνύειν
1095 1320 1132 1364 δ’
1156 1319 1387 1378 ἀρξάμενος
1407 1321 1482 1365 οὐκ
1502 1320 1603 1378 εἶχεν
1622 1321 1749 1380 ἁγίων

219 1389 412 1434 Βοῦδένα
427 1387 661 1446 σύμμαχον,
697 1389 760 1433 ὅτι
779 1390 838 1446 μὴ
862 1390 1041 1446 συγχέων
1061 1392 1128 1434 καὶ
1147 1392 1452 1449 παραφθείρων
1467 1393 1535 1435 καὶ
1557 1391 1646 1447 ἅμα
1665 1411 1749 1436 πα·-

260 1457 570 1518 ρεξηγούμενος,
595 1461 662 1503 καὶ
675 1457 761 1503 οἷον
776 1459 902 1511 αὐτὸς
920 1459 1054 1520 ἑαυτῷ
1072 1458 1318 1515 μαχόμενος.
1351 1458 1462 1518 ὁγὰρ
1475 1465 1536 1521 τῷ
1548 1464 1679 1521 οἲκείω
1691 1466 1749 1522 νῷ

259 1529 337 1580 τὰς
359 1530 507 1580 οἰκείας
529 1529 651 1581 λέξεις
668 1529 727 1586 μὴ
756 1530 918 1573 τιθέναι
950 1529 1201 1588 συμφώνους
1233 1527 1458 1586 δυνάμενος
1488 1530 1600 1575 ἄκων
1622 1531 1750 1582 αὐτὸς

260 1597 395 1658 ἑαυτῷ
415 1598 612 1655 μάχεται·
638 1597 659 1643 ὃ
680 1599 724 1642 δ’
747 1597 882 1658 ἑαυτῷ
903 1598 1138 1655 μαχόμενος
1162 1604 1291 1658 σχολῇ
1313 1599 1467 1655 μεντᾶν
1489 1599 1615 1661 ἑτέρῳ
1638 1618 1746 1656 συμ-
1757 1613 1794 1649 2(

261 1670 420 1727 φωνοίη
434 1673 518 1713 τῶν
532 1667 714 1724 πάντων,
737 1673 866 1728 σχολῇ
881 1668 916 1712 δ’
940 1668 993 1714 ἂν
1013 1669 1238 1727 ἀπόσχοιτο
1257 1667 1410 1721 πάσαις
1422 1668 1547 1727 ἁγίων
1566 1678 1749 1729 γραφαῖς

359 1792 417 1827 11.
441 1790 577 1826 Desunt
592 1791 659 1826 hoc
680 1791 755 1827 loco
776 1790 936 1836 dogmata
956 1785 1125 1838 excerpta
1147 1803 1189 1827 ex
1209 1791 1307 1827 libris
1326 1791 1497 1828 Palamae.
1553 1791 1667 1827 Erant
1686 1803 1749 1827 au-

356 1842 428 1873 tem
448 1838 566 1884 capita
585 1838 724 1883 viginti,
749 1843 790 1873 ut
808 1838 900 1873 infra
923 1837 1068 1874 dicetur.
1116 1840 1184 1874 Hic
1201 1840 1358 1874 defectus
1377 1837 1535 1885 suppleri
1564 1843 1682 1884 potest
1705 1849 1749 1874 ex

358 1896 514 1919 errorum
535 1884 696 1919 Palamae
723 1885 896 1930 Synopsi,
920 1885 1015 1920 edita
1041 1886 1085 1920 ab
1102 1886 1264 1921 Arcudio.
1312 1887 1386 1921 Sed
1407 1891 1442 1920 et
1462 1897 1530 1919 non
1546 1897 1679 1931 pauca,
1704 1894 1748 1919 ex

358 1931 481 1965 iisdem
501 1931 664 1966 Palamae
682 1932 779 1966 libris
801 1935 988 1979 excerpta,
1011 1931 1103 1967 infra
1119 1933 1274 1979 reperies
1293 1933 1330 1967 in
1355 1931 1590 1980 disputatione
1608 1933 1748 1978 Grego-

357 1988 420 2013 rae
439 1989 517 2013 cum
537 1978 711 2013 Cabasiia.
734 1978 864 2014 BOIV.

264 2080 376 2128 ipsius
396 2081 538 2128 scriptis
555 2081 736 2117 manifeste
753 2080 937 2127 impeditus
950 2107 961 2123 ‚
984 2085 1020 2117 et
1037 2082 1139 2129 plane
1157 2084 1394 2119 obmutescere
1411 2085 1562 2119 coactus.
1607 2082 1658 2117 Ac
1673 2080 1749 2127 ple-

265 2140 398 2173 raque,
422 2128 513 2174 quod
537 2128 696 2174 longiora
723 2134 862 2170 essent,
895 2129 1029 2163 fastidii
1055 2129 1189 2165 vitandi
1215 2142 1319 2165 causa
1345 2128 1469 2164 omissa
1498 2131 1588 2163 sunt.
1636 2128 1751 2164 Erant

267 2175 399 2222 quippe
419 2174 479 2209 illa
495 2175 646 2210 eiusdem
666 2175 776 2210 omnia
795 2181 949 2212 naturae.
998 2176 1291 2216 Quemadmodum
1309 2177 1396 2212 enim
1414 2187 1508 2210 mare
1527 2174 1579 2209 ita
1601 2186 1751 2210 amarum

268 2227 343 2263 est,
367 2226 408 2256 ut
424 2233 491 2256 non
509 2221 625 2267 aliqua
641 2225 740 2268 parte
756 2227 892 2267 gustum
913 2222 1071 2268 repellat,
1097 2223 1212 2269 aliqua
1227 2223 1407 2265 admittat,
1428 2222 1490 2257 sed
1508 2221 1653 2256 eundem
1673 2221 1751 2255 ubi-

292 2281 336 2303 ue
356 2267 574 2313 gustantibus
601 2280 760 2314 saporem
782 2268 921 2310 obiicit3
947 2269 997 2303 ita
1021 2273 1057 2303 et
1078 2270 1179 2304 huius
1209 2270 1278 2304 viri
1307 2269 1438 2315 scripta
1462 2268 1578 2303 omnia
1603 2267 1647 2302 ad
1673 2280 1752 2302 eas-

267 2280 345 2350 dem
363 2314 593 2361 blasphemias
612 2315 788 2360 pertinere
805 2314 949 2350 evidens
969 2321 1034 2351 est.
1081 2315 1121 2350 In
1139 2315 1264 2361 quibus
1286 2315 1353 2350 etsi
1370 2317 1519 2350 fortasse
1534 2314 1659 2361 aliquis
1678 2326 1752 2348 ma-

268 2361 352 2397 ioris
378 2361 584 2407 minorisque
606 2361 792 2408 impietatis
813 2361 1010 2398 discrimina
1032 2362 1206 2408 reperiat,
1239 2369 1353 2398 tamen
1382 2373 1465 2408 pars
1493 2360 1587 2395 nulla
1607 2372 1752 2407 usquam

270 2412 372 2444 extra
398 2408 478 2443 mali
504 2408 615 2443 labem
644 2408 760 2454 posita
785 2408 999 2454 deprehendi
1025 2414 1152 2456 potest.
1211 2409 1315 2454 (111.)
1348 2408 1450 2450 Quae
1474 2412 1587 2443 autem
1618 2408 1753 2453 prolata

272 2459 363 2498 sunt,
385 2467 428 2490 ea
446 2454 613 2490 eiusmodi
625 2455 766 2490 fuerunt
785 2461 821 2489 et
832 2457 882 2490 ita
896 2456 1061 2491 habuere.
1072 2456 1089 2476 *
1101 2456 1147 2477 **
1171 2456 1273 2501 (lv.)
1295 2456 1426 2490 Horum
1443 2454 1610 2502 quaedam
1623 2454 1753 2499 primae

272 2502 438 2537 sessionis
461 2502 518 2537 die
537 2501 673 2549 prolata
690 2513 711 2535 a
730 2513 783 2536 me
798 2502 979 2548 palamque
995 2507 1032 2537 et
1049 2505 1171 2548 aperte
1187 2503 1341 2537 refutata
1362 2506 1461 2545 sunt,
1483 2506 1524 2536 ut
1541 2512 1646 2546 supra
1664 2501 1754 2534 scri·-

275 2548 342 2595 psi.
389 2550 430 2584 In
449 2549 598 2584 caeteris
616 2548 781 2595 quaedam
810 2552 845 2583 et
867 2548 941 2594 ipse
965 2549 1143 2584 fatebatur
1162 2560 1341 2595 perperam
1360 2560 1383 2583 a
1404 2560 1442 2582 se
1459 2560 1535 2582 esse
1555 2547 1753 2589 enunciata,

275 2607 386 2642 eaque
405 2608 444 2630 se
466 2598 696 2631 correcturum
722 2595 964 2641 promittebat3
989 2599 1026 2630 at
1044 2595 1080 2630 in
1104 2595 1258 2630 omnibus
1279 2594 1484 2630 sententiam
1507 2594 1618 2640 ipsam
1636 2605 1753 2628 sanam

274 2654 352 2677 esse
371 2642 611 2683 contendebat.
635 2642 730 2676 Idem
747 2653 889 2677 exorsus
899 2642 1075 2688 probando
1093 2653 1164 2677 rem
1181 2642 1428 2683 demonstrare,
1453 2641 1656 2675 Sanctorum
1673 2640 1753 2674 nul-

273 2687 342 2723 lum
361 2690 511 2724 habebat
528 2689 596 2724 sibi
614 2688 882 2733 suffragantem,
907 2688 975 2723 nisi
992 2701 1068 2723 cum
1087 2688 1181 2723 dicta
1207 2688 1442 2723 confundebat
1457 2692 1494 2722 et
1513 2687 1754 2731 corrumpebat

273 2740 310 2769 et
330 2736 417 2771 male
436 2735 752 2782 interpretabatur,
776 2739 814 2769 et
829 2746 943 2770 secum
958 2736 1035 2781 ipse
1049 2735 1148 2780 quasi
1164 2737 1354 2780 pugnabat.
1401 2733 1573 2779 Quisquis
1591 2733 1755 2767 videlicet

272 2782 382 2816 verba
404 2793 466 2817 sua
483 2794 559 2817 cum
577 2793 640 2817 sua
654 2781 763 2828 ipsius
785 2787 898 2816 mente
914 2781 1098 2817 conciliare
1115 2786 1152 2816 et
1170 2793 1374 2828 componere
1390 2793 1459 2816 non
1480 2784 1614 2826 potest,
1638 2779 1668 2813 is
1697 2791 1755 2813 se-

273 2839 350 2862 cum
366 2828 496 2863 invitus
513 2833 664 2875 pugnat:
688 2827 749 2875 qui
767 2839 852 2863 vero
871 2840 984 2863 secum
1001 2833 1155 2875 pugnat,
1179 2828 1210 2862 is
1226 2828 1491 2875 haudquaquam
1508 2837 1582 2860 cum
1597 2826 1664 2861 alio
1682 2826 1753 2860 ullo

272 2875 496 2923 consenserit,
515 2887 579 2912 nec
590 2875 708 2912 facere
725 2886 873 2923 unquam
891 2875 1015 2922 possit,
1039 2875 1123 2922 quin
1140 2875 1185 2911 ab
1202 2875 1359 2910 omnibus
1376 2876 1582 2910 Sanctorum
1599 2872 1754 2920 scriptis,
