1794 3172
539 98 1016 149 ANNOTATIONES.
1398 96 1534 146 1175

0 209 265 264 pachymeres
288 207 359 250 lib.
382 207 431 249 V.
459 222 550 263 cap.
569 208 644 250 XI.
674 208 730 249 ait
750 206 992 248 michaelem
1011 206 1065 249 ad
1086 207 1193 248 hanc
1212 206 1430 251 ineundam
1460 223 1531 251 ec-

0 269 212 308 clesiarum
232 267 491 307 concordiam
510 266 767 306 sollicitatum
790 280 814 305 a
840 266 1035 319 Gregorio
1060 267 1115 308 X.
1130 266 1263 319 Papa,
1286 268 1423 308 missis
1441 269 1532 322 qui-

0 325 168 366 busdam
185 339 235 364 ex
258 325 400 365 ordine
416 326 459 369 S.
480 325 684 364 Francisci
698 323 919 363 Fratribus.
949 324 1096 364 Verum
1115 338 1167 364 ex
1186 324 1251 375 iis,
1274 338 1377 377 quae
1394 326 1527 366 fusius

0 383 203 434 attigimus
229 383 271 421 in
301 382 405 422 Hist.
429 381 849 435 Franco-Byzantina
870 381 941 420 lib.
967 380 1015 420 V.
1035 395 1075 423 n.
1094 381 1177 421 LII.
1205 382 1277 424 lib.
1297 381 1367 424 VI.
1386 397 1427 422 n.
1454 384 1527 426 ΙΠ.

0 446 171 490 constat,
201 438 450 487 Michafflem,
471 452 553 492 quo
575 440 709 478 Caroli
731 438 858 478 minas
881 444 921 478 et
940 437 1130 479 bellicum
1154 438 1199 477 in
1223 452 1267 478 se
1288 447 1528 494 apparatum

0 497 253 546 retunderet,
291 509 490 536 summum
523 497 757 536 Pontificem
786 510 856 550 spe
889 497 1101 549 utriusque
1134 496 1325 536 ecclesiae
1364 499 1530 540 tandem

0 555 197 594 uniendae
220 553 270 592 ab
293 553 378 592 eius
398 553 583 606 partibus
605 561 786 594 avertere
803 560 990 593 conatum
1012 567 1112 597 esse.
1159 553 1209 594 Id
1223 567 1352 608 porro
1372 563 1531 608 gestum

0 612 72 652 sub
92 626 196 650 anno
220 611 512 651 MCCLXXIV.
570 625 748 652 necas-o.

114 672 213 722 Pag.
227 670 323 719 125,
338 672 376 711 7.
407 667 572 720 Δέχεται
583 666 658 721 τήν
667 668 883 722 πρεσβείαν
894 664 1075 721 ἆσμὲνως
1086 665 1109 709 ὅ
1126 663 1331 721 Πάππας]
1359 667 1530 710 Adscri-

0 725 147 780 psimus
165 725 217 764 ad
236 725 452 777 marginem
477 739 624 765 annum
646 725 793 765 Christi
810 725 1103 766 MCCLXXIII.
1159 725 1233 765 Est
1264 732 1397 766 autem
1425 727 1527 768 haec

0 782 152 823 Possini
176 782 460 835 chronologia,
492 783 816 823 observationum
834 782 1133 835 Pachymerian.
1166 783 1236 822 lib.
1258 783 1326 822 111.
1354 798 1441 838 cap.
1459 785 1526 826 VI.

0 854 36 881 n.
57 841 106 880 V.
165 841 376 880 Mauritius
394 840 539 891 David,
567 842 610 880 in
631 841 1042 880 animadversionibus
1068 838 1360 893 chronologicis
1381 842 1432 881 ad
1450 842 1526 882 Pa-

0 897 196 951 chymeris
215 897 474 948 michaelem,
501 912 542 937 n.
561 898 611 939 V.
644 898 853 938 Possinum
870 897 1150 952 reprehendit,
1193 904 1233 937 et
1262 899 1399 938 multis
1430 914 1526 953 pro-

0 954 66 995 bat
82 970 168 995 eam
185 956 423 1007 legationem
445 955 698 995 referendam
721 970 806 996 esse
827 956 878 995 ad
899 970 1045 995 anuum
1068 953 1217 994 Christi
1236 955 1524 1001 MCCLXXIV.

0 1012 143 1065 Verum
177 1013 357 1052 abutitur
391 1013 621 1052 testimonio
650 1013 935 1066 Pachymeris‚
979 1027 1068 1052 cum
1098 1013 1175 1065 ait,
1208 1011 1288 1052 Sed
1314 1012 1448 1053 nullus
1476 1013 1526 1055 de

0 1084 99 1110 anno
122 1069 351 1124 ambigendi
369 1080 488 1110 restat
511 1069 643 1120 locus,
670 1081 882 1125 postquam
907 1070 1159 1126 Pachymeres
1185 1068 1233 1108 de
1256 1068 1334 1110 hac
1358 1072 1446 1125 ipsa
1466 1070 1525 1111 le-

0 1129 151 1183 gatione
172 1126 364 1167 disserens
383 1142 474 1182 cap.
497 1132 565 1172 17.
583 1127 679 1169 libri
696 1132 736 1172 4.
752 1143 898 1167 annum
912 1126 1066 1167 Mundi
1082 1128 1214 1179 arguit
1227 1130 1353 1170 6782.
1375 1126 1522 1170 Indici.

0 1189 33 1228 2.
56 1194 251 1235 currente,
281 1186 351 1240 qui
370 1198 498 1224 annus
520 1184 725 1239 respondet
748 1200 853 1226 anno
876 1183 1022 1226 Christi
1042 1186 1167 1228 1274.
1221 1184 1325 1224 Nam
1354 1184 1523 1239 Pachy-

0 1255 119 1281 meres
141 1241 204 1281 his
223 1243 358 1282 verbis
383 1256 466 1281 non
490 1243 641 1282 indicat
665 1251 822 1296 tempus
843 1244 986 1282 missac
1012 1241 1247 1295 legationis,
1280 1241 1351 1282 sed
1381 1257 1522 1283 seces-

0 1299 115 1338 sionis
144 1298 306 1353 losephi
339 1300 619 1352 patriarchae,-
658 1315 775 1354 quem
802 1307 897 1352 post
931 1300 1074 1339 missos
1106 1299 1154 1338 ad
1183 1300 1336 1352 Papam
1366 1299 1520 1352 legatos

0 1356 200 1396 iecessisse
224 1357 369 1397 innuit.
428 1357 581 1407 Quodsi
608 1359 730 1411 legati
748 1358 923 1412 primum
950 1358 1059 1396 missi
1087 1363 1203 1408 sunt,
1233 1357 1378 1397 deinde
1402 1358 1521 1398 Iose—

0 1412 95 1467 phus
116 1416 300 1465 secessit,
332 1422 492 1468 oportet
513 1417 663 1467 legatos
685 1417 889 1469 profectos
912 1429 998 1455 esse
1018 1415 1084 1454 vel
1101 1428 1207 1453 anno
1227 1414 1515 1458 MCCLXXHI.

0 1477 176 1523 exeunte,
207 1473 274 1512 vel
292 1472 576 1513 MCCLXXIV.
601 1474 787 1523 ineunte,
827 1487 920 1512 cum
950 1471 1098 1512 ibidem
1120 1472 1229 1511 dicat
1251 1471 1517 1525 Pachymeres

0 1527 203 1580 Iosephum
238 1530 447 1569 secessisse
474 1530 545 1570 die
577 1531 648 1570 XI.
690 1530 837 1571 mensis
876 1530 1051 1569 Ianuarii
1090 1529 1212 1584 (anni
1240 1530 1397 1570 scilicet
1422 1529 1516 1574 Chr.

0 1584 309 1640 uceLXXIV.).
366 1600 518 1628 noxvm.

102 1646 197 1695 Pag.
228 1645 324 1694 125,
357 1649 424 1688 11.
480 1638 584 1696 Ἐφ’
610 1640 693 1698 ὅρῳ
722 1647 848 1701 τριῶν
875 1643 1130 1696 κεφαλαίων]
1168 1643 1246 1683 Hic
1282 1643 1516 1699 interpretis

0 1700 212 1740 rersionem
238 1703 363 1756 paulo
396 1701 706 1742 immutavimus.
763 1703 802 1742 Is
833 1701 939 1742 enim
968 1701 1166 1742 ediderat:
1191 1702 1364 1755 primum
1393 1712 1436 1742 ut
1471 1705 1516 1743 in

0 1773 187 1798 >actorum
209 1757 450 1798 voluminum
461 1758 686 1812 hymnodiis
700 1762 831 1813 Papae
851 1774 939 1799 cum
961 1769 1132 1813 quatuor
1146 1758 1390 1813 patriarchis
1405 1775 1516 1799 men-

0 1816 180 1869 iofierei.
236 1814 424 1855 Alterum
452 1826 495 1856 ut
527 1815 659 1856 liceret
686 1818 812 1856 cuivis
836 1814 1011 1855 Romam
1044 1826 1231 1861 veterem,
1270 1831 1371 1871 quae
1400 1818 1514 1857 curia

0 1873 113 1912 naim·
150 1883 186 1912 et
220 1872 434 1927 perfectior
462 1884 581 1924 esset,
621 1872 835 1927 appellare.
899 1873 1074 1913 Tertium
1102 1883 1145 1912 ut
1172 1871 1238 1913 illi
1260 1875 1513 1928 principatus

0 1944 26 1968 n
52 1929 234 1969 omnihus
256 1928 484 1986 deferretur.
540 1931 643 1971 Vide
665 1930 902 1984 Pachymer.
918 1930 991 1970 lib.
1012 1931 1059 1971 V.
1085 1945 1171 1985 cap.
1190 1931 1262 1970 XL
1285 1937 1326 1971 et
1344 1930 1513 1973 Phran-

0 1999 67 2025 :em
89 1986 160 2027 lib.
182 1987 211 2029 Ι.
239 2001 329 2040 cap.
351 1988 418 2027 vl.
474 2002 647 2031 nucaxo.

97 2046 194 2098 Peg.
228 2046 324 2095 125,
355 2050 423 2089 23.
477 2049 559 2087 Τοῦ
580 2043 911 2101 ’Λρχιστρατηγοῦ
926 2044 1059 2102 μονῇ]
1091 2045 1214 2095 Quod
1237 2044 1400 2099 quidem
1416 2060 1510 2085 mo-

0 2104 200 2141 nasterium
230 2102 274 2141 in
300 2103 458 2156 Anaplo
490 2104 633 2145 statuit
673 2103 935 2157 pachymeres
976 2103 1049 2144 lib.
1075 2103 1125 2144 V.
1163 2117 1254 2157 cap.
1290 2103 1339 2144 V.
1365 2111 1407 2144 et
1433 2105 1508 2146 lx,

0 2172 154 2201 sumne.

94 2218 193 2269 Pag-
224 2219 321 2266 126,
352 2219 420 2261 11.
467 2212 536 2259 Ἐν
555 2220 683 2274 στενῷ
698 2216 859 2273 μέντοι]
887 2217 1042 2259 Ibidem
1064 2216 1298 2271 Pachymer.
1316 2232 1401 2272 cap.
1415 2217 1505 2260 ΧΠ.

0 2272 126 2313 [VIII.
148 2274 259 2316 XIX.
278 2276 372 2314 XX.
426 2289 605 2318 nocuo.

92 2333 188 2384 Pag-
219 2335 317 2383 127,
346 2335 412 2376 16.
468 2329 721 2387 Δημεύσεις,
750 2331 926 2386 ἐξορίαι]
955 2332 1196 2387 Pachymer.
1225 2332 1365 2374 eodem
1397 2331 1504 2397 libro

0 2388 940 2502 ᾃῗέἒῗὲἐξῖαέἒὲςῖἕ..ῖῗῖἑέξὲζξέἳξὴ
962 2389 1503 2489 ἷῗᾶδιῖ’“ῑξῑὶ“ῗί.ἓ““““

90 2505 187 2558 Pog·
219 2507 315 2557 128,
343 2509 386 2549 7.
445 2507 500 2548 Οἷ
529 2505 605 2561 μὲν
635 2503 866 2562 Ἀρσενίου]
910 2504 1103 2560 Pachym.
1146 2506 1217 2547 lib.
1248 2505 1295 2546 V.
1332 2517 1419 2557 cap.
1447 2502 1501 2544 11.

1 2572 151 2600 nme.

0 2620 326 2716 ὡιΡὲζζεΐὶξὲἱ
329 2622 409 2716 ”1213
454 2616 536 2718 ‚Fffi
563 2617 722 2724 τούέιὸιέ
753 2619 893 2675 μέντοι
915 2625 1003 2671 τοῖς
1033 2617 1213 2675 καιροῖς]
1241 2616 1344 2659 Vide
1371 2617 1498 2658 Leon.

404 2693 464 2718 rei
538 2709 549 2719 .
604 2709 614 2719 .
719 2709 730 2718 .
785 2692 940 2722 κοινοῖ.

88 2734 182 2784 Pag-
214 2736 310 2782 128,
341 2737 407 2779 15.
451 2693 611 2789 ’ξᾙομῐὲι
631 2736 781 2789 Βέκος]
818 2735 1054 2789 Pachymer.
1081 2734 1152 2775 lib·
1186 2732 1234 2772 V·
1267 2744 1359 2784 ⁰³1³·
1385 2730 1494 2773 ΧῙΠ·

0 2786 76 2829 JV.
99 2789 189 2829 XV.
214 2790 346 2834 XXII.
365 2793 515 2836 XXIV.
543 2795 730 2836 XXVIII.
769 2795 890 2836 vecci
919 2793 1177 2849 patriarchae
1205 2789 1496 2830 Constantino-
