<?xml version="1.0" encoding="UTF-8"?>
<!DOCTYPE html PUBLIC "-//W3C//DTD XHTML 1.0 Transitional//EN"
    "http://www.w3.org/TR/xhtml1/DTD/xhtml1-transitional.dtd">
<html xmlns="http://www.w3.org/1999/xhtml" xml:lang="en" lang="en">
 <head>
  <title>
</title>
<meta http-equiv="Content-Type" content="text/html;charset=utf-8" />
  <meta name='ocr-system' content='tesseract 3.04.00' />
  <meta name='ocr-capabilities' content='ocr_page ocr_carea ocr_par ocr_line ocrx_word'/>
</head>
<body>
  <div class='ocr_page' id='page_1' title='image "./corpusscriptorum39niebuoft_0020.png"; bbox 0 0 1794 3172; ppageno 0'>
   <div class='ocr_carea' id='block_1_1' title="bbox 218 128 1311 181">
    <p class='ocr_par' dir='ltr' id='par_1_1' title="bbox 218 128 1311 181">
     <span class='ocr_line' id='line_1_1' title="bbox 218 128 1311 181; baseline 0.003 -3"><span class='ocrx_word' id='word_1_1' title='bbox 218 128 322 178; x_wconf 85' lang='lat'><strong>578</strong></span> <span class='ocrx_word' id='word_1_2' title='bbox 510 169 514 173; x_wconf 83' lang='lat'><strong>.</strong></span> <span class='ocrx_word' id='word_1_3' title='bbox 631 135 949 180; x_wconf 87' lang='lat' dir='ltr'>NICEPHORI</span> <span class='ocrx_word' id='word_1_4' title='bbox 977 135 1311 181; x_wconf 78' lang='lat' dir='ltr'><strong>GREGORAE</strong></span> 
     </span>
    </p>
   </div>
   <div class='ocr_carea' id='block_1_2' title="bbox 0 245 1766 1835">
    <p class='ocr_par' dir='ltr' id='par_1_2' title="bbox 0 245 1766 1835">
     <span class='ocr_line' id='line_1_2' title="bbox 0 245 1697 307; baseline -0.001 -17"><span class='ocrx_word' id='word_1_5' title='bbox 0 264 39 298; x_wconf 67' lang='lat' dir='ltr'><strong>A,</strong></span> <span class='ocrx_word' id='word_1_6' title='bbox 56 263 101 296; x_wconf 81' lang='grc' dir='ltr'><strong>Μ,</strong></span> <span class='ocrx_word' id='word_1_7' title='bbox 120 248 290 300; x_wconf 79' lang='grc' dir='ltr'><em>6849καὶ</em></span> <span class='ocrx_word' id='word_1_8' title='bbox 322 246 365 299; x_wconf 84' lang='grc' dir='ltr'><strong>ἐς</strong></span> <span class='ocrx_word' id='word_1_9' title='bbox 395 246 472 304; x_wconf 83' lang='grc' dir='ltr'><em>τὴν</em></span> <span class='ocrx_word' id='word_1_10' title='bbox 499 245 847 305; x_wconf 79' lang='grc' dir='ltr'><em>αῧτοκρατορικὴν</em></span> <span class='ocrx_word' id='word_1_11' title='bbox 873 246 1006 290; x_wconf 76' lang='grc' dir='ltr'><em>οἰκίαν</em></span> <span class='ocrx_word' id='word_1_12' title='bbox 1044 247 1398 305; x_wconf 71' lang='grc' dir='ltr'><em>παρεισφθαρεὶς,</em></span> <span class='ocrx_word' id='word_1_13' title='bbox 1433 245 1504 294; x_wconf 72' lang='grc' dir='ltr'><em>ἐπ’,</em></span> <span class='ocrx_word' id='word_1_14' title='bbox 1534 245 1697 307; x_wconf 69' lang='grc' dir='ltr'><em>ὀλέθρῳ</em></span> 
     </span>
     <span class='ocr_line' id='line_1_3' title="bbox 51 312 1699 394; baseline -0.001 -33"><span class='ocrx_word' id='word_1_15' title='bbox 51 312 122 391; x_wconf 55' lang='grc' dir='ltr'><strong>ῙΠὶξ</strong></span> <span class='ocrx_word' id='word_1_16' title='bbox 138 312 298 394; x_wconf 61' lang='grc' dir='ltr'><em>ἓ58τῆς</em></span> <span class='ocrx_word' id='word_1_17' title='bbox 311 321 394 361; x_wconf 82' lang='grc' dir='ltr'><em>τῶν</em></span> <span class='ocrx_word' id='word_1_18' title='bbox 410 316 628 373; x_wconf 82' lang='grc' dir='ltr'><em>Ρωμαίων,</em></span> <span class='ocrx_word' id='word_1_19' title='bbox 651 314 707 366; x_wconf 82' lang='grc' dir='ltr'><strong>ὥς</strong></span> <span class='ocrx_word' id='word_1_20' title='bbox 726 315 840 370; x_wconf 67' lang='grc' dir='ltr'><em>ἔοικε,</em></span> <span class='ocrx_word' id='word_1_21' title='bbox 866 314 993 372; x_wconf 78' lang='grc' dir='ltr'><em>τύχης</em></span> <span class='ocrx_word' id='word_1_22' title='bbox 1014 318 1083 358; x_wconf 82' lang='grc' dir='ltr'><em>καὶ</em></span> <span class='ocrx_word' id='word_1_23' title='bbox 1106 315 1302 366; x_wconf 74' lang='grc' dir='ltr'><em>εὐδοξίας.</em></span> <span class='ocrx_word' id='word_1_24' title='bbox 1327 315 1416 375; x_wconf 85' lang='grc' dir='ltr'>(Γ.)</span> <span class='ocrx_word' id='word_1_25' title='bbox 1441 315 1589 377; x_wconf 71' lang='grc' dir='ltr'><em>Τούτῳ</em></span> <span class='ocrx_word' id='word_1_26' title='bbox 1611 318 1699 360; x_wconf 87' lang='grc' dir='ltr'><em>τοί-</em></span> 
     </span>
     <span class='ocr_line' id='line_1_4' title="bbox 120 381 1700 445; baseline -0.003 -13"><span class='ocrx_word' id='word_1_27' title='bbox 120 381 129 391; x_wconf 52' lang='lat'><strong>⁶</strong></span> <span class='ocrx_word' id='word_1_28' title='bbox 219 405 293 432; x_wconf 85' lang='grc' dir='ltr'><strong>νυν</strong></span> <span class='ocrx_word' id='word_1_29' title='bbox 313 386 396 443; x_wconf 76' lang='grc' dir='ltr'><strong>ἤδη</strong></span> <span class='ocrx_word' id='word_1_30' title='bbox 415 386 557 444; x_wconf 84' lang='grc' dir='ltr'><em>καιρὸν</em></span> <span class='ocrx_word' id='word_1_31' title='bbox 575 385 676 442; x_wconf 72' lang='grc' dir='ltr'><em>ἔχειν</em></span> <span class='ocrx_word' id='word_1_32' title='bbox 697 384 830 445; x_wconf 73' lang='grc' dir='ltr'><em>ἐαυτῷ</em></span> <span class='ocrx_word' id='word_1_33' title='bbox 853 390 1081 443; x_wconf 74' lang='grc' dir='ltr'><em>περιθεῖναι</em></span> <span class='ocrx_word' id='word_1_34' title='bbox 1101 385 1147 429; x_wconf 83' lang='grc' dir='ltr'><strong>τὸ</strong></span> <span class='ocrx_word' id='word_1_35' title='bbox 1170 387 1379 440; x_wconf 80' lang='grc' dir='ltr'><em>βασίλειον</em></span> <span class='ocrx_word' id='word_1_36' title='bbox 1410 384 1562 444; x_wconf 79' lang='grc' dir='ltr'><em>κράτος</em></span> <span class='ocrx_word' id='word_1_37' title='bbox 1581 387 1700 442; x_wconf 91' lang='grc' dir='ltr'><em>νομί-</em></span> 
     </span>
     <span class='ocr_line' id='line_1_5' title="bbox 219 453 1701 515; baseline -0.001 -14"><span class='ocrx_word' id='word_1_38' title='bbox 219 469 339 501; x_wconf 84' lang='grc' dir='ltr'><em>σαντι</em></span> <span class='ocrx_word' id='word_1_39' title='bbox 373 457 555 515; x_wconf 80' lang='grc' dir='ltr'><em>παντοίῳ</em></span> <span class='ocrx_word' id='word_1_40' title='bbox 589 462 675 506; x_wconf 80' lang='grc' dir='ltr'><em>τοῖς</em></span> <span class='ocrx_word' id='word_1_41' title='bbox 702 453 983 512; x_wconf 75' lang='grc' dir='ltr'><em>ἐπιχειρήμασι</em></span> <span class='ocrx_word' id='word_1_42' title='bbox 1013 455 1120 498; x_wconf 81' lang='grc' dir='ltr'><em>κατὰ</em></span> <span class='ocrx_word' id='word_1_43' title='bbox 1147 455 1220 498; x_wconf 82' lang='grc' dir='ltr'><em>τὸν</em></span> <span class='ocrx_word' id='word_1_44' title='bbox 1242 455 1423 512; x_wconf 76' lang='grc' dir='ltr'><em>Πρωτέα</em></span> <span class='ocrx_word' id='word_1_45' title='bbox 1443 455 1516 499; x_wconf 83' lang='grc' dir='ltr'><em>τὸν</em></span> <span class='ocrx_word' id='word_1_46' title='bbox 1541 454 1701 514; x_wconf 79' lang='grc' dir='ltr'><em>Φάριον</em></span> 
     </span>
     <span class='ocr_line' id='line_1_6' title="bbox 218 522 1729 584; baseline -0.001 -15"><span class='ocrx_word' id='word_1_47' title='bbox 218 523 331 584; x_wconf 82' lang='grc' dir='ltr'><em>ἐπῄει</em></span> <span class='ocrx_word' id='word_1_48' title='bbox 349 526 549 582; x_wconf 73' lang='grc' dir='ltr'><em>γίνεσθαι.</em></span> <span class='ocrx_word' id='word_1_49' title='bbox 586 525 654 568; x_wconf 79' lang='grc' dir='ltr'><em>καὶ</em></span> <span class='ocrx_word' id='word_1_50' title='bbox 672 528 747 567; x_wconf 79' lang='grc' dir='ltr'><strong>νῦν</strong></span> <span class='ocrx_word' id='word_1_51' title='bbox 764 525 839 579; x_wconf 72' lang='grc' dir='ltr'><em>μὲν</em></span> <span class='ocrx_word' id='word_1_52' title='bbox 861 524 1024 582; x_wconf 78' lang='grc' dir='ltr'><em>περιϊών</em></span> <span class='ocrx_word' id='word_1_53' title='bbox 1047 526 1114 567; x_wconf 85' lang='grc' dir='ltr'><em>καὶ</em></span> <span class='ocrx_word' id='word_1_54' title='bbox 1133 522 1338 568; x_wconf 76' lang='grc' dir='ltr'><em>θωπεύων</em></span> <span class='ocrx_word' id='word_1_55' title='bbox 1358 523 1406 568; x_wconf 80' lang='grc' dir='ltr'><strong>οὐ</strong></span> <span class='ocrx_word' id='word_1_56' title='bbox 1425 523 1542 581; x_wconf 81' lang='grc' dir='ltr'><em>μάλα</em></span> <span class='ocrx_word' id='word_1_57' title='bbox 1560 525 1729 581; x_wconf 74' lang='grc' dir='ltr'><em>ἠμέλειὸ</em></span> 
     </span>
     <span class='ocr_line' id='line_1_7' title="bbox 217 592 1700 653; baseline -0.001 -14"><span class='ocrx_word' id='word_1_58' title='bbox 217 594 564 651; x_wconf 82' lang='grc' dir='ltr'><em>Καντακουζηνόν</em></span> <span class='ocrx_word' id='word_1_59' title='bbox 575 627 588 647; x_wconf 90' lang='grc'>,</span> <span class='ocrx_word' id='word_1_60' title='bbox 626 598 832 638; x_wconf 72' lang='grc' dir='ltr'><em>συνωθῶν</em></span> <span class='ocrx_word' id='word_1_61' title='bbox 850 594 904 637; x_wconf 82' lang='grc' dir='ltr'><strong>τὰ</strong></span> <span class='ocrx_word' id='word_1_62' title='bbox 924 594 1085 653; x_wconf 78' lang='grc' dir='ltr'><em>ἐρυθρὰ</em></span> <span class='ocrx_word' id='word_1_63' title='bbox 1107 592 1406 650; x_wconf 70' lang='grc' dir='ltr'><em>ὑποδήσασθαι</em></span> <span class='ocrx_word' id='word_1_64' title='bbox 1434 592 1700 650; x_wconf 71' lang='grc' dir='ltr'><em>ὑποδήματα·</em></span> 
     </span>
     <span class='ocr_line' id='line_1_8' title="bbox 217 662 1703 722; baseline -0.001 -14"><span class='ocrx_word' id='word_1_65' title='bbox 217 665 324 721; x_wconf 79' lang='grc' dir='ltr'><em>μηδὲ</em></span> <span class='ocrx_word' id='word_1_66' title='bbox 343 664 422 722; x_wconf 68' lang='grc' dir='ltr'><strong>γὰρ</strong></span> <span class='ocrx_word' id='word_1_67' title='bbox 442 662 543 708; x_wconf 79' lang='grc' dir='ltr'><em>εἶναι</em></span> <span class='ocrx_word' id='word_1_68' title='bbox 563 662 689 720; x_wconf 70' lang='grc' dir='ltr'><em>λέγων</em></span> <span class='ocrx_word' id='word_1_69' title='bbox 705 663 754 706; x_wconf 85' lang='grc' dir='ltr'><strong>τὸ</strong></span> <span class='ocrx_word' id='word_1_70' title='bbox 769 667 913 720; x_wconf 82' lang='grc' dir='ltr'><em>χρῆμα</em></span> <span class='ocrx_word' id='word_1_71' title='bbox 933 663 1088 718; x_wconf 78' lang='grc' dir='ltr'><em>καινὸν,</em></span> <span class='ocrx_word' id='word_1_72' title='bbox 1128 662 1309 721; x_wconf 79' lang='grc' dir='ltr'><em>ἀνάγκην</em></span> <span class='ocrx_word' id='word_1_73' title='bbox 1329 662 1525 715; x_wconf 78' lang='grc' dir='ltr'><em>πολλάκις</em></span> <span class='ocrx_word' id='word_1_74' title='bbox 1543 665 1703 722; x_wconf 79' lang='grc' dir='ltr'><em>ἐπενεγ-</em></span> 
     </span>
     <span class='ocr_line' id='line_1_9' title="bbox 219 731 1704 791; baseline -0.001 -13"><span class='ocrx_word' id='word_1_75' title='bbox 219 732 365 784; x_wconf 78' lang='grc' dir='ltr'><em>κόντος</em></span> <span class='ocrx_word' id='word_1_76' title='bbox 375 738 450 778; x_wconf 81' lang='grc' dir='ltr'><strong>τοῦ</strong></span> <span class='ocrx_word' id='word_1_77' title='bbox 468 733 684 789; x_wconf 76' lang='grc' dir='ltr'><em>βασιλέως,</em></span> <span class='ocrx_word' id='word_1_78' title='bbox 701 733 777 789; x_wconf 76' lang='grc' dir='ltr'><em>τὴν</em></span> <span class='ocrx_word' id='word_1_79' title='bbox 796 731 1018 791; x_wconf 85' lang='grc' dir='ltr'><em>πορφύραν</em></span> <span class='ocrx_word' id='word_1_80' title='bbox 1038 737 1240 791; x_wconf 83' lang='grc' dir='ltr'><em>λαμπρῶς</em></span> <span class='ocrx_word' id='word_1_81' title='bbox 1260 731 1472 777; x_wconf 72' lang='grc' dir='ltr'><em>ὑποδύντα</em></span> <span class='ocrx_word' id='word_1_82' title='bbox 1494 739 1704 789; x_wconf 84' lang='grc' dir='ltr'><em>συμβασι-</em></span> 
     </span>
     <span class='ocr_line' id='line_1_10' title="bbox 183 801 1701 862; baseline -0.002 -12"><span class='ocrx_word' id='word_1_83' title='bbox 183 801 366 857; x_wconf 79' lang='grc' dir='ltr'><em>Βλεύειν,</em></span> <span class='ocrx_word' id='word_1_84' title='bbox 382 803 496 862; x_wconf 74' lang='grc' dir='ltr'><em>αὐτῷ</em></span> <span class='ocrx_word' id='word_1_85' title='bbox 505 803 580 858; x_wconf 75' lang='grc' dir='ltr'><em>μὲν</em></span> <span class='ocrx_word' id='word_1_86' title='bbox 592 801 770 860; x_wconf 72' lang='grc' dir='ltr'><em>περιόντι</em></span> <span class='ocrx_word' id='word_1_87' title='bbox 791 807 849 862; x_wconf 78' lang='grc' dir='ltr'><strong>τῷ</strong></span> <span class='ocrx_word' id='word_1_88' title='bbox 868 804 962 861; x_wconf 79' lang='grc' dir='ltr'><strong>βίῳ,</strong></span> <span class='ocrx_word' id='word_1_89' title='bbox 989 804 1141 846; x_wconf 79' lang='grc' dir='ltr'><em>ἐκείνου</em></span> <span class='ocrx_word' id='word_1_90' title='bbox 1155 805 1179 845; x_wconf 84' lang='grc' dir='ltr'><em>δ</em></span> <span class='ocrx_word' id='word_1_91' title='bbox 1186 803 1198 818; x_wconf 78' lang='lat'>²</span> <span class='ocrx_word' id='word_1_92' title='bbox 1222 803 1352 853; x_wconf 73' lang='grc' dir='ltr'><em>εὐθὺς</em></span> <span class='ocrx_word' id='word_1_93' title='bbox 1372 802 1701 857; x_wconf 78' lang='grc' dir='ltr'><em>ἀπαλλάξαντος,</em></span> 
     </span>
     <span class='ocr_line' id='line_1_11' title="bbox 214 870 1762 933; baseline -0.003 -16"><span class='ocrx_word' id='word_1_94' title='bbox 214 873 386 931; x_wconf 84' lang='grc' dir='ltr'><em>Ἰωάννῃ</em></span> <span class='ocrx_word' id='word_1_95' title='bbox 419 877 480 933; x_wconf 78' lang='grc' dir='ltr'><strong>τῷ</strong></span> <span class='ocrx_word' id='word_1_96' title='bbox 512 872 589 932; x_wconf 76' lang='grc' dir='ltr'><strong>υἱῷ</strong></span> <span class='ocrx_word' id='word_1_97' title='bbox 618 873 685 915; x_wconf 83' lang='grc' dir='ltr'><em>καὶ</em></span> <span class='ocrx_word' id='word_1_98' title='bbox 714 872 791 931; x_wconf 76' lang='grc' dir='ltr'><em>νέῳ</em></span> <span class='ocrx_word' id='word_1_99' title='bbox 819 876 993 927; x_wconf 76' lang='grc' dir='ltr'><em>βασιλεῖ.</em></span> <span class='ocrx_word' id='word_1_100' title='bbox 1032 870 1132 915; x_wconf 72' lang='grc' dir='ltr'><em>εἶναι</em></span> <span class='ocrx_word' id='word_1_101' title='bbox 1151 871 1229 930; x_wconf 78' lang='grc' dir='ltr'><strong>γὰρ</strong></span> <span class='ocrx_word' id='word_1_102' title='bbox 1255 874 1426 916; x_wconf 74' lang='grc' dir='ltr'><em>διπλοῦν</em></span> <span class='ocrx_word' id='word_1_103' title='bbox 1447 875 1515 916; x_wconf 87' lang='grc' dir='ltr'><em>καὶ</em></span> <span class='ocrx_word' id='word_1_104' title='bbox 1537 871 1704 931; x_wconf 80' lang='grc' dir='ltr'><em>σφόδρα</em></span> <span class='ocrx_word' id='word_1_105' title='bbox 1720 877 1762 912; x_wconf 87' lang='grc'><strong>10</strong></span> 
     </span>
     <span class='ocr_line' id='line_1_12' title="bbox 92 940 1705 1002; baseline -0.001 -16"><span class='ocrx_word' id='word_1_106' title='bbox 92 953 135 986; x_wconf 87' lang='lat' dir='ltr'><strong>V.</strong></span> <span class='ocrx_word' id='word_1_107' title='bbox 145 953 211 989; x_wconf 75' lang='lat'><strong>291</strong></span> <span class='ocrx_word' id='word_1_108' title='bbox 227 942 449 1000; x_wconf 76' lang='grc' dir='ltr'><em>ἀναγκαῖον</em></span> <span class='ocrx_word' id='word_1_109' title='bbox 471 947 530 1002; x_wconf 75' lang='grc' dir='ltr'><strong>τῷ</strong></span> <span class='ocrx_word' id='word_1_110' title='bbox 548 946 624 985; x_wconf 81' lang='grc' dir='ltr'><strong>τοῦ</strong></span> <span class='ocrx_word' id='word_1_111' title='bbox 643 941 846 997; x_wconf 80' lang='grc' dir='ltr'><em>βασιλέως</em></span> <span class='ocrx_word' id='word_1_112' title='bbox 870 942 913 985; x_wconf 84' lang='grc' dir='ltr'><strong>ἐκ</strong></span> <span class='ocrx_word' id='word_1_113' title='bbox 935 945 1091 985; x_wconf 82' lang='grc' dir='ltr'><em>πολλοῦ</em></span> <span class='ocrx_word' id='word_1_114' title='bbox 1113 946 1253 1002; x_wconf 72' lang='grc' dir='ltr'><em>σκοπῷ</em></span> <span class='ocrx_word' id='word_1_115' title='bbox 1274 942 1322 986; x_wconf 86' lang='grc' dir='ltr'><strong>τὸ</strong></span> <span class='ocrx_word' id='word_1_116' title='bbox 1346 940 1496 986; x_wconf 87' lang='grc' dir='ltr'><em>καλόν·</em></span> <span class='ocrx_word' id='word_1_117' title='bbox 1529 942 1592 986; x_wconf 77' lang='lat' dir='ltr'><strong>‘lv’</strong></span> <span class='ocrx_word' id='word_1_118' title='bbox 1616 942 1705 998; x_wconf 81' lang='grc' dir='ltr'><em>ἅμα</em></span> 
     </span>
     <span class='ocr_line' id='line_1_13' title="bbox 219 1010 1702 1069; baseline 0 -14"><span class='ocrx_word' id='word_1_119' title='bbox 219 1013 296 1069; x_wconf 75' lang='grc' dir='ltr'><em>μὲν</em></span> <span class='ocrx_word' id='word_1_120' title='bbox 319 1012 460 1063; x_wconf 79' lang='grc' dir='ltr'><em>αὐτοῖς</em></span> <span class='ocrx_word' id='word_1_121' title='bbox 481 1013 722 1055; x_wconf 80' lang='grc' dir='ltr'><em>συνδιοικιῦν</em></span> <span class='ocrx_word' id='word_1_122' title='bbox 744 1011 797 1054; x_wconf 79' lang='grc' dir='ltr'><strong>τὰ</strong></span> <span class='ocrx_word' id='word_1_123' title='bbox 829 1015 904 1068; x_wconf 79' lang='grc' dir='ltr'><strong>τῆς</strong></span> <span class='ocrx_word' id='word_1_124' title='bbox 922 1012 1135 1066; x_wconf 75' lang='grc' dir='ltr'><em>βασιλείας</em></span> <span class='ocrx_word' id='word_1_125' title='bbox 1156 1012 1240 1066; x_wconf 80' lang='grc' dir='ltr'><em>εἶἠς</em></span> <span class='ocrx_word' id='word_1_126' title='bbox 1261 1010 1486 1069; x_wconf 77' lang='grc' dir='ltr'><em>πράγματα</em></span> <span class='ocrx_word' id='word_1_127' title='bbox 1496 1046 1509 1066; x_wconf 86' lang='grc'>,</span> <span class='ocrx_word' id='word_1_128' title='bbox 1549 1011 1637 1067; x_wconf 80' lang='grc' dir='ltr'><em>ἅμα</em></span> <span class='ocrx_word' id='word_1_129' title='bbox 1657 1012 1702 1055; x_wconf 77' lang='grc' dir='ltr'><strong>δ’</strong></span> 
     </span>
     <span class='ocr_line' id='line_1_14' title="bbox 221 1078 1706 1140; baseline -0.001 -14"><span class='ocrx_word' id='word_1_130' title='bbox 221 1083 438 1140; x_wconf 71' lang='grc' dir='ltr'><em>ἐπίκουρος</em></span> <span class='ocrx_word' id='word_1_131' title='bbox 468 1083 595 1139; x_wconf 82' lang='grc' dir='ltr'><em>γίνοιο</em></span> <span class='ocrx_word' id='word_1_132' title='bbox 628 1078 848 1139; x_wconf 80' lang='grc' dir='ltr'><em>κράτιστος</em></span> <span class='ocrx_word' id='word_1_133' title='bbox 881 1085 956 1137; x_wconf 78' lang='grc' dir='ltr'><strong>τῆς</strong></span> <span class='ocrx_word' id='word_1_134' title='bbox 982 1079 1142 1124; x_wconf 79' lang='grc' dir='ltr'><em>τούτων</em></span> <span class='ocrx_word' id='word_1_135' title='bbox 1165 1083 1282 1137; x_wconf 83' lang='grc' dir='ltr'><em>ζωῆς.</em></span> <span class='ocrx_word' id='word_1_136' title='bbox 1319 1082 1521 1139; x_wconf 78' lang='grc' dir='ltr'><em>μηδὲγὰρ</em></span> <span class='ocrx_word' id='word_1_137' title='bbox 1545 1081 1602 1124; x_wconf 68' lang='grc' dir='ltr'><em>ἔτι</em></span> <span class='ocrx_word' id='word_1_138' title='bbox 1624 1083 1706 1124; x_wconf 78' lang='grc' dir='ltr'><em>λεί-</em></span> 
     </span>
     <span class='ocr_line' id='line_1_15' title="bbox 222 1148 1706 1210; baseline -0.001 -15"><span class='ocrx_word' id='word_1_139' title='bbox 222 1156 379 1195; x_wconf 75' lang='grc' dir='ltr'><em>πεσθαι</em></span> <span class='ocrx_word' id='word_1_140' title='bbox 411 1151 483 1194; x_wconf 82' lang='grc' dir='ltr'><em>τὸν</em></span> <span class='ocrx_word' id='word_1_141' title='bbox 509 1149 653 1208; x_wconf 72' lang='grc' dir='ltr'><em>λάθρα</em></span> <span class='ocrx_word' id='word_1_142' title='bbox 684 1155 736 1209; x_wconf 83' lang='grc' dir='ltr'><strong>τῇ</strong></span> <span class='ocrx_word' id='word_1_143' title='bbox 765 1152 954 1210; x_wconf 73' lang='grc' dir='ltr'><em>βασιλείᾳ</em></span> <span class='ocrx_word' id='word_1_144' title='bbox 986 1148 1282 1208; x_wconf 76' lang='grc' dir='ltr'><em>ἐφεδρεύοντα,</em></span> <span class='ocrx_word' id='word_1_145' title='bbox 1319 1155 1395 1194; x_wconf 81' lang='grc' dir='ltr'><strong>τοῦ</strong></span> <span class='ocrx_word' id='word_1_146' title='bbox 1416 1152 1706 1206; x_wconf 73' lang='grc' dir='ltr'><em>διαδεξομένου</em></span> 
     </span>
     <span class='ocr_line' id='line_1_16' title="bbox 185 1215 1763 1280; baseline -0.001 -16"><span class='ocrx_word' id='word_1_147' title='bbox 185 1225 596 1279; x_wconf 76' lang='grc' dir='ltr'><em>Οπαρομαρτοῦντος</em></span> <span class='ocrx_word' id='word_1_148' title='bbox 613 1221 654 1270; x_wconf 82' lang='grc' dir='ltr'><strong>ἐς</strong></span> <span class='ocrx_word' id='word_1_149' title='bbox 669 1215 880 1278; x_wconf 74' lang='grc' dir='ltr'><em>προῦπτον</em></span> <span class='ocrx_word' id='word_1_150' title='bbox 900 1220 1059 1265; x_wconf 81' lang='grc' dir='ltr'><em>αὐτίκα.</em></span> <span class='ocrx_word' id='word_1_151' title='bbox 1094 1219 1190 1280; x_wconf 85' lang='lat' dir='ltr'><em>(A.)</em></span> <span class='ocrx_word' id='word_1_152' title='bbox 1211 1222 1299 1263; x_wconf 82' lang='grc' dir='ltr'><em>Καὶ</em></span> <span class='ocrx_word' id='word_1_153' title='bbox 1317 1215 1368 1276; x_wconf 72' lang='grc' dir='ltr'><em>ἦν</em></span> <span class='ocrx_word' id='word_1_154' title='bbox 1385 1225 1459 1264; x_wconf 77' lang='grc' dir='ltr'><strong>νῦν</strong></span> <span class='ocrx_word' id='word_1_155' title='bbox 1477 1222 1553 1276; x_wconf 74' lang='grc' dir='ltr'><em>μὲν</em></span> <span class='ocrx_word' id='word_1_156' title='bbox 1571 1226 1706 1264; x_wconf 81' lang='grc' dir='ltr'><em>ταῦτα</em></span> <span class='ocrx_word' id='word_1_157' title='bbox 1720 1222 1763 1259; x_wconf 88' lang='grc'><strong>15</strong></span> 
     </span>
     <span class='ocr_line' id='line_1_17' title="bbox 188 1288 1708 1348; baseline 0 -14"><span class='ocrx_word' id='word_1_158' title='bbox 188 1315 190 1319; x_wconf 94' lang='grc'><strong><em>·</em></strong></span> <span class='ocrx_word' id='word_1_159' title='bbox 223 1291 377 1348; x_wconf 78' lang='grc' dir='ltr'><em>λέγων,</em></span> <span class='ocrx_word' id='word_1_160' title='bbox 414 1295 488 1334; x_wconf 81' lang='grc' dir='ltr'><strong>νῦν</strong></span> <span class='ocrx_word' id='word_1_161' title='bbox 506 1292 531 1333; x_wconf 85' lang='grc' dir='ltr'><em>δ</em></span> <span class='ocrx_word' id='word_1_162' title='bbox 538 1290 549 1306; x_wconf 82' lang='lat'>²</span> <span class='ocrx_word' id='word_1_163' title='bbox 582 1291 713 1333; x_wconf 82' lang='grc' dir='ltr'><em>ἐκεῖνα</em></span> <span class='ocrx_word' id='word_1_164' title='bbox 727 1304 737 1314; x_wconf 93' lang='grc'>·</span> <span class='ocrx_word' id='word_1_165' title='bbox 773 1294 849 1334; x_wconf 79' lang='grc' dir='ltr'><strong>νῦν</strong></span> <span class='ocrx_word' id='word_1_166' title='bbox 882 1289 926 1332; x_wconf 79' lang='grc' dir='ltr'><strong>δ’</strong></span> <span class='ocrx_word' id='word_1_167' title='bbox 948 1290 1219 1348; x_wconf 71' lang='grc' dir='ltr'><em>ἀναστρέφων</em></span> <span class='ocrx_word' id='word_1_168' title='bbox 1240 1291 1308 1333; x_wconf 82' lang='grc' dir='ltr'><em>καὶ</em></span> <span class='ocrx_word' id='word_1_169' title='bbox 1327 1289 1407 1348; x_wconf 77' lang='grc' dir='ltr'><strong>ἀφ’</strong></span> <span class='ocrx_word' id='word_1_170' title='bbox 1430 1289 1570 1348; x_wconf 72' lang='grc' dir='ltr'><em>ἑτέρου</em></span> <span class='ocrx_word' id='word_1_171' title='bbox 1595 1288 1708 1347; x_wconf 78' lang='grc' dir='ltr'><em>γινό-</em></span> 
     </span>
     <span class='ocr_line' id='line_1_18' title="bbox 221 1358 1709 1418; baseline 0.001 -15"><span class='ocrx_word' id='word_1_172' title='bbox 221 1378 344 1416; x_wconf 84' lang='grc' dir='ltr'><em>μενος</em></span> <span class='ocrx_word' id='word_1_173' title='bbox 368 1360 526 1418; x_wconf 73' lang='grc' dir='ltr'><em>ἕτερος·</em></span> <span class='ocrx_word' id='word_1_174' title='bbox 562 1361 631 1403; x_wconf 80' lang='grc' dir='ltr'><em>καὶ</em></span> <span class='ocrx_word' id='word_1_175' title='bbox 653 1358 740 1414; x_wconf 83' lang='grc' dir='ltr'><em>ἅμα</em></span> <span class='ocrx_word' id='word_1_176' title='bbox 759 1364 811 1418; x_wconf 80' lang='grc' dir='ltr'><strong>τῇ</strong></span> <span class='ocrx_word' id='word_1_177' title='bbox 832 1361 1015 1413; x_wconf 74' lang='grc' dir='ltr'><em>βασιλίδι</em></span> <span class='ocrx_word' id='word_1_178' title='bbox 1039 1359 1137 1410; x_wconf 73' lang='grc' dir='ltr'><em>τοὺς</em></span> <span class='ocrx_word' id='word_1_179' title='bbox 1159 1360 1260 1417; x_wconf 75' lang='grc' dir='ltr'><em>γένει</em></span> <span class='ocrx_word' id='word_1_180' title='bbox 1288 1361 1356 1402; x_wconf 80' lang='grc' dir='ltr'><em>καὶ</em></span> <span class='ocrx_word' id='word_1_181' title='bbox 1376 1358 1477 1418; x_wconf 79' lang='grc' dir='ltr'><em>δόξῃ</em></span> <span class='ocrx_word' id='word_1_182' title='bbox 1501 1360 1709 1418; x_wconf 73' lang='grc' dir='ltr'><em>προῦχον-</em></span> 
     </span>
     <span class='ocr_line' id='line_1_19' title="bbox 221 1427 1709 1490; baseline -0.001 -17"><span class='ocrx_word' id='word_1_183' title='bbox 221 1447 299 1481; x_wconf 84' lang='grc' dir='ltr'><em>τας</em></span> <span class='ocrx_word' id='word_1_184' title='bbox 317 1429 412 1473; x_wconf 72' lang='grc' dir='ltr'><em>κατ’</em></span> <span class='ocrx_word' id='word_1_185' title='bbox 439 1429 569 1473; x_wconf 79' lang='grc' dir='ltr'><em>αὐτοῦ</em></span> <span class='ocrx_word' id='word_1_186' title='bbox 594 1430 809 1487; x_wconf 76' lang='grc' dir='ltr'><em>διεγείρων,</em></span> <span class='ocrx_word' id='word_1_187' title='bbox 848 1431 915 1472; x_wconf 84' lang='grc' dir='ltr'><em>καὶ</em></span> <span class='ocrx_word' id='word_1_188' title='bbox 935 1427 1238 1486; x_wconf 79' lang='grc' dir='ltr'><em>ἰσχυριζόμενος</em></span> <span class='ocrx_word' id='word_1_189' title='bbox 1260 1427 1362 1472; x_wconf 79' lang='grc' dir='ltr'><em>εἶναι</em></span> <span class='ocrx_word' id='word_1_190' title='bbox 1381 1434 1440 1490; x_wconf 75' lang='grc' dir='ltr'><strong>τῷ</strong></span> <span class='ocrx_word' id='word_1_191' title='bbox 1459 1433 1709 1474; x_wconf 83' lang='grc' dir='ltr'><em>Καντακου-</em></span> 
     </span>
     <span class='ocr_line' id='line_1_20' title="bbox 222 1497 1709 1559; baseline 0 -17"><span class='ocrx_word' id='word_1_192' title='bbox 222 1500 329 1559; x_wconf 75' lang='grc' dir='ltr'><strong>ζηνῷ</strong></span> <span class='ocrx_word' id='word_1_193' title='bbox 351 1499 421 1542; x_wconf 82' lang='grc' dir='ltr'><em>διὰ</em></span> <span class='ocrx_word' id='word_1_194' title='bbox 440 1499 613 1555; x_wconf 75' lang='grc' dir='ltr'><em>μελέτης</em></span> <span class='ocrx_word' id='word_1_195' title='bbox 635 1497 803 1557; x_wconf 83' lang='grc' dir='ltr'><em>σφόδρα</em></span> <span class='ocrx_word' id='word_1_196' title='bbox 823 1500 1240 1555; x_wconf 73' lang='grc' dir='ltr'><em>κατεσπουδασμένης</em></span> <span class='ocrx_word' id='word_1_197' title='bbox 1251 1533 1265 1553; x_wconf 87' lang='grc'>,</span> <span class='ocrx_word' id='word_1_198' title='bbox 1304 1499 1420 1557; x_wconf 71' lang='grc' dir='ltr'><em>ἔργον</em></span> <span class='ocrx_word' id='word_1_199' title='bbox 1445 1500 1709 1559; x_wconf 73' lang='grc' dir='ltr'><em>ποιησαμένῳ</em></span> 
     </span>
     <span class='ocr_line' id='line_1_21' title="bbox 221 1559 1766 1627; baseline 0 -17"><span class='ocrx_word' id='word_1_200' title='bbox 221 1570 368 1626; x_wconf 81' lang='grc' dir='ltr'><em>ξίφους</em></span> <span class='ocrx_word' id='word_1_201' title='bbox 387 1570 427 1619; x_wconf 85' lang='grc' dir='ltr'><strong>ἐς</strong></span> <span class='ocrx_word' id='word_1_202' title='bbox 447 1568 523 1625; x_wconf 81' lang='grc' dir='ltr'><em>τὴν</em></span> <span class='ocrx_word' id='word_1_203' title='bbox 543 1559 765 1626; x_wconf 79' lang='grc' dir='ltr'><em>ὗστεραίαν</em></span> <span class='ocrx_word' id='word_1_204' title='bbox 786 1566 946 1619; x_wconf 79' lang='grc' dir='ltr'><em>πάντας</em></span> <span class='ocrx_word' id='word_1_205' title='bbox 975 1567 1109 1625; x_wconf 71' lang='grc' dir='ltr'><em>ἡμᾶς,</em></span> <span class='ocrx_word' id='word_1_206' title='bbox 1148 1567 1296 1613; x_wconf 71' lang='grc' dir='ltr'><em>ἑαυτὸν</em></span> <span class='ocrx_word' id='word_1_207' title='bbox 1319 1568 1608 1627; x_wconf 80' lang='grc' dir='ltr'><em>αὐτοκράτορα</em></span> <span class='ocrx_word' id='word_1_208' title='bbox 1628 1587 1705 1612; x_wconf 80' lang='grc' dir='ltr'><em>κα-</em></span> <span class='ocrx_word' id='word_1_209' title='bbox 1718 1575 1766 1610; x_wconf 76' lang='lat'><strong>20</strong></span> 
     </span>
     <span class='ocr_line' id='line_1_22' title="bbox 187 1633 1711 1698; baseline -0.001 -15"><span class='ocrx_word' id='word_1_210' title='bbox 187 1633 527 1695; x_wconf 69' lang='grc' dir='ltr'><em>Βταστήσασθαί</em></span> <span class='ocrx_word' id='word_1_211' title='bbox 571 1639 760 1694; x_wconf 74' lang='grc' dir='ltr'><em>βασιλέα.</em></span> <span class='ocrx_word' id='word_1_212' title='bbox 816 1642 952 1681; x_wconf 82' lang='grc' dir='ltr'><em>ταῦτα</em></span> <span class='ocrx_word' id='word_1_213' title='bbox 1006 1638 1134 1693; x_wconf 76' lang='grc' dir='ltr'><em>λέγων</em></span> <span class='ocrx_word' id='word_1_214' title='bbox 1183 1640 1253 1681; x_wconf 87' lang='grc' dir='ltr'><em>καὶ</em></span> <span class='ocrx_word' id='word_1_215' title='bbox 1297 1638 1711 1698; x_wconf 64' lang='grc' dir='ltr'><em>κατασκευαζόμενος</em></span> 
     </span>
     <span class='ocr_line' id='line_1_23' title="bbox 223 1705 1707 1768; baseline -0.001 -16"><span class='ocrx_word' id='word_1_216' title='bbox 223 1709 401 1752; x_wconf 75' lang='grc' dir='ltr'><em>ἀνέσεισε</em></span> <span class='ocrx_word' id='word_1_217' title='bbox 421 1709 489 1751; x_wconf 82' lang='grc' dir='ltr'><em>καὶ</em></span> <span class='ocrx_word' id='word_1_218' title='bbox 508 1707 632 1751; x_wconf 67' lang='grc' dir='ltr'><em>αὗτοί</em></span> <span class='ocrx_word' id='word_1_219' title='bbox 639 1725 659 1758; x_wconf 89' lang='grc' dir='ltr'><em>ς</em></span> <span class='ocrx_word' id='word_1_220' title='bbox 680 1708 730 1764; x_wconf 86' lang='grc' dir='ltr'><strong>δὴ</strong></span> <span class='ocrx_word' id='word_1_221' title='bbox 751 1706 849 1758; x_wconf 78' lang='grc' dir='ltr'><strong>τούς</strong></span> <span class='ocrx_word' id='word_1_222' title='bbox 869 1706 978 1751; x_wconf 75' lang='grc' dir='ltr'><em>καθ’</em></span> <span class='ocrx_word' id='word_1_223' title='bbox 1003 1705 1108 1763; x_wconf 68' lang='grc' dir='ltr'><em>αἷμα</em></span> <span class='ocrx_word' id='word_1_224' title='bbox 1139 1706 1275 1768; x_wconf 79' lang='grc' dir='ltr'><em>τούτῳ</em></span> <span class='ocrx_word' id='word_1_225' title='bbox 1294 1706 1581 1766; x_wconf 81' lang='grc' dir='ltr'><em>προσήκοντας</em></span> <span class='ocrx_word' id='word_1_226' title='bbox 1607 1709 1707 1752; x_wconf 71' lang='grc' dir='ltr'><em>κατ’</em></span> 
     </span>
     <span class='ocr_line' id='line_1_24' title="bbox 223 1775 1712 1835; baseline 0 -13"><span class='ocrx_word' id='word_1_227' title='bbox 223 1778 355 1822; x_wconf 77' lang='grc' dir='ltr'><em>αὐτοῦ</em></span> <span class='ocrx_word' id='word_1_228' title='bbox 369 1792 380 1802; x_wconf 96' lang='grc'>·</span> <span class='ocrx_word' id='word_1_229' title='bbox 418 1775 475 1828; x_wconf 80' lang='grc' dir='ltr'><strong>ὥς</strong></span> <span class='ocrx_word' id='word_1_230' title='bbox 497 1779 565 1820; x_wconf 78' lang='grc' dir='ltr'><em>καὶ</em></span> <span class='ocrx_word' id='word_1_231' title='bbox 585 1777 715 1834; x_wconf 79' lang='grc' dir='ltr'><em>αὐτὴν</em></span> <span class='ocrx_word' id='word_1_232' title='bbox 725 1777 875 1821; x_wconf 79' lang='grc' dir='ltr'><em>Ἄνναν</em></span> <span class='ocrx_word' id='word_1_233' title='bbox 893 1781 1134 1821; x_wconf 74' lang='grc' dir='ltr'><em>πεισθεῖσαν</em></span> <span class='ocrx_word' id='word_1_234' title='bbox 1165 1777 1241 1834; x_wconf 76' lang='grc' dir='ltr'><em>τὴν</em></span> <span class='ocrx_word' id='word_1_235' title='bbox 1256 1779 1468 1833; x_wconf 73' lang='grc' dir='ltr'><em>βασιλίδα</em></span> <span class='ocrx_word' id='word_1_236' title='bbox 1501 1779 1609 1835; x_wconf 83' lang='grc' dir='ltr'><em>μηδὲ</em></span> <span class='ocrx_word' id='word_1_237' title='bbox 1634 1778 1712 1829; x_wconf 77' lang='grc' dir='ltr'><strong>τὰς</strong></span> 
     </span>
    </p>
   </div>
   <div class='ocr_carea' id='block_1_3' title="bbox 224 1909 1719 2846">
    <p class='ocr_par' dir='ltr' id='par_1_3' title="bbox 224 1909 1719 2846">
     <span class='ocr_line' id='line_1_25' title="bbox 224 1909 1710 1958; baseline 0 -12"><span class='ocrx_word' id='word_1_238' title='bbox 224 1911 286 1946; x_wconf 84' lang='lat' dir='ltr'><strong>tim</strong></span> <span class='ocrx_word' id='word_1_239' title='bbox 307 1910 471 1957; x_wconf 83' lang='lat' dir='ltr'><strong>palatium</strong></span> <span class='ocrx_word' id='word_1_240' title='bbox 495 1910 613 1946; x_wconf 87' lang='lat' dir='ltr'><strong>nescio</strong></span> <span class='ocrx_word' id='word_1_241' title='bbox 634 1921 702 1957; x_wconf 86' lang='lat' dir='ltr'><strong>qua</strong></span> <span class='ocrx_word' id='word_1_242' title='bbox 719 1913 796 1945; x_wconf 88' lang='lat' dir='ltr'><strong>arte</strong></span> <span class='ocrx_word' id='word_1_243' title='bbox 814 1909 1019 1956; x_wconf 81' lang='lat' dir='ltr'>irrepserat,</span> <span class='ocrx_word' id='word_1_244' title='bbox 1042 1910 1079 1946; x_wconf 90' lang='lat' dir='ltr'><strong>in</strong></span> <span class='ocrx_word' id='word_1_245' title='bbox 1097 1910 1283 1958; x_wconf 87' lang='lat' dir='ltr'><strong>perniciem</strong></span> <span class='ocrx_word' id='word_1_246' title='bbox 1292 1911 1480 1953; x_wconf 84' lang='lat' dir='ltr'><strong>Romanae,</strong></span> <span class='ocrx_word' id='word_1_247' title='bbox 1500 1915 1540 1946; x_wconf 92' lang='lat' dir='ltr'><strong>ut</strong></span> <span class='ocrx_word' id='word_1_248' title='bbox 1555 1911 1710 1956; x_wconf 84' lang='lat' dir='ltr'><strong>videtur,</strong></span> 
     </span>
     <span class='ocr_line' id='line_1_26' title="bbox 225 1957 1710 2004; baseline 0 -12"><span class='ocrx_word' id='word_1_249' title='bbox 225 1963 264 1993; x_wconf 88' lang='lat' dir='ltr'><strong>et</strong></span> <span class='ocrx_word' id='word_1_250' title='bbox 282 1958 441 1993; x_wconf 83' lang='lat' dir='ltr'><strong>fortunae</strong></span> <span class='ocrx_word' id='word_1_251' title='bbox 462 1961 498 1992; x_wconf 88' lang='lat' dir='ltr'><strong>et</strong></span> <span class='ocrx_word' id='word_1_252' title='bbox 519 1957 663 2003; x_wconf 86' lang='lat' dir='ltr'><strong>gloriae.</strong></span> <span class='ocrx_word' id='word_1_253' title='bbox 711 1957 814 2002; x_wconf 85' lang='lat' dir='ltr'><strong>(nl.)</strong></span> <span class='ocrx_word' id='word_1_254' title='bbox 838 1957 902 1992; x_wconf 90' lang='lat' dir='ltr'><strong>Ille</strong></span> <span class='ocrx_word' id='word_1_255' title='bbox 930 1958 1050 2003; x_wconf 85' lang='lat' dir='ltr'><strong>itaque</strong></span> <span class='ocrx_word' id='word_1_256' title='bbox 1077 1963 1174 1992; x_wconf 85' lang='lat' dir='ltr'><strong>ratus</strong></span> <span class='ocrx_word' id='word_1_257' title='bbox 1201 1959 1408 1993; x_wconf 80' lang='lat' dir='ltr'><strong>asserendae</strong></span> <span class='ocrx_word' id='word_1_258' title='bbox 1433 1958 1498 1992; x_wconf 82' lang='lat' dir='ltr'>sibi</span> <span class='ocrx_word' id='word_1_259' title='bbox 1523 1959 1710 2004; x_wconf 85' lang='lat' dir='ltr'><strong>imperato-</strong></span> 
     </span>
     <span class='ocr_line' id='line_1_27' title="bbox 226 2003 1711 2052; baseline 0 -13"><span class='ocrx_word' id='word_1_260' title='bbox 226 2005 303 2040; x_wconf 87' lang='lat' dir='ltr'><strong>riae</strong></span> <span class='ocrx_word' id='word_1_261' title='bbox 336 2003 521 2052; x_wconf 86' lang='lat' dir='ltr'><strong>potestatis</strong></span> <span class='ocrx_word' id='word_1_262' title='bbox 546 2009 683 2050; x_wconf 87' lang='lat' dir='ltr'><strong>tempus</strong></span> <span class='ocrx_word' id='word_1_263' title='bbox 707 2003 775 2038; x_wconf 85' lang='lat' dir='ltr'><strong>iam</strong></span> <span class='ocrx_word' id='word_1_264' title='bbox 803 2004 947 2047; x_wconf 81' lang='lat' dir='ltr'><strong>adesse,</strong></span> <span class='ocrx_word' id='word_1_265' title='bbox 979 2015 1094 2038; x_wconf 88' lang='lat' dir='ltr'><strong>omnes</strong></span> <span class='ocrx_word' id='word_1_266' title='bbox 1114 2004 1168 2039; x_wconf 91' lang='lat' dir='ltr'><strong>ire</strong></span> <span class='ocrx_word' id='word_1_267' title='bbox 1191 2004 1228 2039; x_wconf 87' lang='lat' dir='ltr'><strong>in</strong></span> <span class='ocrx_word' id='word_1_268' title='bbox 1253 2005 1379 2039; x_wconf 85' lang='lat' dir='ltr'><strong>formas</strong></span> <span class='ocrx_word' id='word_1_269' title='bbox 1404 2005 1711 2040; x_wconf 80' lang='lat' dir='ltr'>machinationibus</span> 
     </span>
     <span class='ocr_line' id='line_1_28' title="bbox 227 2050 1711 2096; baseline 0 -10"><span class='ocrx_word' id='word_1_270' title='bbox 227 2050 356 2095; x_wconf 72' lang='lat' dir='ltr'><strong>variis,</strong></span> <span class='ocrx_word' id='word_1_271' title='bbox 378 2051 471 2085; x_wconf 82' lang='lat' dir='ltr'><strong>sicut</strong></span> <span class='ocrx_word' id='word_1_272' title='bbox 490 2051 637 2085; x_wconf 83' lang='lat' dir='ltr'><strong>Pharius</strong></span> <span class='ocrx_word' id='word_1_273' title='bbox 662 2050 721 2085; x_wconf 91' lang='lat' dir='ltr'><strong>ille</strong></span> <span class='ocrx_word' id='word_1_274' title='bbox 747 2051 913 2093; x_wconf 82' lang='lat' dir='ltr'><strong>Proteus,</strong></span> <span class='ocrx_word' id='word_1_275' title='bbox 946 2051 1135 2086; x_wconf 80' lang='lat' dir='ltr'><strong>constituit.</strong></span> <span class='ocrx_word' id='word_1_276' title='bbox 1182 2051 1287 2087; x_wconf 89' lang='lat' dir='ltr'><strong>Modo</strong></span> <span class='ocrx_word' id='word_1_277' title='bbox 1307 2051 1416 2096; x_wconf 75' lang='lat' dir='ltr'><strong>igitur</strong></span> <span class='ocrx_word' id='word_1_278' title='bbox 1433 2052 1711 2086; x_wconf 87' lang='lat' dir='ltr'><strong>Cantacuzenum</strong></span> 
     </span>
     <span class='ocr_line' id='line_1_29' title="bbox 228 2097 1712 2143; baseline 0.001 -11"><span class='ocrx_word' id='word_1_279' title='bbox 228 2097 349 2133; x_wconf 85' lang='lat' dir='ltr'><strong>sedulo</strong></span> <span class='ocrx_word' id='word_1_280' title='bbox 372 2097 575 2132; x_wconf 79' lang='lat' dir='ltr'><strong>circumibat</strong></span> <span class='ocrx_word' id='word_1_281' title='bbox 593 2102 631 2132; x_wconf 87' lang='lat' dir='ltr'><strong>et</strong></span> <span class='ocrx_word' id='word_1_282' title='bbox 647 2097 873 2139; x_wconf 83' lang='lat' dir='ltr'><strong>adulabatur,</strong></span> <span class='ocrx_word' id='word_1_283' title='bbox 899 2097 1191 2143; x_wconf 88' lang='lat' dir='ltr'><strong>compellebatque</strong></span> <span class='ocrx_word' id='word_1_284' title='bbox 1211 2098 1255 2132; x_wconf 90' lang='lat' dir='ltr'><strong>ad</strong></span> <span class='ocrx_word' id='word_1_285' title='bbox 1271 2097 1477 2133; x_wconf 89' lang='lat' dir='ltr'><strong>induendum</strong></span> <span class='ocrx_word' id='word_1_286' title='bbox 1495 2100 1619 2133; x_wconf 89' lang='lat' dir='ltr'><strong>rubros</strong></span> <span class='ocrx_word' id='word_1_287' title='bbox 1639 2099 1712 2133; x_wconf 88' lang='lat' dir='ltr'><strong>cal-</strong></span> 
     </span>
     <span class='ocr_line' id='line_1_30' title="bbox 227 2143 1713 2190; baseline 0.001 -11"><span class='ocrx_word' id='word_1_288' title='bbox 227 2156 320 2179; x_wconf 85' lang='lat' dir='ltr'><strong>ceos.</strong></span> <span class='ocrx_word' id='word_1_289' title='bbox 374 2143 518 2190; x_wconf 82' lang='lat' dir='ltr'><strong>Quippe</strong></span> <span class='ocrx_word' id='word_1_290' title='bbox 538 2155 610 2179; x_wconf 89' lang='lat' dir='ltr'><strong>rem</strong></span> <span class='ocrx_word' id='word_1_291' title='bbox 637 2144 729 2179; x_wconf 88' lang='lat' dir='ltr'><strong>haud</strong></span> <span class='ocrx_word' id='word_1_292' title='bbox 752 2155 873 2178; x_wconf 87' lang='lat' dir='ltr'><strong>novam</strong></span> <span class='ocrx_word' id='word_1_293' title='bbox 896 2144 991 2186; x_wconf 87' lang='lat' dir='ltr'><strong>fore,</strong></span> <span class='ocrx_word' id='word_1_294' title='bbox 1017 2150 1196 2190; x_wconf 81' lang='lat' dir='ltr'><strong>postquam</strong></span> <span class='ocrx_word' id='word_1_295' title='bbox 1217 2144 1405 2190; x_wconf 86' lang='lat' dir='ltr'><strong>imperator</strong></span> <span class='ocrx_word' id='word_1_296' title='bbox 1430 2145 1535 2180; x_wconf 88' lang='lat' dir='ltr'><strong>toties</strong></span> <span class='ocrx_word' id='word_1_297' title='bbox 1561 2145 1713 2180; x_wconf 85' lang='lat' dir='ltr'><strong>necessi-</strong></span> 
     </span>
     <span class='ocr_line' id='line_1_31' title="bbox 227 2190 1712 2238; baseline 0 -12"><span class='ocrx_word' id='word_1_298' title='bbox 227 2194 334 2226; x_wconf 81' lang='lat' dir='ltr'><strong>tatem</strong></span> <span class='ocrx_word' id='word_1_299' title='bbox 352 2190 572 2236; x_wconf 81' lang='lat' dir='ltr'><strong>imposuisset</strong></span> <span class='ocrx_word' id='word_1_300' title='bbox 589 2190 700 2236; x_wconf 89' lang='lat' dir='ltr'><strong>palam</strong></span> <span class='ocrx_word' id='word_1_301' title='bbox 717 2190 880 2225; x_wconf 89' lang='lat' dir='ltr'><strong>induendi</strong></span> <span class='ocrx_word' id='word_1_302' title='bbox 898 2202 1105 2236; x_wconf 86' lang='lat' dir='ltr'><strong>purpuram,</strong></span> <span class='ocrx_word' id='word_1_303' title='bbox 1129 2196 1165 2226; x_wconf 89' lang='lat' dir='ltr'><strong>et</strong></span> <span class='ocrx_word' id='word_1_304' title='bbox 1186 2203 1254 2226; x_wconf 87' lang='lat' dir='ltr'><strong>una</strong></span> <span class='ocrx_word' id='word_1_305' title='bbox 1271 2191 1472 2237; x_wconf 89' lang='lat' dir='ltr'><strong>imperandi,</strong></span> <span class='ocrx_word' id='word_1_306' title='bbox 1497 2204 1613 2226; x_wconf 88' lang='lat' dir='ltr'><strong>secum</strong></span> <span class='ocrx_word' id='word_1_307' title='bbox 1631 2192 1712 2238; x_wconf 91' lang='lat' dir='ltr'><strong>qui-</strong></span> 
     </span>
     <span class='ocr_line' id='line_1_32' title="bbox 228 2236 1711 2280; baseline 0 -8"><span class='ocrx_word' id='word_1_308' title='bbox 228 2237 305 2272; x_wconf 90' lang='lat' dir='ltr'><strong>dem</strong></span> <span class='ocrx_word' id='word_1_309' title='bbox 323 2236 401 2271; x_wconf 91' lang='lat' dir='ltr'><strong>dum</strong></span> <span class='ocrx_word' id='word_1_310' title='bbox 421 2236 578 2279; x_wconf 80' lang='lat' dir='ltr'><strong>viveret3</strong></span> <span class='ocrx_word' id='word_1_311' title='bbox 603 2237 718 2271; x_wconf 86' lang='lat' dir='ltr'><strong>statim</strong></span> <span class='ocrx_word' id='word_1_312' title='bbox 735 2242 848 2272; x_wconf 89' lang='lat' dir='ltr'><strong>autem</strong></span> <span class='ocrx_word' id='word_1_313' title='bbox 866 2237 925 2271; x_wconf 89' lang='lat' dir='ltr'><strong>ubi</strong></span> <span class='ocrx_word' id='word_1_314' title='bbox 937 2250 957 2271; x_wconf 92' lang='lat' dir='ltr'><strong>e</strong></span> <span class='ocrx_word' id='word_1_315' title='bbox 975 2237 1066 2272; x_wconf 87' lang='lat' dir='ltr'><strong>vivis</strong></span> <span class='ocrx_word' id='word_1_316' title='bbox 1079 2238 1295 2280; x_wconf 82' lang='lat' dir='ltr'><strong>excessisset,</strong></span> <span class='ocrx_word' id='word_1_317' title='bbox 1319 2250 1394 2273; x_wconf 91' lang='lat' dir='ltr'><strong>cum</strong></span> <span class='ocrx_word' id='word_1_318' title='bbox 1412 2239 1540 2273; x_wconf 88' lang='lat' dir='ltr'><strong>Ioanne</strong></span> <span class='ocrx_word' id='word_1_319' title='bbox 1556 2239 1627 2273; x_wconf 84' lang='lat' dir='ltr'><strong>filio</strong></span> <span class='ocrx_word' id='word_1_320' title='bbox 1649 2250 1711 2272; x_wconf 90' lang='lat' dir='ltr'><strong>suo</strong></span> 
     </span>
     <span class='ocr_line' id='line_1_33' title="bbox 228 2283 1713 2331; baseline 0.001 -12"><span class='ocrx_word' id='word_1_321' title='bbox 228 2284 416 2330; x_wconf 88' lang='lat' dir='ltr'><strong>eodemque</strong></span> <span class='ocrx_word' id='word_1_322' title='bbox 435 2283 561 2318; x_wconf 87' lang='lat' dir='ltr'><strong>iuniori</strong></span> <span class='ocrx_word' id='word_1_323' title='bbox 589 2283 818 2329; x_wconf 86' lang='lat' dir='ltr'><strong>imperatore:</strong></span> <span class='ocrx_word' id='word_1_324' title='bbox 843 2284 1038 2329; x_wconf 85' lang='lat' dir='ltr'><strong>expediisse</strong></span> <span class='ocrx_word' id='word_1_325' title='bbox 1059 2284 1217 2319; x_wconf 84' lang='lat' dir='ltr'><strong>nimirum</strong></span> <span class='ocrx_word' id='word_1_326' title='bbox 1246 2284 1331 2319; x_wconf 85' lang='lat' dir='ltr'><strong>illud</strong></span> <span class='ocrx_word' id='word_1_327' title='bbox 1356 2285 1561 2331; x_wconf 87' lang='lat' dir='ltr'><strong>dupliciter,</strong></span> <span class='ocrx_word' id='word_1_328' title='bbox 1586 2297 1627 2319; x_wconf 88' lang='lat' dir='ltr'><strong>ac</strong></span> <span class='ocrx_word' id='word_1_329' title='bbox 1650 2298 1713 2320; x_wconf 89' lang='lat' dir='ltr'><strong>ve-</strong></span> 
     </span>
     <span class='ocr_line' id='line_1_34' title="bbox 229 2330 1712 2377; baseline -0.001 -11"><span class='ocrx_word' id='word_1_330' title='bbox 229 2330 297 2366; x_wconf 82' lang='lat' dir='ltr'><strong>teri</strong></span> <span class='ocrx_word' id='word_1_331' title='bbox 318 2330 537 2376; x_wconf 84' lang='lat' dir='ltr'><strong>imperatoris</strong></span> <span class='ocrx_word' id='word_1_332' title='bbox 564 2330 743 2376; x_wconf 84' lang='lat' dir='ltr'><strong>proposito</strong></span> <span class='ocrx_word' id='word_1_333' title='bbox 772 2331 1065 2376; x_wconf 76' lang='lat' dir='ltr'><strong>pernecessarium</strong></span> <span class='ocrx_word' id='word_1_334' title='bbox 1091 2331 1221 2373; x_wconf 81' lang='lat' dir='ltr'><strong>fuisse3</strong></span> <span class='ocrx_word' id='word_1_335' title='bbox 1255 2342 1322 2377; x_wconf 93' lang='lat' dir='ltr'><strong>quo</strong></span> <span class='ocrx_word' id='word_1_336' title='bbox 1348 2332 1469 2374; x_wconf 81' lang='lat' dir='ltr'><strong>simul,</strong></span> <span class='ocrx_word' id='word_1_337' title='bbox 1495 2343 1515 2366; x_wconf 93' lang='lat' dir='ltr'><strong>o</strong></span> <span class='ocrx_word' id='word_1_338' title='bbox 1537 2332 1712 2366; x_wconf 89' lang='lat' dir='ltr'><strong>Cantacu-</strong></span> 
     </span>
     <span class='ocr_line' id='line_1_35' title="bbox 229 2376 1712 2422; baseline -0.001 -9"><span class='ocrx_word' id='word_1_339' title='bbox 229 2389 337 2420; x_wconf 82' lang='lat' dir='ltr'><strong>zene,</strong></span> <span class='ocrx_word' id='word_1_340' title='bbox 362 2382 399 2411; x_wconf 88' lang='lat' dir='ltr'><strong>et</strong></span> <span class='ocrx_word' id='word_1_341' title='bbox 422 2376 473 2411; x_wconf 89' lang='lat' dir='ltr'><strong>illi</strong></span> <span class='ocrx_word' id='word_1_342' title='bbox 498 2381 538 2411; x_wconf 88' lang='lat' dir='ltr'><strong>te</strong></span> <span class='ocrx_word' id='word_1_343' title='bbox 558 2377 721 2422; x_wconf 84' lang='lat' dir='ltr'><strong>collegam</strong></span> <span class='ocrx_word' id='word_1_344' title='bbox 739 2376 776 2411; x_wconf 88' lang='lat' dir='ltr'><strong>in</strong></span> <span class='ocrx_word' id='word_1_345' title='bbox 799 2388 910 2411; x_wconf 88' lang='lat' dir='ltr'><strong>rerum</strong></span> <span class='ocrx_word' id='word_1_346' title='bbox 931 2377 1226 2412; x_wconf 80' lang='lat' dir='ltr'><strong>administratione</strong></span> <span class='ocrx_word' id='word_1_347' title='bbox 1247 2378 1434 2420; x_wconf 85' lang='lat' dir='ltr'><strong>haberent,</strong></span> <span class='ocrx_word' id='word_1_348' title='bbox 1460 2382 1496 2413; x_wconf 89' lang='lat' dir='ltr'><strong>et</strong></span> <span class='ocrx_word' id='word_1_349' title='bbox 1515 2378 1609 2413; x_wconf 81' lang='lat' dir='ltr'><strong>vitae</strong></span> <span class='ocrx_word' id='word_1_350' title='bbox 1628 2390 1712 2412; x_wconf 87' lang='lat' dir='ltr'><strong>suae</strong></span> 
     </span>
     <span class='ocr_line' id='line_1_36' title="bbox 229 2422 1712 2471; baseline -0.001 -12"><span class='ocrx_word' id='word_1_351' title='bbox 229 2423 502 2471; x_wconf 83' lang='lat' dir='ltr'><strong>potentissimum</strong></span> <span class='ocrx_word' id='word_1_352' title='bbox 528 2422 753 2458; x_wconf 86' lang='lat' dir='ltr'><strong>defensorem.</strong></span> <span class='ocrx_word' id='word_1_353' title='bbox 803 2424 881 2459; x_wconf 89' lang='lat' dir='ltr'><strong>Nec</strong></span> <span class='ocrx_word' id='word_1_354' title='bbox 903 2423 991 2458; x_wconf 92' lang='lat' dir='ltr'><strong>enim</strong></span> <span class='ocrx_word' id='word_1_355' title='bbox 1007 2423 1210 2458; x_wconf 87' lang='lat' dir='ltr'><strong>exstiturum</strong></span> <span class='ocrx_word' id='word_1_356' title='bbox 1229 2424 1393 2470; x_wconf 83' lang='lat' dir='ltr'><strong>deinceps</strong></span> <span class='ocrx_word' id='word_1_357' title='bbox 1415 2436 1625 2470; x_wconf 85' lang='lat' dir='ltr'><strong>quenquam,</strong></span> <span class='ocrx_word' id='word_1_358' title='bbox 1651 2425 1712 2470; x_wconf 88' lang='lat' dir='ltr'><strong>qui</strong></span> 
     </span>
     <span class='ocr_line' id='line_1_37' title="bbox 228 2470 1713 2517; baseline -0.001 -11"><span class='ocrx_word' id='word_1_359' title='bbox 228 2470 374 2517; x_wconf 85' lang='lat' dir='ltr'><strong>imperio</strong></span> <span class='ocrx_word' id='word_1_360' title='bbox 393 2470 579 2505; x_wconf 87' lang='lat' dir='ltr'><strong>clanculum</strong></span> <span class='ocrx_word' id='word_1_361' title='bbox 599 2470 821 2505; x_wconf 85' lang='lat' dir='ltr'><strong>insidiaturus</strong></span> <span class='ocrx_word' id='word_1_362' title='bbox 842 2475 952 2508; x_wconf 86' lang='lat' dir='ltr'><strong>esset,</strong></span> <span class='ocrx_word' id='word_1_363' title='bbox 975 2470 1005 2504; x_wconf 85' lang='lat' dir='ltr'><strong>si</strong></span> <span class='ocrx_word' id='word_1_364' title='bbox 1020 2470 1051 2504; x_wconf 88' lang='lat' dir='ltr'><strong>is</strong></span> <span class='ocrx_word' id='word_1_365' title='bbox 1069 2470 1183 2504; x_wconf 85' lang='lat' dir='ltr'><strong>statim</strong></span> <span class='ocrx_word' id='word_1_366' title='bbox 1201 2482 1242 2505; x_wconf 89' lang='lat' dir='ltr'><strong>ac</strong></span> <span class='ocrx_word' id='word_1_367' title='bbox 1262 2471 1373 2517; x_wconf 83' lang='lat' dir='ltr'><strong>palam</strong></span> <span class='ocrx_word' id='word_1_368' title='bbox 1389 2471 1504 2506; x_wconf 88' lang='lat' dir='ltr'><strong>socius</strong></span> <span class='ocrx_word' id='word_1_369' title='bbox 1524 2471 1713 2505; x_wconf 89' lang='lat' dir='ltr'><strong>asciscere-</strong></span> 
     </span>
     <span class='ocr_line' id='line_1_38' title="bbox 229 2516 1715 2564; baseline -0.001 -12"><span class='ocrx_word' id='word_1_370' title='bbox 229 2521 312 2559; x_wconf 85' lang='lat' dir='ltr'><strong>tur,</strong></span> <span class='ocrx_word' id='word_1_371' title='bbox 336 2516 396 2563; x_wconf 86' lang='lat' dir='ltr'><strong>qui</strong></span> <span class='ocrx_word' id='word_1_372' title='bbox 414 2528 591 2552; x_wconf 82' lang='lat' dir='ltr'><strong>successor</strong></span> <span class='ocrx_word' id='word_1_373' title='bbox 615 2522 708 2552; x_wconf 88' lang='lat' dir='ltr'><strong>esset</strong></span> <span class='ocrx_word' id='word_1_374' title='bbox 732 2517 879 2551; x_wconf 83' lang='lat' dir='ltr'><strong>futurus.</strong></span> <span class='ocrx_word' id='word_1_375' title='bbox 926 2517 1027 2562; x_wconf 87' lang='lat' dir='ltr'>(IV.)</span> <span class='ocrx_word' id='word_1_376' title='bbox 1059 2516 1107 2551; x_wconf 81' lang='lat' dir='ltr'><strong>Et</strong></span> <span class='ocrx_word' id='word_1_377' title='bbox 1128 2517 1227 2551; x_wconf 91' lang='lat' dir='ltr'><strong>modo</strong></span> <span class='ocrx_word' id='word_1_378' title='bbox 1247 2517 1384 2564; x_wconf 88' lang='lat' dir='ltr'><strong>quidem</strong></span> <span class='ocrx_word' id='word_1_379' title='bbox 1401 2519 1507 2559; x_wconf 88' lang='lat' dir='ltr'><strong>haec,</strong></span> <span class='ocrx_word' id='word_1_380' title='bbox 1533 2517 1631 2552; x_wconf 89' lang='lat' dir='ltr'><strong>modo</strong></span> <span class='ocrx_word' id='word_1_381' title='bbox 1654 2518 1715 2552; x_wconf 85' lang='lat' dir='ltr'><strong>illa</strong></span> 
     </span>
     <span class='ocr_line' id='line_1_39' title="bbox 230 2563 1715 2607; baseline 0 -9"><span class='ocrx_word' id='word_1_382' title='bbox 230 2563 438 2607; x_wconf 82' lang='lat' dir='ltr'><strong>dictitabat3</strong></span> <span class='ocrx_word' id='word_1_383' title='bbox 462 2567 500 2598; x_wconf 89' lang='lat' dir='ltr'><strong>et</strong></span> <span class='ocrx_word' id='word_1_384' title='bbox 517 2564 637 2598; x_wconf 90' lang='lat' dir='ltr'><strong>eodem</strong></span> <span class='ocrx_word' id='word_1_385' title='bbox 654 2575 775 2598; x_wconf 86' lang='lat' dir='ltr'><strong>rursus</strong></span> <span class='ocrx_word' id='word_1_386' title='bbox 793 2563 1055 2606; x_wconf 85' lang='lat' dir='ltr'><strong>revolvebatur,</strong></span> <span class='ocrx_word' id='word_1_387' title='bbox 1080 2569 1116 2598; x_wconf 89' lang='lat' dir='ltr'><strong>et</strong></span> <span class='ocrx_word' id='word_1_388' title='bbox 1133 2575 1175 2598; x_wconf 90' lang='lat' dir='ltr'><strong>ex</strong></span> <span class='ocrx_word' id='word_1_389' title='bbox 1194 2563 1262 2598; x_wconf 90' lang='lat' dir='ltr'><strong>alio</strong></span> <span class='ocrx_word' id='word_1_390' title='bbox 1282 2564 1367 2598; x_wconf 90' lang='lat' dir='ltr'><strong>alius</strong></span> <span class='ocrx_word' id='word_1_391' title='bbox 1392 2565 1573 2599; x_wconf 78' lang='lat' dir='ltr'><strong>existebat.</strong></span> <span class='ocrx_word' id='word_1_392' title='bbox 1621 2565 1715 2599; x_wconf 87' lang='lat' dir='ltr'><strong>Tum</strong></span> 
     </span>
     <span class='ocr_line' id='line_1_40' title="bbox 230 2609 1715 2657; baseline 0 -12"><span class='ocrx_word' id='word_1_393' title='bbox 230 2610 310 2656; x_wconf 87' lang='lat' dir='ltr'><strong>ipse</strong></span> <span class='ocrx_word' id='word_1_394' title='bbox 329 2610 428 2645; x_wconf 87' lang='lat' dir='ltr'><strong>simul</strong></span> <span class='ocrx_word' id='word_1_395' title='bbox 454 2621 530 2645; x_wconf 87' lang='lat' dir='ltr'><strong>cum</strong></span> <span class='ocrx_word' id='word_1_396' title='bbox 554 2609 774 2657; x_wconf 87' lang='lat' dir='ltr'><strong>imperatrice</strong></span> <span class='ocrx_word' id='word_1_397' title='bbox 801 2609 839 2644; x_wconf 84' lang='lat' dir='ltr'><strong>in</strong></span> <span class='ocrx_word' id='word_1_398' title='bbox 864 2609 958 2644; x_wconf 86' lang='lat' dir='ltr'><strong>illum</strong></span> <span class='ocrx_word' id='word_1_399' title='bbox 981 2621 1042 2644; x_wconf 86' lang='lat' dir='ltr'><strong>eos</strong></span> <span class='ocrx_word' id='word_1_400' title='bbox 1067 2609 1253 2651; x_wconf 85' lang='lat' dir='ltr'><strong>incitabat,</strong></span> <span class='ocrx_word' id='word_1_401' title='bbox 1276 2611 1334 2656; x_wconf 90' lang='lat' dir='ltr'><strong>qui</strong></span> <span class='ocrx_word' id='word_1_402' title='bbox 1354 2622 1483 2657; x_wconf 84' lang='lat' dir='ltr'><strong>genere</strong></span> <span class='ocrx_word' id='word_1_403' title='bbox 1503 2616 1539 2645; x_wconf 88' lang='lat' dir='ltr'><strong>et</strong></span> <span class='ocrx_word' id='word_1_404' title='bbox 1556 2611 1715 2645; x_wconf 84' lang='lat' dir='ltr'><strong>fortunae</strong></span> 
     </span>
     <span class='ocr_line' id='line_1_41' title="bbox 230 2656 1715 2703; baseline 0.001 -12"><span class='ocrx_word' id='word_1_405' title='bbox 230 2656 416 2703; x_wconf 80' lang='lat' dir='ltr'><strong>splendore</strong></span> <span class='ocrx_word' id='word_1_406' title='bbox 434 2657 649 2700; x_wconf 86' lang='lat' dir='ltr'><strong>eminebant,</strong></span> <span class='ocrx_word' id='word_1_407' title='bbox 672 2657 757 2692; x_wconf 89' lang='lat' dir='ltr'><strong>illud</strong></span> <span class='ocrx_word' id='word_1_408' title='bbox 782 2667 960 2691; x_wconf 84' lang='lat' dir='ltr'><strong>asserens:</strong></span> <span class='ocrx_word' id='word_1_409' title='bbox 1001 2656 1038 2690; x_wconf 92' lang='lat' dir='ltr'><strong>in</strong></span> <span class='ocrx_word' id='word_1_410' title='bbox 1065 2667 1140 2691; x_wconf 88' lang='lat' dir='ltr'><strong>eam</strong></span> <span class='ocrx_word' id='word_1_411' title='bbox 1166 2667 1280 2691; x_wconf 87' lang='lat' dir='ltr'><strong>curam</strong></span> <span class='ocrx_word' id='word_1_412' title='bbox 1307 2658 1584 2692; x_wconf 80' lang='lat' dir='ltr'><strong>Cantacuzenum</strong></span> <span class='ocrx_word' id='word_1_413' title='bbox 1614 2657 1715 2692; x_wconf 86' lang='lat' dir='ltr'><strong>enixe</strong></span> 
     </span>
     <span class='ocr_line' id='line_1_42' title="bbox 231 2702 1719 2750; baseline 0 -12"><span class='ocrx_word' id='word_1_414' title='bbox 231 2703 441 2746; x_wconf 81' lang='lat' dir='ltr'><strong>incumbere,</strong></span> <span class='ocrx_word' id='word_1_415' title='bbox 465 2708 517 2746; x_wconf 84' lang='lat' dir='ltr'><strong>ut,</strong></span> <span class='ocrx_word' id='word_1_416' title='bbox 537 2703 634 2739; x_wconf 89' lang='lat' dir='ltr'><strong>nobis</strong></span> <span class='ocrx_word' id='word_1_417' title='bbox 655 2703 810 2739; x_wconf 88' lang='lat' dir='ltr'><strong>omnibus</strong></span> <span class='ocrx_word' id='word_1_418' title='bbox 827 2703 982 2738; x_wconf 85' lang='lat' dir='ltr'><strong>crastina</strong></span> <span class='ocrx_word' id='word_1_419' title='bbox 998 2702 1055 2738; x_wconf 90' lang='lat' dir='ltr'><strong>die</strong></span> <span class='ocrx_word' id='word_1_420' title='bbox 1074 2702 1341 2746; x_wconf 81' lang='lat' dir='ltr'><strong>contrucidatis,</strong></span> <span class='ocrx_word' id='word_1_421' title='bbox 1366 2703 1606 2750; x_wconf 87' lang='lat' dir='ltr'><strong>imperatorem</strong></span> <span class='ocrx_word' id='word_1_422' title='bbox 1624 2715 1662 2738; x_wconf 87' lang='lat' dir='ltr'><strong>se</strong></span> <span class='ocrx_word' id='word_1_423' title='bbox 1679 2708 1719 2738; x_wconf 87' lang='lat' dir='ltr'><strong>et</strong></span> 
     </span>
     <span class='ocr_line' id='line_1_43' title="bbox 233 2749 1716 2796; baseline -0.001 -10"><span class='ocrx_word' id='word_1_424' title='bbox 233 2761 347 2786; x_wconf 87' lang='lat' dir='ltr'><strong>rerum</strong></span> <span class='ocrx_word' id='word_1_425' title='bbox 371 2749 540 2785; x_wconf 88' lang='lat' dir='ltr'><strong>dominum</strong></span> <span class='ocrx_word' id='word_1_426' title='bbox 561 2750 799 2787; x_wconf 84' lang='lat' dir='ltr'><strong>constitueret.</strong></span> <span class='ocrx_word' id='word_1_427' title='bbox 862 2749 962 2784; x_wconf 86' lang='lat' dir='ltr'><strong>Haec</strong></span> <span class='ocrx_word' id='word_1_428' title='bbox 981 2761 1058 2785; x_wconf 86' lang='lat' dir='ltr'><strong>cum</strong></span> <span class='ocrx_word' id='word_1_429' title='bbox 1082 2749 1215 2785; x_wconf 87' lang='lat' dir='ltr'><strong>diceret</strong></span> <span class='ocrx_word' id='word_1_430' title='bbox 1232 2750 1506 2796; x_wconf 80' lang='lat' dir='ltr'><strong>affirmaretque,</strong></span> <span class='ocrx_word' id='word_1_431' title='bbox 1528 2762 1589 2785; x_wconf 88' lang='lat' dir='ltr'><strong>eos</strong></span> <span class='ocrx_word' id='word_1_432' title='bbox 1610 2750 1716 2785; x_wconf 88' lang='lat' dir='ltr'><strong>etiam</strong></span> 
     </span>
     <span class='ocr_line' id='line_1_44' title="bbox 233 2795 1715 2846; baseline -0.002 -12"><span class='ocrx_word' id='word_1_433' title='bbox 233 2796 273 2834; x_wconf 85' lang='lat' dir='ltr'><strong>in</strong></span> <span class='ocrx_word' id='word_1_434' title='bbox 299 2795 393 2833; x_wconf 83' lang='lat' dir='ltr'><strong>illum</strong></span> <span class='ocrx_word' id='word_1_435' title='bbox 417 2796 616 2841; x_wconf 80' lang='lat' dir='ltr'><strong>commovit,</strong></span> <span class='ocrx_word' id='word_1_436' title='bbox 641 2796 842 2845; x_wconf 84' lang='lat' dir='ltr'><strong>quibuscum</strong></span> <span class='ocrx_word' id='word_1_437' title='bbox 861 2800 939 2833; x_wconf 80' lang='lat' dir='ltr'><strong>erat</strong></span> <span class='ocrx_word' id='word_1_438' title='bbox 962 2795 1013 2833; x_wconf 84' lang='lat' dir='ltr'><strong>iui</strong></span> <span class='ocrx_word' id='word_1_439' title='bbox 1036 2796 1208 2843; x_wconf 79' lang='lat' dir='ltr'><strong>cognatio.</strong></span> <span class='ocrx_word' id='word_1_440' title='bbox 1256 2797 1421 2846; x_wconf 78' lang='lat' dir='ltr'><strong>Adeoque</strong></span> <span class='ocrx_word' id='word_1_441' title='bbox 1447 2797 1487 2832; x_wconf 86' lang='lat' dir='ltr'><strong>id</strong></span> <span class='ocrx_word' id='word_1_442' title='bbox 1504 2796 1715 2844; x_wconf 87' lang='lat' dir='ltr'><strong>imperatrici</strong></span> 
     </span>
    </p>
   </div>
  </div>
 </body>
</html>
