1794 3172
370 137 691 186 HISTORIAE
710 137 1093 185 BYZANTINAE
1105 136 1250 183 XVII.
1262 141 1302 185 3.
1478 131 1579 185 851

87 249 345 309 χαλκοτύποι
365 248 516 302 πάντες
527 250 579 311 Ι>ἐν
593 248 737 300 ὅπλοις
755 243 877 305 ἦσαν.
917 250 972 294 ἐῶ
989 249 1117 307 λέγειν
1127 249 1308 309 χυτρέας
1326 252 1396 295 καὶ
1414 267 1581 296 σκαπα-
1603 257 1644 291 Α.
1655 258 1694 292 c.
1712 255 1794 318 1348

90 323 208 376 νέας,
246 322 337 366 ὅσοι
358 324 521 378 μισθοῦ
544 318 848 378 στρατεύεσθαι
869 319 971 371 τέως
993 317 1215 378 ἀρξάμενοι
1235 319 1377 379 κώπης
1397 306 1794 389 ἥπτοντοῙωῐῙζέιΓὲΞω

89 391 172 449 ἤδη
204 394 272 435 καὶ
291 389 512 446 θαλάττης
531 391 764 448 ἐπειρῶντο.
812 390 922 433 ἀλλὰ
939 391 1008 434 καὶ
1031 391 1173 434 δοῦλοι
1193 391 1300 450 πρὸς
1318 396 1403 436 τῶν
1427 394 1577 436 δεσπο-

89 467 175 506 τῶν
197 458 424 516 ὧπλίζοντό
453 477 499 504 τε
531 461 600 503 καὶ
622 459 699 516 τὴν
730 459 868 511 δεξιὰν
889 461 947 511 εἷς
966 457 1099 511 τόξων
1123 461 1193 503 καὶ
1215 465 1350 517 βελῶν
1372 461 1629 522 ε’ῤῥυθμί-Ρ.
1640 466 1712 505 536

55 533 211 586 5ζοντο
236 532 411 589 χρείαν,
445 534 521 586 τῆς
550 526 868 587 ἀπροσδοκήτου
902 527 1182 588 περιστάσεως
1211 528 1373 583 πάντας
1401 534 1460 584 εἷς
1477 533 1581 589 μίαν

88 599 420 657 συνελαυνούσης
444 601 702 658 προθυμίαν.
760 598 852 659 (Γ.)
892 600 947 644 Οἱ
977 599 1023 643 δὲ
1051 604 1237 646 Λατῖνοι
1258 601 1580 658 μετεπέμψαντο

86 673 163 726 μὲν
186 673 230 714 ἐκ
241 672 354 715 Χίου
375 667 525 728 τριήρη
544 671 646 725 μίαν
667 670 735 712 καὶ
756 667 928 721 ὁπλίτας
944 668 1134 726 συχνούς.
1159 664 1261 727 ἧκον
1280 671 1325 714 δ’
1347 671 1491 725 αὐτοῖς
1510 674 1581 718 καὶ

87 740 184 786 ὅσαι
203 741 300 785 κατ’
325 741 529 798 ἐμπορίαν
550 739 720 796 ἴκδημοι
742 738 907 791 τούτοις
929 744 1014 784 τῶν
1033 741 1237 798 μεγίστων
1254 736 1364 798 ἦσαν
1388 740 1575 795 ὁλκάδες.

86 813 155 855 καὶ
182 806 235 868 ἦν
255 808 534 860 εὖοπλότατος
554 809 677 866 ὄχλος
696 810 814 868 σφίσι
837 809 969 861 πολὺς
995 809 1077 867 ἤδη
1109 812 1178 853 καὶ
1208 810 1384 869 ἄφθονα
1414 813 1469 856 τὰ
1486 814 1578 857 ἔπι-ο

29 895 76 932 10
87 879 230 938 τήὸεια
240 914 255 935 ,
271 882 357 924 ’καὶ
387 880 572 936 πολέμου
594 877 725 938 φάναι
745 879 938 938 λαμπρὸν
959 878 1229 939 ἐργαστήριον
1251 879 1278 937 ἡ
1299 879 1460 926 τούτων
1480 881 1577 927 ἐδό-

88 969 146 995 κει
166 949 285 1002 πόλις
300 964 311 974 ·
350 948 456 994 ὥστε
485 943 782 1008 θαρρήσαντες
800 948 882 1006 ἤδη
910 949 970 1006 μὴ
989 948 1121 1005 μόνον
1135 950 1234 1001 τοὺς
1253 950 1412 1003 ἔξωθεν
1433 952 1478 995 ἐκ
1496 954 1614 1008 με-Β

82 1019 240 1080 τεώρου
258 1017 428 1076 βάλλειν
450 1020 757 1078 ἐπιχειροῦντας
777 1023 889 1078 σφᾶς
908 1018 1221 1078 ἀποκρούεσθαι
1244 1020 1433 1079 εὐχερῶς,
1467 1021 1574 1066 ἀλλὰ

83 1093 153 1134 καὶ
177 1090 285 1134 κατὰ
302 1088 548 1144 θάλατταν,
583 1087 659 1133 δύο
680 1089 757 1145 μὲν
776 1093 860 1133 τῶν
877 1090 1083 1146 μεγίστων
1102 1087 1291 1134 ὁλκάδων
1313 1090 1572 1148 ἀπολεξάμε-

81 1179 173 1214 νοι,
208 1158 445 1219 πετροβόλα
473 1161 541 1203 καὶ
567 1158 691 1203 αὗτοί
716 1174 859 1217 σφισιν
895 1159 1126 1216 ἐπέστησαν
1152 1158 1461 1217 μηχανήματα,
1507 1161 1568 1206 δι’

26 1239 71 1276 15
83 1225 140 1275 ὧν
162 1230 339 1285 ἔβαλλον
360 1230 438 1281 τὰς
458 1227 663 1288 ’ἡμετέρας
689 1226 972 1287 πετροβόλους
989 1227 1204 1286 μηχανάς·
1242 1231 1284 1281 ἐς
1308 1231 1354 1274 δὲ
1373 1231 1452 1288 τὴν
1469 1230 1571 1276 τού-

80 1318 165 1345 των
197 1302 321 1357 μείζω
352 1302 422 1344 καὶ
449 1301 618 1358 τρίτην,
650 1300 818 1357 κεραίας
846 1292 915 1343 καὶ
943 1300 1094 1350 δοκοὺς
1113 1298 1344 1358 μεγάλους,
1376 1301 1478 1353 τοὺς
1494 1303 1572 1358 μὲν
1622 1339 1623 1342 ,

82 1370 259 1429 ὀρθίους
267 1404 282 1425 ,
316 1370 416 1422 τοὺς
445 1370 489 1414 ‹5’
525 1370 766 1428 ε’γκαρσίους
795 1371 866 1413 καὶ
893 1368 1192 1428 ἄγχωμάλους,
1223 1370 1306 1414 ἀπὸ
1336 1371 1469 1428 μέσης
1495 1376 1574 1429 τῆς

80 1440 182 1492 νεώς
202 1443 243 1492 ἒς
258 1439 335 1497 τὴν
356 1438 530 1499 πρώραν
550 1439 843 1497 καταθέμενοι,
873 1439 980 1499 πρὸς
995 1439 1043 1484 τὸ
1059 1438 1323 1498 ὑψηλότερον
1341 1439 1613 1499 προΐούσαςθ

81 1509 250 1566 ὁμαλῶς
280 1511 344 1554 ἀεὶ
371 1512 441 1554 καὶ
478 1510 527 1554 τό
562 1510 686 1554 πλέον
717 1507 894 1566 ἐχούσας
922 1509 1129 1568 μετέωρον
1156 1510 1278 1572 μέχρι
1307 1515 1466 1554 πολλοῦ
1491 1515 1570 1556 τοῦ

23 1581 227 1639 Ωοᾶἕρος,
266 1579 372 1624 ὥστε
392 1582 460 1623 καὶ
478 1578 581 1638 ὑπὲρ
602 1580 656 1623 τὰ
674 1581 785 1636 τείχη
803 1583 888 1623 τῶν
909 1580 1152 1633 Βυζαντίων
1182 1580 1457 1637 ἐπαίρεσθαι,
1489 1598 1571 1625 σα-

81 1652 164 1695 νίσι
199 1667 242 1693 τε
268 1656 441 1700 πυκναῖς
473 1650 812 1708 περισφίγξαντες
843 1650 912 1692 καὶ
941 1647 1077 1708 κύκλῳ
1104 1649 1236 1693 πολὺν
1254 1650 1327 1692 τὸν
1348 1654 1432 1694 τῶν
1453 1652 1570 1708 μεγί-

82 1737 194 1764 στων
223 1719 411 1763 ἀσπίδων
446 1719 640 1778 φραγμὸν
672 1719 958 1777 περιθέμενοι,
998 1721 1067 1763 καὶ
1099 1718 1283 1770 πολλοὺς
1317 1717 1463 1764 ὁπόσοι
1482 1725 1569 1765 τῶν

79 1789 264 1846 μάλιστα
283 1790 505 1834 ἕπιλεκτῶν
526 1787 704 1833 ὃπλιτῶν
724 1785 832 1846 ἦσαν
854 1787 1133 1845 ἐμβαλόντες,
1166 1786 1324 1846 ταύτην
1347 1787 1454 1846 ὅμοῦ
1476 1792 1622 1841 ταΐςἿ-
1634 1790 1705 1831 434

80 1857 440 1919 παρασπιζούσαις
459 1859 574 1903 ἐννέα
604 1857 812 1919 τριήρεσιν
839 1863 900 1920 τῷ
927 1860 1047 1916 τείχει
1067 1857 1359 1918 προσήγαγον,
1392 1863 1476 1919 πῦρ
1497 1862 1610 1904 nain

80 1971 209 2006 Omnes
230 1971 314 2005 item
332 1970 438 2013 fabri,
460 1973 609 2014 sutores,
633 1970 725 2007 aeris
742 1971 884 2006 flatores
901 1971 1188 2016 malleatoresque
1203 1970 1240 2005 in
1257 1970 1362 2005 armis
1381 1974 1502 2014 erant3
1526 1976 1568 2007 ut

79 2018 206 2063 figulos
230 2023 366 2052 taceam
388 2023 426 2052 et
445 2018 618 2060 fossores,
644 2019 706 2064 qui
721 2022 804 2053 tunc
822 2030 955 2054 merere
974 2030 1051 2053 cum
1071 2018 1289 2064 coepissent,
1312 2017 1380 2053 iam
1401 2023 1439 2054 et
1454 2030 1565 2055 remos

78 2064 298 2107 tractabant,
331 2068 368 2099 et
399 2065 505 2099 maris
536 2065 725 2110 periculum
748 2065 935 2100 faciebant.
982 2065 1054 2100 Sed
1076 2070 1113 2099 et
1132 2065 1227 2099 servi
1246 2076 1268 2099 a
1285 2064 1430 2100 dominis
1453 2078 1566 2101 arma-

78 2112 226 2153 bantur,
252 2116 288 2146 et
306 2122 423 2146 eorum
442 2122 560 2146 manus
580 2124 722 2147 arcuum
739 2112 1014 2159 sagittarumque
1029 2123 1126 2147 usum
1145 2111 1367 2147 docebantur.
1417 2112 1564 2159 Quippe

77 2158 269 2202 improvisa
294 2163 484 2203 temporum
501 2158 652 2193 conditio
670 2171 785 2194 omnes
812 2159 944 2205 pariter
965 2160 1011 2194 ad
1033 2158 1297 2204 conspirandum
1322 2159 1565 2205 compellebat.

78 2205 183 2250 (ΙΙΙ.)
205 2204 322 2239 Latini
338 2216 382 2239 ex
400 2204 512 2240 altera
529 2210 633 2252 parte
649 2205 823 2241 triremem
841 2218 943 2241 unam
960 2206 1050 2241 Chio
1068 2206 1332 2248 arcessiverant,
1347 2218 1388 2241 ac
1405 2218 1566 2241 numero-

78 2263 151 2286 sam
176 2251 319 2286 militum
339 2263 483 2287 manum.
532 2252 757 2298 Advenerant
780 2252 883 2288 etiam
901 2253 1069 2289 maximae
1090 2264 1207 2288 eorum
1234 2265 1343 2288 naves
1369 2253 1564 2295 onerariae,

78 2310 305 2344 quaecunque
326 2299 372 2333 ad
390 2301 621 2334 mercaturam
642 2300 821 2345 profectae
843 2300 1002 2343 fuerant,
1027 2304 1195 2346 erantque
1221 2300 1309 2346 ipsis
1332 2311 1477 2345 magnae
1495 2299 1566 2334 iam

79 2350 117 2379 et
138 2345 588 2392 instructissimaecopiae3
614 2345 762 2391 denique
789 2346 980 2382 affluebant
1006 2347 1110 2382 rebus
1133 2346 1365 2388 necessariis3
1389 2351 1429 2380 ut
1446 2357 1565 2380 eorum

79 2391 162 2426 urbs
184 2392 366 2436 splendida
383 2393 553 2438 quaedam
569 2393 652 2427 belli
674 2393 815 2428 officina
832 2405 910 2429 esse
930 2394 1120 2430 videretur.
1167 2393 1299 2428 Animis
1330 2393 1450 2438 itaque
1470 2391 1565 2426 aucti

79 2449 147 2472 non
174 2438 274 2472 modo
294 2451 355 2474 eos
373 2439 479 2475 facile
494 2440 730 2486 repellebant,
753 2440 815 2487 qui
834 2441 920 2476 foris
944 2453 986 2476 ac
1005 2440 1180 2487 superiori
1198 2440 1243 2474 de
1263 2440 1339 2474 loco
1362 2439 1460 2484 ipsos
1484 2438 1565 2472 telis

79 2484 315 2527 incesserent3
339 2486 404 2520 sed
423 2490 460 2520 et
477 2486 584 2528 mari,
609 2487 750 2521 selectis
768 2487 904 2522 duabus
931 2487 1087 2523 maximis
1112 2487 1302 2528 onerariis,
1326 2485 1471 2521 missilia
1493 2484 1564 2531 ipsi

79 2542 217 2576 quoque
234 2536 405 2567 tormenta
423 2544 498 2567 cum
520 2533 783 2580 imposuissent,
808 2534 964 2570 ballistas
972 2539 1119 2571 nostras
1142 2533 1315 2580 lapidibus
1333 2532 1564 2578 appetebant:

78 2577 115 2611 in
132 2577 238 2612 tertia
254 2583 388 2623 autem,
413 2591 504 2625 quae
524 2580 656 2615 duabus
681 2580 752 2615 illis
774 2581 885 2616 maior
901 2585 1000 2624 erat,
1022 2585 1194 2616 antennae
1210 2584 1247 2614 et
1262 2590 1407 2623 magnae
1430 2578 1562 2619 trabes,
1594 2581 1596 2583 '

79 2622 170 2658 aliae
192 2628 352 2667 erectae,
377 2625 467 2660 aliae
491 2630 714 2662 transversae
737 2631 774 2663 et
789 2629 975 2674 aequales,
1000 2638 1022 2662 a
1042 2628 1155 2663 media
1176 2626 1256 2662 navi
1275 2625 1318 2660 ad
1335 2636 1470 2670 proram
1489 2624 1564 2658 dis-

81 2670 238 2716 positae,
264 2672 389 2706 sensim
409 2672 658 2708 attollebantur
669 2699 680 2716 ,
705 2678 742 2708 et
757 2674 904 2710 maxima
921 2675 977 2710 sui
997 2679 1099 2720 parte
1116 2673 1277 2708 sublimes
1292 2671 1404 2706 medio
1423 2671 1462 2704 in
1481 2673 1563 2705 aare

81 2717 301 2762 pendebant3
324 2719 376 2753 ita
394 2723 434 2754 ut
450 2731 558 2764 supra
573 2720 787 2767 Byzantinos
804 2733 918 2757 muros
937 2722 1182 2756 eveherentur.
1229 2720 1305 2754 Has
1329 2717 1459 2752 tabulis
1484 2728 1562 2752 cre·-

81 2763 154 2797 bris
169 2763 320 2810 undique
338 2764 685 2812 circumplectuntur,
711 2772 747 2802 et
763 2767 904 2806 densam
923 2768 1120 2815 clypeorum
1140 2777 1255 2812 sepem
1273 2765 1309 2799 in
1328 2765 1444 2798 orbem
1461 2775 1566 2810 praa-

80 2809 247 2845 tendunt=
269 2815 340 2847 tum
363 2811 517 2857 plurimis
545 2813 1002 2860 lectissimisquemilitibus
1021 2813 1247 2854 intromissis,
1271 2811 1386 2846 navim
1405 2822 1480 2845 cum
1498 2822 1561 2844 no-

79 2868 156 2892 vem
174 2857 395 2893 subsidiariis
421 2859 618 2896 triremibus
638 2872 737 2896 muro
759 2861 963 2906 admovent,
985 2861 1102 2907 ignem
1120 2863 1157 2895 et
1173 2860 1405 2904 cuiuscunque
1420 2857 1561 2904 generis
