1794 3172
230 101 331 150 880
643 106 683 152 N
687 104 960 151 ICEPHORI
989 103 1318 150 GREGORAE

12 229 51 263 A.*
69 228 112 270 Μ.
127 227 219 264 6859
234 216 420 276 ἷστορίας
448 216 491 261 ἓν
527 222 616 267 τοῖς
643 213 878 272 καθήκουσι
913 215 1141 271 διείληπται
1172 213 1328 267 τόποις.
1367 214 1452 259 ἐπεὶ
1481 213 1527 259 δ’
1566 214 1607 265 ἐς
1635 213 1712 270 τὴν

80 276 149 309 ῙΜ·
165 275 456 356 4Οὖστεραίαν
476 286 684 330 ἀκουσθέν
695 284 820 344 ’Ἀννῃ
846 288 898 343 τῇ
919 286 1103 340 βασιλίδι
1125 287 1194 328 καὶ
1213 284 1372 345 συζύγῳ
1391 284 1541 328 ἐκείνου
1553 317 1566 338 ,
1608 284 1713 341 πρὸς

233 355 370 414 λύπην
389 354 601 414 ἀφόρητόν
623 373 668 399 τε
695 354 807 406 ἔδοξε
836 356 904 398 καὶ
927 355 975 398 οὗ
997 352 1112 410 μάλα
1135 353 1396 408 ἀνύποπτον,
1437 355 1594 396 δίκαιον
1612 352 1714 396 εἶναι

231 431 292 487 τῷ
312 429 479 483 βασιλεῖ
490 423 722 482 νενόμισται
742 425 1075 484 Καντακουζηνῷ
1086 457 1099 478 ,
1133 424 1209 480 τὴν
1231 426 1377 482 ἐφεξῆς
1395 423 1592 480 κυριακὴν
1611 420 1714 478 ἦμέ-

211 514 311 556 -ραν
330 496 621 551 ἀθροισθῆναί
643 512 685 538 τε
707 493 780 538 τὸν
801 493 903 537 λαὸν
926 489 1054 544 αὖθις
1086 495 1155 537 καὶ
1185 492 1318 550 μόνην
1349 493 1425 550 τὴν
1453 497 1527 536 τοῦ
1551 490 1743 545 ὄνόμα-5

233 583 307 617 τος
332 566 483 610 ἐκείνου
510 564 704 622 γενέσθαι
732 561 973 622 ἀνάρρησιν.
1019 564 1086 606 καὶ
1117 568 1253 607 ταῦτα
1279 564 1354 619 μὲν
1384 562 1488 620 τῇδέ
1514 580 1570 618 πη
1600 561 1714 616 ἔσχε·

235 637 303 679 καὶ
325 633 346 678 ὃ
362 632 517 690 χειμὼν
538 634 581 677 ἓν
610 631 771 684 τούτοις
803 630 1002 677 ἐτελεύτα.
1060 633 1150 692 (Ε.)
1177 633 1293 691 ’Άρτι
1316 633 1361 676 δὲ
1382 636 1456 675 τοῦ
1477 629 1594 687 ἡλίου
1618 630 1717 680 τούς

193 704 402 763 Βῆρινούς
422 703 666 760 ἀμείβοντος
683 700 877 757 κύκλους,
907 704 975 746 καὶ
993 705 1045 761 τῇ
1064 707 1115 760 γῇ
1139 703 1182 745 ἐκ
1203 706 1278 760 τῆς
1297 703 1391 753 νέας
1406 699 1536 758 χλόης
1557 701 1716 756 εὐανθῆ

237 775 307 820 καὶ
339 774 522 819 ποικίλον
554 780 642 824 τοῖς
661 771 854 831 χρώμασι
884 772 1201 829 ἷστουργοῦντος
1228 777 1412 829 χιτῶνα,
1457 773 1527 815 καὶ
1567 770 1718 827 δένδρα

235 841 375 890 πάντα,
386 842 491 900 πρὸς
518 842 745 899 ἄναβίωσίν
775 860 820 886 τε
846 844 914 885 καὶ
941 842 1146 885 παντοίων
1169 842 1320 899 γένεσιν
1350 845 1521 899 καρπῶν
1541 838 1710 898 ἀφθόγ-
1729 851 1772 887 10

180 955 189 966 x
236 930 324 972 γοις
340 910 528 969 σάλπιγξι
547 912 911 971 προσκαλουμένου
921 946 935 967 ,
967 911 1244 956 κατέπλευσαν
1275 912 1317 963 ἔς
1337 911 1434 962 τούς
1456 915 1530 954 τοῦ
1554 911 1719 963 Βυζαν-

236 984 327 1027 τίου
351 982 517 1037 λιμένας
534 983 745 1026 Βενετικαὶ
762 980 939 1040 τριήρεις
958 982 1156 1039 τέσσαρες
1174 983 1242 1026 καὶ
1265 982 1376 1026 δέκα.
1411 980 1461 1024 αἳ
1476 979 1528 1036 δὴ
1548 979 1620 1023 τὸν
1643 982 1718 1023 τοῦ

237 1052 433 1103 Εὐξείνου
463 1049 617 1096 πόντου
649 1050 923 1104 ὃιαζώσαντες
951 1051 1102 1107 αὐχένα
1138 1051 1215 1103 τὰς
1246 1052 1290 1094 ἐκ
1319 1048 1566 1101 Μαιώτιὸός
1587 1067 1631 1092 τε
1652 1049 1720 1092 καὶ

238 1125 466 1177 Χερσῶνος
493 1122 562 1166 καὶ
578 1125 660 1165 τῶν
683 1123 839 1164 ἐκεῖθεν
869 1119 1091 1171 κατιούσας
1117 1122 1280 1179 χωρίων
1300 1121 1343 1172 ἐξ
1364 1121 1564 1177 ἐμπορίας
1576 1123 1617 1162 Γ
1614 1122 1720 1162 αλα-

202 1191 360 1242 Ετικὰς
381 1189 558 1249 τριήρεις
575 1195 660 1235 τῶν
679 1193 720 1234 Γ
716 1195 929 1234 εννουϊτιῦν
950 1189 1271 1246 ξυνελάμβανον.
1309 1189 1517 1234 ἄσπονδον
1544 1189 1623 1247 γὰρ
1650 1187 1717 1231 ἐπ’
1733 1199 1777 1236 15

240 1259 448 1318 ἀλλήλους
468 1260 570 1311 τέως
593 1260 670 1317 τὴν
697 1258 835 1317 μάχην
854 1260 1055 1315 θεμένους
1079 1259 1153 1304 οὔκ
1172 1256 1223 1316 ἦν
1245 1259 1407 1318 ἠρεμεῖν
1419 1292 1432 1312 ,
1470 1259 1519 1303 οὐ
1541 1256 1718 1313 νύκτωρ,

244 1330 294 1374 οὗ
323 1330 429 1387 μεθ’
456 1327 616 1386 ἡμέραν
624 1362 638 1384 ,
672 1329 772 1373 οὐδ’
799 1331 863 1373 ἐπὶ
892 1329 1029 1388 βραχὺ
1066 1333 1141 1385 τῆς
1165 1328 1301 1387 ὥρας·
1341 1328 1447 1372 ἀλλὰ
1469 1326 1630 1379 πάντας
1648 1326 1722 1371 τό-

94 1407 135 1444 V·
152 1404 222 1444 443
245 1417 351 1451 πους
375 1400 444 1443 καὶ
475 1399 642 1454 λιμένας
664 1400 897 1461 διερευνζίν,
932 1401 1000 1443 καὶ
1027 1402 1130 1442 πᾶσι
1157 1397 1327 1457 τρόποις
1357 1399 1588 1455 ἐπιχειρεῖν,
1621 1397 1722 1441 ὅθεν

243 1468 296 1513 ἂν
316 1469 376 1525 εἴη
395 1469 471 1524 τὴν
489 1466 679 1524 ἀλλήλων
700 1470 887 1527 δρῶντας
906 1468 1078 1527 φθορὰν
1102 1466 1351 1527 ὑπερτέρους
1377 1472 1452 1510 τοῦ
1471 1471 1618 1511 λοιποῦ
1644 1485 1722 1510 κα-

240 1539 492 1583 θίστασθαι.
529 1535 719 1595 εἰληφόσι
751 1539 796 1582 δὲ
827 1539 896 1581 καὶ
929 1538 1168 1594 συμμαχίας
1197 1539 1241 1581 ἔκ
1262 1534 1514 1582 Κατελάνων
1536 1538 1604 1580 καὶ
1631 1540 1779 1586 Bv-eo

243 1608 437 1662 ζαντίων,
476 1604 749 1663 ἐγκοτούντων
775 1608 893 1666 σφίσι
922 1609 990 1651 καὶ
1009 1607 1146 1650 αὐτῶν
1179 1607 1248 1651 διὰ
1271 1607 1325 1650 τὰ
1346 1603 1576 1664 φθάσαντα
1597 1608 1721 1649 πταί-

206 1686 400 1733 Εσματα,
432 1676 716 1735 εὐπετέστερον
735 1681 812 1733 τῆς
829 1674 966 1733 μάχης
989 1675 1167 1732 ἥπτοντο
1189 1677 1257 1720 καὶ
1275 1680 1350 1720 τοῦ
1372 1676 1576 1731 πολέμου,
1616 1676 1722 1719 κατὰ

242 1744 410 1790 πάντων
450 1744 539 1800 ἅμα
571 1746 737 1803 χωρίων
778 1747 847 1790 καὶ
890 1746 1064 1802 λιμένων
1111 1747 1178 1789 καὶ
1215 1744 1397 1801 πόλεων,
1442 1747 1511 1790 καὶ
1550 1744 1722 1804 ὅποιπερ

243 1815 296 1860 ἂν
317 1813 394 1860 εἷεν
415 1818 456 1859 Γ
453 1819 668 1860 εννουῒτῶν
687 1815 801 1874 γένος
814 1849 827 1870 ,
861 1815 1043 1873 ἀσχέτως
1065 1812 1306 1873 ὁρμώμενοι.

246 1981 351 2017 supra
366 1971 555 2017 expositum
574 1974 640 2008 est.
686 1971 774 2008 Cum
793 1974 904 2008 autem
921 1972 1092 2019 postridie
1111 1970 1311 2018 imperatrix
1331 1972 1448 2017 Anna,
1473 1970 1640 2018 principis
1658 1970 1722 2005 de-

245 2017 356 2053 functi
377 2028 484 2060 uxor‚
509 2018 660 2054 dolorem
682 2019 934 2054 intolerabilem
956 2020 1077 2054 audita
1096 2031 1138 2054 ea
1158 2031 1198 2053 re
1220 2019 1453 2065 concepisset,
1480 2023 1516 2053 et
1536 2018 1723 2064 suspicioni

244 2063 342 2098 locus
361 2075 438 2099 esse
453 2064 652 2108 videretur,
677 2065 811 2100 censuit
841 2066 1101 2101 Cantacuzenus
1132 2066 1338 2111 imperator,
1363 2065 1420 2100 die
1436 2064 1615 2100 Dominica
1638 2076 1723 2110 pro-

244 2109 336 2144 xime
354 2117 540 2156 sequutura
564 2113 837 2157 congregandum
862 2124 983 2146 rursus
1001 2112 1181 2158 populum,
1209 2117 1244 2147 et
1268 2112 1368 2146 unius
1387 2111 1573 2147 Andronici
1601 2123 1723 2146 nomen

246 2156 535 2201 proclamandum.
559 2159 675 2204 Atque
692 2160 778 2193 haec
796 2158 847 2193 ita
865 2159 973 2193 ferme
990 2171 1028 2193 se
1048 2159 1252 2194 habuerunt.
1283 2158 1331 2193 Et
1350 2159 1386 2193 in
1406 2158 1460 2193 his
1479 2158 1585 2193 hiems
1605 2159 1722 2192 desiit.

245 2202 331 2247 (V.)
355 2202 446 2237 Vere
471 2203 630 2245 ineunte,
661 2216 738 2239 cum
772 2205 823 2239 sol
853 2206 1107 2251 aequinoctium
1143 2210 1403 2251 praetervectus
1438 2216 1526 2239 novo
1555 2205 1722 2250 gramine,

245 2247 341 2283 velut
358 2248 484 2284 florida
500 2253 536 2283 et
554 2249 754 2286 versicolori
769 2255 866 2286 veste
877 2277 888 2293 ‚
911 2257 1038 2286 terram
1058 2253 1260 2292 obtexeret,
1285 2263 1468 2296 omnesque
1485 2252 1627 2286 arbores
1647 2263 1724 2286 sus-

246 2294 394 2337 citaret,
427 2300 464 2330 et
490 2296 535 2330 ad
563 2297 758 2342 omnigenos
784 2298 920 2332 fructus
943 2298 1182 2343 producendos
1203 2298 1304 2333 mutis
1332 2298 1476 2332 vocibus
1503 2302 1722 2342 provocaret,

245 2340 281 2375 in
304 2340 513 2387 Byzantinos
533 2347 653 2388 portus
676 2344 826 2378 Venetae
852 2345 1009 2378 triremes
1035 2345 1293 2391 quatuordecim
1311 2344 1447 2379 delatae
1468 2349 1558 2378 sunt.
1606 2345 1724 2390 Atque

246 2386 332 2429 hae,
356 2387 460 2422 Ponti
484 2388 613 2422 Euxini
634 2389 794 2424 saucibus
811 2390 1044 2425 circumclusis
1058 2417 1068 2433 ‚
1095 2391 1275 2426 Galaticas
1296 2390 1522 2424 Genuitarum
1550 2390 1723 2432 triremes,

245 2433 292 2467 ab
314 2439 466 2469 mercatu
485 2435 668 2470 redeuntes
686 2448 730 2471 ex
750 2437 925 2472 Maeotide
952 2442 988 2471 et
1008 2438 1205 2479 Chersone,
1238 2436 1382 2482 aliisque
1405 2437 1496 2471 illius
1514 2442 1646 2471 tractus
1671 2437 1723 2471 lo-

246 2478 319 2522 cis,
351 2480 696 2526 comprehendebant.
746 2482 916 2518 Nimirum
948 2483 1159 2519 internecino
1191 2483 1278 2518 bello
1305 2483 1370 2518 sibi
1401 2483 1546 2518 invicem
1579 2483 1722 2526 indicto,

245 2536 310 2560 nec
337 2531 440 2561 noctu
471 2539 535 2562 nec
561 2527 734 2571 interdiu,
767 2541 811 2563 ne
838 2530 943 2565 horae
969 2531 1106 2576 quidem
1127 2534 1314 2571 momento,
1339 2530 1518 2574 quiescere
1539 2535 1722 2576 poterant:

236 2571 308 2606 >sed
328 2583 457 2608 omnem
475 2573 582 2608 locum
596 2599 606 2616 ,
625 2586 740 2609 omnes
768 2580 886 2621 portus
908 2579 1231 2623 perscrutabantur,
1255 2578 1503 2622 tentabantque
1527 2576 1661 2618 omnia,
1684 2580 1725 2610 ut

246 2617 396 2653 conflato
416 2619 482 2654 sibi
503 2619 646 2656 invicem
664 2621 769 2655 exitio
792 2623 991 2666 superiores
1010 2624 1044 2657 in
1066 2629 1240 2668 posterum
1260 2622 1457 2657 evaderent.
1505 2623 1591 2658 Cum
1610 2629 1724 2658 autem

246 2667 284 2699 et
303 2663 489 2701 catalanos
507 2666 620 2701 socios
649 2667 715 2702 sibi
736 2668 859 2703 Veneti
882 2669 1140 2712 adiunxissent‚
1164 2674 1201 2704 et
1228 2668 1438 2714 Byzantios,
1464 2668 1558 2715 ipsos
1586 2681 1723 2715 quoque

246 2710 411 2746 Genuitis
431 2713 474 2746 ob
492 2713 687 2768 superiores
706 2713 821 2748 clades
838 2715 990 2749 infensos
1004 2741 1014 2758 ‚
1040 2716 1176 2751 facilius
1201 2727 1245 2750 ex
1272 2727 1313 2749 eo
1337 2715 1404 2748 illis
1425 2716 1491 2750 fuit
1511 2726 1661 2762 pugnam
1688 2719 1727 2748 et

245 2755 369 2810 bellum
394 2758 503 2801 inire,
534 2771 570 2794 in
595 2771 726 2795 omnem
753 2765 790 2795 et
819 2760 926 2796 locum
952 2767 988 2796 et
1010 2767 1147 2807 portum
1166 2766 1202 2798 et
1220 2760 1422 2804 civitatem,
1454 2768 1491 2797 et
1516 2773 1724 2808 quacunque

246 2803 435 2839 Genuitica
449 2805 543 2842 natio
565 2806 756 2851 resideret,
781 2806 889 2844 effuse
909 2808 1134 2846 irruentibus.
