1794 3172
351 149 668 199 HISTORIAE
704 147 1079 195 BYZANTINAE
1100 145 1242 192 XVII.
1257 153 1300 197 7,
1448 138 1552 190 865

74 265 282 324 οἷκτείρειν
312 268 390 321 τῆς
419 259 721 320 δαιμονιῶδους
750 258 884 315 ἐβόων
914 260 1092 315 ταυτησὶ
1122 261 1367 317 συμφορᾶς,
1401 257 1550 315 καὶμὴ
1575 267 1663 299 A.c.
1681 262 1772 301 1349

71 335 210 393 μάτην
222 333 334 378 οὕτω
348 332 591 391 προδιδόναι
609 329 809 389 θανάτῳ,
832 327 1052 379 διώκοντος
1069 327 1258 385 μηδενός.
1297 327 1430 378 οὕτως
1451 314 1774 395 ἄνυ-Ῑωῒῐζιὶῗξέὼ

73 407 307 463 πέρβλητον
337 404 386 447 τὸ
414 408 489 460 τῆς
517 405 737 460 συμφορᾶς
766 401 919 455 ἐκείνης
936 396 1100 452 πάθος,
1132 400 1199 442 καὶ
1226 399 1357 455 μηδὲν
1378 402 1683 442 καταλε-Ρ.545

74 474 219 525 λοιπὸς
245 477 329 517 τῶν
355 473 426 532 ἐφ’
463 471 621 529 ὁμοίοις
640 469 768 514 πάλαι
798 466 1165 528 παραδειγμάτων,
1196 466 1456 525 ἁμιλλᾶσθαι
1475 467 1554 531 ῥᾳ-

39 549 63 586 5
76 546 175 595 δι’ως
193 542 329 601 τούτῳ
350 543 694 601 παρατιθέμενον.
992 555 995 558 “

177 611 224 667 ζ’.
254 613 380 656 Ἀλλὰ
410 613 490 670 γὰρ
522 614 578 663 εἷς
595 615 721 654 τοῦτο
742 605 871 665 τύχης
891 607 965 652 τὸν
983 604 1134 652 στόλον
1154 607 1436 652 συνελαθέντα
1454 606 1552 663 βλέ-
1562 613 1608 649 V.
1617 609 1689 652 441

73 700 219 733 ποντες
249 682 289 726 οἱ
320 680 540 741 πόρῥωθεν
578 685 808 738 πολιορκεῖν
837 677 917 736 ἀφ’
958 676 1128 734 ὑψηλοῦ
1166 678 1215 722 τὸ
1245 682 1329 722 τῶν
1351 680 1555 722 Λατίνων

75 750 277 811 φρούριον
297 752 603 810 ἐκπεμφθέντες
623 753 877 806 στρατιῶται
903 749 1145 801 Βυζαντίων
1176 764 1221 790 τε
1244 749 1313 791 καὶ
1332 746 1423 791 ὅσοι
1445 748 1553 791 κατὰ

75 823 316 878 συμμαχίαν
349 820 590 878 ἐκλήθησαν
628 823 791 881 Θρᾷκες
831 816 921 874 ἅμα
958 819 1027 861 καὶ
1056 818 1246 874 Πέρσαι,
1289 815 1469 873 χιλιάδες
1502 817 1552 861 οὗ

21 901 66 935 10
76 893 218 947 μείους
245 895 329 935 τῶν
360 895 511 950 τριῶν,
549 897 637 942 τοῖς
671 888 828 945 ὁμοίοις
858 890 927 932 καὶ
955 882 1069 932 οὗτοι
1100 890 1245 938 δεινοῖς
1274 887 1550 945 περιέπιπτον,

75 963 145 1005 καὶ
161 961 342 1019 θυρεοὺς
362 963 537 1012 ἐκείνους
558 962 627 1004 καὶ
648 959 756 1005 ὅπλα
773 960 842 1002 καὶ
868 955 1151 1015 μηχανήματα
1176 955 1556 1013 καταλιμπάνοντες

74 1030 245 1089 ἔφευγον
269 1029 476 1089 σποράδες
505 1048 550 1074 τε
570 1031 639 1074 καὶ
663 1027 912 1072 ἀσύντακτοι
925 1062 939 1082 ,
973 1027 1151 1084 μηδενὸς
1183 1026 1305 1077 ὄντος
1327 1031 1404 1070 τοῦ
1433 1027 1597 1070 πολέ-Ο

74 1099 171 1156 μιόν
193 1118 232 1144 τι
265 1102 334 1144 καὶ
359 1100 502 1159 ἄγριον
537 1098 783 1158 γρύζοντος·
829 1100 898 1142 καὶ
926 1097 976 1141 οὗ
1005 1095 1205 1155 πρότερον
1226 1097 1428 1153 ἔστησαν,
1461 1098 1559 1154 πρὶν

76 1172 240 1229 σπουδῇ
273 1170 347 1215 τὸν
390 1169 581 1225 ποταμὸν
618 1166 839 1224 διαβάντες
869 1165 1103 1225 ἐλευθέριόν
1139 1184 1180 1211 τι
1212 1164 1558 1211 ἆνεπεπνεύκεσαν

22 1245 67 1281 15
79 1240 174 1296 ἤδη.
231 1239 326 1299 (B.)
377 1244 466 1296 Τῆς
493 1239 635 1295 μέντοι
655 1238 882 1294 θεομηνίας
902 1238 1079 1293 ταυτησὶ
1098 1237 1174 1287 τὰς
1193 1238 1329 1287 αἰτίας
1347 1236 1467 1280 ἄλλοι
1482 1235 1559 1279 ἅλ-

76 1314 154 1360 λας
182 1307 369 1353 ἐτίθεντό
399 1327 444 1353 τε
469 1311 539 1357 καὶ
562 1310 828 1367 ἐψηφίζοντο.
865 1307 944 1365 ἐγὼ
970 1307 1013 1350 δ’
1052 1304 1205 1365 ἑτέροις
1224 1304 1383 1356 ταύτας
1405 1305 1560 1363 ἀπαρι-

74 1385 201 1435 θμεῖν
225 1379 444 1437 ἀφεὶςτὸν
469 1377 590 1435 λόγον
613 1379 685 1437 ἐφ’
715 1378 833 1436 ἕτερα
859 1378 1094 1435 τρέψομαι·
1129 1380 1256 1419 τοῦτο
1273 1373 1403 1429 μόνον
1426 1391 1561 1434 προσ-

76 1448 287 1503 &abac
316 1451 351 1492 εἰ
383 1447 650 1506 θρασύτερον
679 1448 780 1498 ἴσως
812 1447 853 1491 οἱ
883 1450 1068 1491 Λατῖνοι
1093 1443 1186 1488 τότε
1208 1446 1457 1499 διετίθεντο,
1491 1446 1562 1488 καὶ

77 1523 138 1578 τῷ
156 1518 272 1576 παρὰ
292 1520 547 1577 προσδοκίαν
565 1523 705 1562 πᾶσαν
722 1519 901 1576 μεγίστῳ
919 1514 1171 1572 ἐπαρθέντες
1191 1512 1442 1570 εὖτυχήματι
1459 1519 1603 1563 του-,1)

20 1590 154 1632 wrm}
190 1590 446 1642 Βυζαντίους
482 1586 709 1647 φεύγοντας
742 1588 810 1630 καὶ
847 1585 923 1629 ὑπ’
952 1582 1142 1640 ἀλλήλων
1185 1584 1339 1634 ἀκλεῶς
1368 1601 1561 1627 καταπα-

79 1658 307 1712 τουμένους
336 1657 432 1716 ἄχρι
458 1661 600 1701 πυλῶν
632 1658 826 1710 ἐδίωκον,
870 1656 1008 1711 ὀλίγου
1045 1652 1096 1696 ἂν
1129 1652 1268 1709 ἐδέησε
1300 1657 1466 1708 πλῆθος
1483 1655 1568 1696 ἐκεῖ

81 1730 374 1784 διαφθαρῆναι
393 1728 599 1772 παντοίων
619 1729 688 1770 καὶ
710 1727 989 1769 παντοδαπῶν
1010 1721 1261 1780 ἀνθρώπων.
1297 1722 1393 1765 ἀλλ’
1418 1724 1560 1778 ἐπέσχε

80 1795 223 1853 κύριος
241 1797 314 1840 τὸν
343 1797 487 1852 θυμὸν
507 1797 638 1840 αὐτοῦ
647 1830 662 1850 ,
696 1798 762 1839 καὶ
795 1795 943 1853 μέτρια
961 1797 1074 1851 σφᾶς
1095 1792 1222 1843 εὐθὺς
1239 1793 1430 1836 ἐπεπείκει
1451 1809 1560 1850 ‹ppo-

81 1873 187 1920 νεῖν,
216 1868 287 1910 καὶ
315 1867 376 1923 μὴ
403 1867 480 1918 τὰς
508 1866 728 1925 ἀλλοτρίας
757 1864 886 1921 τύχας
908 1865 995 1908 ἴδια
1013 1862 1187 1917 νομίζειν
1206 1860 1365 1906 ἑαυτῶν
1385 1859 1559 1919 εὐτυχή-

81 1999 141 2035 illa
159 1999 258 2036 clade
278 2012 300 2036 a
316 1999 458 2036 sinistro
481 1998 596 2047 aliquo
619 1998 722 2046 genio
743 1997 894 2034 immissa
915 1997 1012 2045 ipsos
1036 1996 1091 2032 sui
1107 1995 1308 2039 miset-eret,
1330 2007 1418 2030 neve
1436 1995 1488 2030 ita
1506 1998 1561 2030 te-

81 2057 175 2082 mere
190 2046 296 2082 vitam
309 2047 508 2093 proderent,
520 2046 652 2083 nemine
666 2050 904 2092 persequente.
930 2045 1027 2080 Adeo
1043 2042 1166 2079 malum
1182 2042 1265 2078 illud
1281 2042 1414 2078 modum
1428 2053 1559 2077 omnem

82 2098 303 2135 excesserat;
327 2093 413 2128 adeo
433 2093 562 2136 eorum,
585 2104 674 2139 quae
693 2104 839 2137 unquam
857 2091 895 2126 in
912 2092 991 2138 pari
1010 2102 1116 2126 causa
1133 2090 1344 2132 acciderunt,
1368 2088 1454 2124 nihil
1473 2093 1562 2131 erat,

82 2140 174 2187 quod
194 2151 270 2175 cum
291 2139 358 2175 isto
376 2139 535 2175 collatum
555 2140 660 2175 facile
679 2143 799 2185 posset
819 2138 1036 2174 contendere.

176 2187 210 2222 7.
235 2185 324 2222 Cum
342 2186 485 2222 classem
504 2198 545 2221 eo
564 2186 770 2232 compulsam
787 2185 947 2220 viderent
962 2184 1001 2227 ii,
1026 2184 1085 2231 qui
1103 2183 1147 2218 ad
1162 2183 1363 2220 Latinorum
1383 2183 1562 2218 castellum

83 2245 105 2270 e
123 2231 311 2280 longinquo
339 2245 380 2268 ac
403 2233 573 2279 superiori
591 2234 643 2268 'de
669 2233 746 2267 loco
775 2232 1039 2279 oppugnandum
1063 2231 1160 2267 missi
1189 2231 1349 2273 fuerant,
1374 2229 1561 2276 Byzantini

83 2279 222 2323 milites,
235 2284 282 2318 ⁴et
300 2279 493 2326 quicunque
512 2279 639 2314 auxilio
658 2278 771 2314 vocati
787 2279 926 2314 fuerant
942 2278 1102 2314 Thraces
1118 2289 1160 2312 ac
1175 2277 1318 2321 Persae,
1344 2277 1390 2312 ad
1409 2277 1479 2311 tria
1499 2277 1563 2311 ho-

83 2325 208 2362 minum
227 2325 346 2368 millia,
369 2326 488 2363 eodem
509 2330 545 2361 et
564 2325 631 2372 ipsi
650 2330 784 2360 terrore
802 2324 973 2371 perculsi,
995 2324 1128 2360 relictis
1150 2329 1185 2359 et
1202 2324 1333 2371 clypeis
1353 2327 1389 2358 et
1408 2323 1511 2358 armis
1526 2326 1563 2359 et

83 2372 262 2415 machinis,
286 2373 443 2421 palantes
463 2372 722 2419 inordinatique
738 2373 914 2418 fugerunt,
938 2383 1014 2406 cum
1030 2383 1127 2407 nemo
1146 2372 1258 2412 ess’et,
1283 2369 1341 2417 qui
1359 2369 1485 2404 hostile
1501 2373 1563 2405 aut

85 2424 188 2454 atrox
237 2419 399 2466 uidquam
419 2420 581 2455 mutiret:
605 2432 670 2456 nec
693 2419 790 2465 prius
809 2419 1015 2461 substitere,
1038 2430 1137 2464 quam
1155 2417 1262 2453 fluvio
1290 2416 1467 2452 celerrime
1490 2420 1566 2450 tra-

84 2465 176 2502 iecto
196 2464 220 2500 li
246 2478 305 2501 ere
325 2466 502 2513 respirare
518 2466 707 2512 coeperint.
755 2465 842 2511 (Π.)
864 2465 916 2503 Ac
934 2465 1026 2500 illius
1043 2464 1180 2511 quidem
1197 2463 1327 2498 furoris
1353 2462 1463 2497 divini
1481 2473 1566 2498 cau-

84 2523 143 2546 sas
165 2510 225 2547 alii
244 2512 330 2554 alias
354 2513 593 2559 proponebant
610 2517 714 2559 atque
733 2511 941 2548 statuebant.
989 2512 1069 2557 Ego
1087 2522 1170 2546 vero
1188 2522 1249 2546 eas
1269 2509 1346 2545 aliis
1361 2520 1566 2544 enumeran-

84 2558 147 2594 das
169 2558 379 2605 relinquam,
403 2558 723 2605 orationemquead
751 2559 819 2593 aiia
844 2563 1053 2594 convertam.
1098 2558 1212 2592 Unum
1235 2561 1349 2592 tamen
1375 2556 1441 2590 hoc
1459 2554 1565 2598 addo,

86 2605 118 2639 si
128 2605 228 2644 forte
242 2605 443 2641 audaciores
455 2605 571 2642 Latini
586 2611 668 2642 tunc
686 2605 910 2648 exstitissent,
930 2610 967 2640 et
983 2604 1129 2640 maximo
1142 2603 1201 2639 illo
1217 2602 1471 2649 improvisoque
1488 2614 1567 2638 suc-

86 2663 189 2686 cessu
211 2651 294 2687 elati
313 2651 490 2699 fugientes
509 2652 714 2707 Byzantios,
739 2658 775 2687 et
794 2664 815 2687 a
830 2664 869 2687 sc
886 2651 1032 2688 invicem
1050 2650 1247 2686 foedissime
1267 2648 1496 2696 proculcatos‚
1520 2648 1566 2684 ad

87 2702 209 2744 portas
228 2709 337 2744 usque
355 2703 553 2745 persequuti
571 2704 700 2742 essent,
727 2710 848 2745 parum
867 2698 1064 2734 abfuturum
1086 2697 1208 2738 fuisse,
1232 2696 1315 2742 quin
1334 2694 1406 2730 illic
1424 2694 1563 2741 penitus

88 2734 336 2792 profligaretur
351 2745 524 2780 variorum
543 2749 580 2782 et
597 2746 705 2781 omnis
723 2743 862 2790 generis
874 2745 1045 2781 hominum
1057 2743 1251 2779 multitudo.
1276 2741 1349 2776 Sed
1366 2741 1452 2776 iram
1467 2753 1562 2776 suam

86 2790 182 2826 Deus
202 2790 372 2825 continuit
394 2792 607 2839 Latinosque
623 2792 774 2833 induxit,
793 2796 833 2826 ut
848 2791 998 2827 victoria
1017 2790 1194 2826 moderate
1212 2792 1411 2829 uterentur,
1437 2799 1477 2823 ac
1493 2799 1563 2824 non

87 2837 230 2874 auorum
252 2836 418 2873 adversos
436 2850 535 2880 casus
553 2839 607 2876 rei
626 2851 649 2876 a
667 2851 707 2874 se
727 2839 816 2874 bene
831 2843 952 2884 gestae
970 2838 1118 2874 fructum
1136 2839 1319 2884 putarent,
1345 2833 1406 2882 qui
1425 2835 1469 2871 ad
1487 2840 1563 2871 tro-
