1794 3172
385 145 701 195 HISTORJAE
728 147 1103 220 BYZANTINAE
1125 148 1220 194 XII.
1240 155 1304 196 10.
1482 142 1582 192 605

108 270 191 311 ψαι
221 258 263 309 ἐς
291 254 602 314 Διδυμότειχον.
654 256 703 302 οὗ
733 257 811 316 γὰρ
840 255 1090 312 ἐλάνθανεν,
1139 257 1238 302 ὅσον
1258 258 1390 316 ἓγερεΐ
1403 258 1476 303 τὸν
1497 263 1580 304 τῶν
1602 271 1688 306 A.c.
1713 268 1794 307 1341

108 325 362 384 πραγμάτων
377 328 556 381 καπνὸν,
594 328 810 383 ἐληλυθὼς
834 328 876 378 ἒς
894 326 1137 381 Βυζάντιον.
1173 328 1300 371 ταῦτ’
1325 328 1408 386 ι’ίρα
1430 331 1498 372 καὶ
1527 319 1716 396 <53¹¹¹¹fgggf
1733 319 1794 401 ἴδ’

108 397 152 438 ἐκ
172 395 396 454 συμφώνου
419 395 568 447 πάντες
585 395 823 453 ἠνάγκασαν
832 429 847 450 ,
886 398 963 448 ἕως
982 399 1038 440 ἓν.
1046 404 1187 455 χεροῖν
1210 397 1294 453 3350‘
1317 398 1365 441 τό
1383 396 1575 456 θήραμα,
1589 385 1725 444 P.2⁹‚76‘

107 464 185 520 τὴν
222 460 352 509 οὖσαν
378 465 559 522 γαλήνην
583 473 670 516 τοῖς
701 467 915 522 δημοσίοις
936 469 1183 525 διατηρῆσαι
1202 465 1451 524 πράγμασιν.
1489 466 1511 511 ὅ
1537 454 1709 512 dliv-‘3⁰5

78 533 157 577 5τό
193 533 496 593 φιλάνθρωπόν
525 553 569 578 τε
609 537 678 578 καὶ
723 531 867 592 ἱλαρὸν
895 533 1050 592 ἥκιστα,
1070 540 1311 591 μεταθεῖναι
1331 533 1586 592 βουλόμενος

106 602 380 661 παρεκρούετο
406 603 484 660 τὴν
510 605 671 647 ἐκείνων
698 605 948 661 παραίνεσιν.
992 603 1129 648 πάντα
1160 605 1240 664 γὰρ
1275 610 1352 662 τῆς
1381 611 1457 650 τοῦ
1476 611 1582 650 θεοῦ

100 673 239 729 χειρὸς
259 674 441 730 ἓξῆφθαι
454 706 467 726 ,
504 675 572 716 καὶ
589 672 716 716 πάντ’
738 674 893 716 ἐκεῖθεν
911 673 1015 731 ἔλεγε
1031 676 1275 718 διοικεῖσθαι
1288 708 1302 728 ,
1340 677 1408 718 καὶ
1426 675 1485 732 μὴ
1506 674 1583 719 δύ·-

104 747 263 785 νασθαι
281 746 524 797 τελεσθῆναι
536 743 679 798 μηδὲν,
719 741 742 785 ὃ
758 743 818 799 μὴ
843 744 997 786 ἐκεῖθεν
1018 744 1079 800 εἴη
1090 745 1432 801 συνεγνωσμὲνον·
1451 745 1511 801 μὴ
1530 744 1579 788 δ’

106 805 159 852 αὖ
179 809 281 854 εἶναι
301 815 386 869 τῶν
402 810 620 855 ἀδυνάτων
637 812 790 867 μηδὲν,
829 810 851 855 ὃ
871 812 930 867 μὴ
953 813 1110 856 ἐκεῖθεν
1129 813 1190 869 εἴη
1219 813 1542 870 ἀπεγνωσμένον.
1580 837 1586 843 ·

47 887 93 922 10
212 879 252 925 ι’.
304 879 427 923 Οὕτω
457 882 594 924 τοίνυν
627 882 783 923 ἐκεῖθεν
812 881 1041 932 ἀπολυθεὶς
1069 880 1091 925 ὅ
1120 880 1372 933 Ἀπόκαυκος
1406 881 1511 938 ὁμοῦ
1534 889 1615 927 τεΒ

102 949 228 1000 αὗτὸς
242 944 339 1006 ἧκεν
368 950 410 1000 ἒς
428 950 476 992 τὸ
500 947 749 1003 Βυζάντιον,
787 951 855 993 καὶ
884 948 906 992 ὁ
932 949 1188 1009 πατριάρχης
1218 951 1318 995 ἰδὼν
1352 951 1482 1003 εὐθὺς
1504 971 1581 1008 με-

101 1018 342 1065 τεσκεύασεν
359 1016 510 1062 ἑαυτοῦ
530 1021 598 1061 καὶ
620 1020 783 1062 δίαιταν
791 1051 806 1072 ,
844 1021 912 1062 καὶ
937 1025 1147 1077 γλῶτταν,
1186 1022 1255 1064 καὶ
1282 1019 1473 1078 γνώμην,
1511 1023 1582 1064 καὶ

99 1086 211 1147 ἦθος
238 1090 282 1140 ἐξ
320 1088 431 1146 ἱεροῦ
459 1088 564 1146 πρὸς
589 1088 638 1132 τὸ
669 1087 1020 1146 δημοτικώτερον·
1054 1091 1123 1132 καὶ
1153 1089 1259 1147 ἄρας
1293 1091 1336 1142 ἐξ
1357 1091 1470 1148 ἱεροῦ
1504 1090 1581 1147 τὴν

101 1158 254 1216 σκηνὴν
283 1158 327 1200 ἐν
355 1164 443 1208 τοῖς
467 1159 691 1212 βασιλείοις
718 1155 920 1213 καθάπαξ
939 1158 1132 1215 ἐπήξατο.
1168 1158 1275 1203 ἔνθα
1296 1157 1518 1216 παννύχιός
1534 1177 1578 1203 τε

43 1233 90 1268 15
100 1231 168 1272 καὶ
189 1227 439 1283 πανημέριος
461 1225 532 1278 ξύν
555 1244 598 1284 γε
620 1231 679 1286 τῷ
695 1226 937 1288 Ἀποκαύκῳ
960 1227 1200 1284 καθήμενος
1226 1230 1292 1272 ἐπὶ
1314 1233 1391 1286 τῆς
1411 1231 1578 1284 βασιλί-

99 1301 172 1348 δος
205 1303 294 1347 τοῖς
323 1294 462 1346 δόλοις
490 1294 553 1346 οἷς
589 1296 794 1354 ἴρῥαπτον
827 1297 891 1339 ἐπὶ
926 1302 1074 1358 φθορᾷ
1104 1296 1318 1355 συνηγόρει
1345 1301 1414 1341 καὶ
1450 1298 1578 1349 αὐτὸς

97 1367 446 1422 Καντακουζηνοῦ
454 1399 469 1418 ,
504 1367 576 1409 καὶ
605 1365 712 1409 ὅλων
741 1368 951 1422 δημοσίων
977 1365 1212 1424 συγχύσεων
1235 1365 1443 1426 ἀνώρυττε
1463 1370 1613 1423 λαμ-Ο

97 1437 207 1495 πρὰς
226 1437 295 1479 καὶ
315 1435 442 1485 αὐτὸς
463 1435 539 1486 τὰς
561 1434 707 1491 πηγάς.
745 1437 813 1478 καὶ
844 1431 896 1491 ἦν
929 1436 978 1479 τὸ
997 1438 1074 1492 μὲν
1092 1441 1233 1492 σχῆμα
1251 1442 1329 1494 τῆς
1347 1438 1580 1494 βακτηρίας

97 1508 165 1549 καὶ
194 1509 270 1549 τοῦ
298 1503 528 1559 ἐνδύματος
562 1505 669 1561 ἱερὸς
693 1502 715 1548 ὅ
735 1503 866 1562 ἀνήρ’
910 1510 964 1563 τῇ
994 1507 1040 1549 δὲ
1064 1505 1206 1563 γνώμῃ
1238 1508 1306 1549 καὶ
1329 1513 1416 1556 τοῖς
1446 1505 1578 1563 ἔργοις

40 1575 219 1619 Ξῦοῦδὲν
242 1572 430 1629 νόμιμον.
503 1573 597 1632 (Β.)
632 1575 720 1617 Καὶ
739 1578 884 1630 πρῶτα
900 1575 974 1629 μὲν
1004 1572 1154 1619 ἑαυτὸν
1176 1575 1273 1618 ἀντὶ
1287 1575 1492 1629 βασιλέως
1509 1592 1578 1617 κε-

92 1642 378 1701 χειροτόνηκεν
399 1641 710 1700 αὐτοκράτορα·
733 1643 806 1686 τὸν
828 1643 870 1685 δ’
888 1641 1140 1688 Ἀπόκαυκον
1161 1644 1370 1700 διοικητὴν
1388 1645 1457 1686 καὶ
1478 1642 1579 1700 ἀγο-

98 1711 281 1771 ρανόμον
301 1713 370 1755 καὶ
402 1713 623 1769 ἐπίτροπον
650 1713 882 1764 Βυζαντίου
907 1729 951 1755 τε
986 1715 1056 1755 καὶ
1080 1705 1162 1756 τῶν
1178 1710 1259 1756 ὕπὸ
1279 1712 1327 1756 τὸ
1348 1710 1579 1766 Βυζάντιον

95 1782 254 1826 πόλεων
282 1780 371 1836 ἅμα
399 1782 467 1824 καὶ
495 1779 633 1836 νήσων
658 1785 827 1833 πασῶν,
865 1783 934 1823 καὶ
952 1781 1090 1839 ῥητῶν
1117 1783 1187 1825 καὶ
1209 1772 1454 1839 ἀπορρήτων
1481 1783 1614 1824 δια-1)

98 1852 240 1908 νομέα,
275 1852 345 1894 καὶ
370 1851 435 1893 ἐπὶ
453 1848 617 1901 τούτοις
637 1849 771 1907 δόγμα
788 1844 840 1907 ἦν
868 1851 936 1894 καὶ
954 1849 1158 1908 ψήφισμα
1178 1850 1315 1898 κοινὸν
1336 1851 1380 1902 ἐξ
1403 1850 1575 1908 ἀμφοῖν,

96 1962 278 1997 obscurum
294 1965 391 2003 erat,
416 1963 579 2006 quantum
596 1959 655 1996 ille
671 1960 707 1995 in
725 1959 903 2007 republica
922 1959 1140 1995 excitaturus
1158 1963 1251 1996 esset
1267 1959 1481 2002 incendium,
1503 1964 1579 1993 sta-

95 2009 159 2044 tim
185 2012 290 2054 atque
305 2007 509 2054 Byzantium
533 2007 744 2043 advenisset.
789 2007 925 2042 Idcirco
942 2006 1044 2053 quasi
1066 2018 1111 2042 ex
1130 2007 1319 2053 composito
1338 2018 1454 2041 omnes
1472 2006 1578 2040 istum

95 2055 365 2101 compellebant,
389 2054 551 2098 quamdiu
570 2054 733 2099 praedam
749 2053 785 2087 in
807 2054 963 2088 manibus
978 2053 1142 2095 haberet,
1167 2058 1208 2088 ut
1226 2057 1441 2100 praesentem
1457 2052 1580 2098 reipu-

94 2101 210 2137 blicae
231 2099 515 2146 tranquillitatem
539 2105 771 2135 conservaret.
818 2101 864 2134 At
880 2100 951 2142 ille,
972 2111 1018 2135 ne
1035 2099 1206 2134 minimum
1224 2099 1360 2145 quidem
1383 2098 1503 2133 volens
1519 2109 1578 2132 re-

96 2147 223 2182 cedere
241 2148 285 2182 ab
308 2146 368 2181 illa
390 2158 456 2182 sua
471 2146 683 2182 humanitate
705 2147 848 2193 mitique
876 2145 1036 2191 ingenio,
1070 2157 1186 2180 eorum
1206 2145 1388 2181 reiiciebat
1411 2145 1580 2179 adhorta-

95 2194 237 2229 tionem.
284 2192 411 2228 Omnia
430 2192 519 2227 enim
536 2205 556 2227 a
574 2205 675 2227 manu
690 2193 757 2228 Dei
774 2192 943 2239 pendere,
968 2192 1079 2227 omnia
1095 2193 1139 2227 ab
1154 2192 1212 2227 illo
1230 2192 1417 2227 dictitabat
1432 2190 1579 2224 admini-

95 2241 224 2282 strari,
247 2251 313 2274 nec
330 2250 436 2285 posse
462 2239 585 2285 perfici
610 2239 814 2285 quidquam,
846 2239 938 2285 quod
964 2250 1033 2273 non
1053 2239 1106 2273 illi
1127 2244 1222 2274 esset
1242 2239 1516 2285 comprobatum,
1539 2240 1578 2271 et

94 2285 248 2322 vicissim
271 2286 382 2320 omnia
406 2297 510 2332 posse
533 2286 674 2332 perfici,
699 2298 789 2331 quae
811 2285 932 2320 abillo
955 2297 1024 2320 non
1046 2285 1331 2332 improbarentur.

99 2361 103 2364 .
189 2336 244 2369 10.
268 2332 330 2367 Sic
349 2331 458 2377 igitur
479 2332 639 2366 dimissus
662 2333 744 2367 inde
764 2333 965 2378 Apocaucus
987 2332 1194 2377 Byzantium
1219 2331 1330 2367 venit.
1376 2329 1489 2371 Quem
1515 2327 1579 2363 ubi

95 2378 187 2414 vidit
207 2378 429 2424 patriarcha,
450 2380 569 2413 statim
582 2383 626 2415 ,et
641 2379 746 2413 vitam
769 2385 807 2414 et
828 2379 976 2423 linguam
997 2384 1034 2413 et
1053 2378 1257 2414 sententiam
1276 2383 1312 2413 et
1329 2389 1441 2412 mores
1459 2381 1578 2410 trans-

94 2425 176 2460 tulit
194 2436 216 2459 a
241 2425 351 2459 sacris
376 2424 421 2460 ad
448 2426 618 2470 profana,
638 2426 833 2471 temploque
850 2425 970 2460 valere
991 2425 1106 2467 iusso,
1128 2425 1243 2460 sedem
1260 2424 1297 2458 in
1319 2422 1447 2470 palatio
1473 2420 1579 2456 semel

96 2471 256 2506 stabilem
274 2471 362 2507 fixit.
408 2471 463 2506 Ibi
488 2477 580 2506 totas
606 2476 726 2506 noctes
751 2476 788 2505 et
809 2471 884 2506 dies
907 2483 984 2506 cum
1002 2473 1185 2517 Apocaueo
1215 2472 1396 2515 Augustae
1418 2469 1579 2503 assidens

96 2518 186 2553 dolis
203 2517 590 2564 suffragabatnr‚.quos
603 2518 658 2553 illi
674 2518 710 2553 in
726 2517 965 2553 Cantacuzeni
984 2518 1126 2553 exitium
1147 2518 1350 2559 nectebant,
1373 2520 1412 2550 et
1426 2514 1580 2562 publica-

95 2575 170 2598 rum
192 2564 369 2599 turbarum
390 2563 550 2599 fodiebat
571 2565 648 2610 ipse
671 2576 806 2611 quoque
823 2565 937 2599 fontes
958 2564 1163 2599 luculentos.
1209 2565 1261 2599 Ac
1278 2563 1336 2598 vir
1363 2561 1423 2597 ille
1453 2559 1576 2595 baculo

96 2610 235 2655 quidem
256 2614 293 2644 et
307 2609 511 2645 vestimento
538 2614 640 2646 tenus
662 2611 876 2646 sacerdotem
895 2610 1073 2656 sapiebam
1096 2611 1208 2645 animo
1228 2614 1343 2644 autem
1362 2612 1399 2644 et
1414 2606 1577 2654 operibus
1614 2629 1618 2632 -

95 2656 173 2690 eius
192 2656 279 2691 nihil
295 2656 464 2692 moderati
480 2657 605 2701 inerat,
620 2657 706 2692 nihil
722 2657 818 2692 iusti.
849 2657 935 2702 (Π.)
951 2657 1067 2692 Primo
1085 2657 1206 2702 itaque
1223 2655 1395 2690 dominum
1413 2666 1451 2689 se
1469 2651 1578 2688 omui-

98 2714 156 2736 um
173 2713 289 2737 rerum
310 2702 389 2738 vice
408 2703 624 2749 imperatoris
652 2703 826 2739 instituit:
857 2706 1075 2749 Apocauoum
1100 2715 1185 2738 vero
1205 2702 1497 2748 administrum-et
1516 2710 1577 2733 ae-

99 2748 203 2783 dilem
221 2753 259 2784 et
273 2750 489 2794 praefectum
506 2754 577 2784 tam
593 2750 776 2796 Byzantii,
798 2762 900 2796 quam
913 2750 1046 2784 urbium
1066 2748 1321 2794 insularumque
1340 2746 1487 2781 omnium
1501 2745 1579 2790 By-

100 2795 218 2830 zantio
239 2796 471 2838 subditarnm3
494 2796 716 2832 dicendorum
733 2797 883 2842 denique
902 2808 944 2830 ac
959 2796 1179 2831 tacendorum
1197 2795 1481 2840 dispensatorem.
1522 2790 1578 2825 Ad

98 2842 189 2878 haec
205 2841 286 2888 lege
308 2846 347 2878 et
365 2843 531 2879 communi
550 2843 713 2887 decreto,
735 2842 916 2879 horrendis
936 2841 1138 2880 iuramentis
1163 2842 1335 2884 subnixo„
1351 2839 1443 2876 inter
1460 2837 1580 2875 ambos
