1794 3172
245 118 348 169 802
666 121 983 168 NICEPHORI
1012 120 1336 166 GREGORAE

24 245 61 279 A.
82 245 125 278 M.
144 243 236 281 6855
249 242 335 287 τοῖς
357 233 498 285 αὗτοΐς
519 233 580 278 ἀεὶ
607 232 951 290 περιστοιχίζομαι
976 230 1127 290 φόβοις
1150 229 1312 289 νύκτωρ
1340 232 1408 275 καὶ
1433 230 1537 287 μεθ’
1559 230 1731 291 ἡμέραν,

70 293 138 326 [Μ’
156 293 281 374 Ῑ5Βῶ
304 305 489 361 βέλτιστε
504 318 514 328 ·
545 305 612 347 καὶ
632 301 768 359 ὥσπερ
791 306 874 345 τῶν
889 305 1069 359 Περσῶν
1093 303 1253 345 ἐκείνων
1273 301 1317 344 αἱ
1334 303 1521 345 ναυτικαὶ
1542 300 1736 358 δυνάμεις

241 375 452 434 Ἐρέτριαν
474 371 601 416 πάλαι
633 374 699 415 καὶ
721 371 974 429 Ἀρτεμίσιον
1005 374 1342 429 περιεληλυθυΐαι
1370 378 1581 427 συνεῖχον,
1623 371 1735 415 οὕτω

245 445 323 501 τὴν
349 443 451 499 ἐμὴν
491 443 665 499 καρδίαν
701 442 959 484 παντοδαποὶ
995 444 1212 484 κυκλοῦσιν
1249 440 1311 484 ἀεὶ
1347 442 1467 499 χοροὶ
1507 445 1731 498 λογισμῶν,

247 513 384 571 ὥσπερ
408 516 535 568 νῆσον
568 511 759 569 φορτίδες
791 511 897 561 τινες
926 511 994 553 καὶ
1022 507 1223 568 τριήρεις,
1266 508 1412 570 φόβων
1442 510 1638 568 γέμουσαι
1664 512 1763 558 καὶ5

247 583 482 642 φροντίδων
506 585 703 637 μακρῶν,
738 581 787 623 αἳ
813 584 886 636 τῆς
914 578 1147 637 μελλούσης
1176 578 1298 637 ἡμῖν,
1339 579 1475 638 ὥσπερ
1511 581 1554 632 ἐξ
1578 579 1732 638 ἐφόδου

248 655 492 710 λῃστρικῆς,
522 648 776 707 κατάγουσαι
807 650 979 708 φέρουσι
1010 647 1179 707 μνήμας
1211 654 1452 709 προφανοῦς
1484 653 1736 705 κακοδαιμο-

210 724 351 772 Ονίας.
389 721 432 772 ἐξ
454 714 512 764 ὧν
541 720 692 770 ὠδῖνας
720 720 795 775 μὲν
813 720 915 775 ἔχειν
934 719 1061 763 ἔνεστι
1073 753 1087 773 ,
1118 722 1186 763 καὶ
1213 720 1288 771 τὰς
1308 721 1499 764 ἐντεῦθεν
1521 717 1737 774 ὑπομένειν

248 788 502 848 ἀλγηδόνας·
539 791 685 833 τίκτειν
715 792 740 833 δ
750 791 762 805 ²
799 788 948 846 ἣκιστα
978 790 1130 844 ἔνεστι,
1166 792 1234 833 καὶ
1262 787 1622 842 ἀποσκευάζεσθαί
1650 806 1738 839 πως

248 861 297 905 τὸ
319 864 498 914 λυποῦν,
531 857 788 919 ὖφορω,ιιένῳ
814 859 915 910 τοὺς
942 861 1143 918 πατρίους
1165 865 1240 916 τῆς
1268 860 1460 917 γενέσεως
1478 858 1660 914 νόμους,
1696 859 1794 905 οἳ10

248 933 335 987 μηδ
342 930 356 946 ²
373 931 414 981 ἐς
435 930 488 972 τὰ
507 934 701 988 προφανῆ
724 933 981 988 συγχωροῦσι
1003 931 1140 973 δίκαια
1159 928 1364 988 πατράσιν
1383 929 1498 980 υἱέας
1518 930 1737 984 ἀντινομο-

249 1005 399 1044 θετεΐν.
438 1001 511 1043 καί
543 1017 607 1042 σοι
629 998 825 1050 πολλάκις
852 999 929 1057 ἐγὼ
955 999 1002 1043 τὸ
1040 998 1276 1058 ἀπόῤῥητον
1308 1000 1536 1055 βουληθεὶς
1571 1000 1737 1050 ἐξειπεῖν

250 1070 327 1127 τὴν
350 1069 651 1126 μαιευσομένην
683 1068 795 1124 ὅμως
818 1069 893 1113 οὐκ
919 1067 1026 1126 εἶχον
1059 1073 1260 1127 γλῶτταν.
1300 1069 1504 1127 ἀρχομένη
1533 1068 1611 1126 γὰρ
1633 1068 1738 1125 πρὸς

122 1150 163 1184 V.
176 1144 344 1199 408φῶς
361 1137 514 1196 ἐξάγειν
545 1139 592 1182 τὸ
616 1144 689 1195 τῆς
715 1141 890 1197 καρδίας
915 1139 1095 1196 ἔμβρυον
1133 1139 1230 1191 τοὺς
1260 1137 1406 1190 τόνους
1442 1139 1571 1189 εὐθὺς
1607 1156 1737 1195 παρε-
1790 1140 1793 1147 “

210 1208 369 1255 Βλόετο
402 1213 477 1265 τῆς
506 1206 637 1266 ὁρμῆς
648 1242 661 1262 ,
702 1207 894 1267 καθάπερ
925 1208 1006 1253 ὑπὸ
1034 1207 1188 1266 νάρκης
1216 1209 1327 1260 τινὸς
1361 1206 1736 1264 ἓνδυναστευούσης
1751 1218 1794 1254 15

253 1281 449 1338 σφοδρῶς
480 1279 734 1335 πεδουμένη,
772 1284 847 1336 τῆς
879 1284 955 1323 τοῦ
982 1279 1141 1336 πατρὸς
1172 1281 1316 1330 αἰδοῦς
1352 1277 1537 1336 δηλαδή·
1575 1279 1647 1321 καί
1665 1295 1737 1331 μοι

250 1350 303 1393 τὰ
327 1354 403 1405 τῆς
425 1347 589 1405 γνώμης
612 1350 653 1399 ἒς
672 1349 720 1392 τὸ
740 1350 870 1406 μηδὲν
895 1344 1023 1400 αὖθις
1044 1347 1207 1407 ἐχώρει,
1253 1351 1321 1392 καὶ
1340 1349 1636 1406 κατεστρέφετο
1659 1346 1738 1408 ῥᾷ-

249 1435 344 1463 στα.
382 1421 418 1461 εἶ
440 1414 512 1461 οὖν
533 1420 623 1475 περὶ
654 1418 791 1462 ἄλλων
825 1417 1086 1476 ὃτωνδήποτε
1113 1418 1370 1477 πραγμάτιον
1396 1417 1417 1462 ὃ
1441 1416 1561 1475 λόγος
1578 1413 1643 1474 ἦν,
1669 1419 1739 1471 καὶ

248 1488 398 1546 ’ἥκιστα
417 1490 508 1545 περὶ
529 1488 576 1531 τὸ
598 1490 668 1546 ζῇν
689 1487 710 1533 ὃ
726 1494 808 1540 πᾶς
827 1487 926 1545 ἡμῖν
945 1487 1217 1532 ἓκινδυνεύετο
1239 1487 1387 1547 φόβος,
1400 1488 1515 1546 παρὰ
1535 1491 1738 1531 τοσοῦτον

249 1559 439 1615 ἠμέλησα
459 1557 533 1612 ἂν,
569 1557 755 1617 παρόσον
774 1559 832 1616 μὴ
854 1558 916 1602 ὅτι
941 1563 1024 1603 τῶν
1043 1563 1207 1602 πολλῶν
1229 1559 1348 1602 οὐδὲν
1380 1558 1507 1608 αὐτὸς
1529 1557 1737 1615 διαφέρειν
1750 1568 1794 1603 20

250 1629 413 1684 οἴομαι,
446 1627 543 1670 ἀλλ’
583 1631 617 1671 εἷ
637 1631 705 1672 καὶ
735 1628 895 1672 σύνεσιν
915 1627 1021 1685 εἶχον
1048 1631 1092 1672 ἐκ
1113 1627 1275 1687 φύσεως
1297 1627 1447 1672 οὖτωσὶ
1465 1627 1740 1685 κεχορηγημέ-

211 1710 327 1755 Ενην
338 1732 351 1752 ,
387 1695 443 1749 ὥς
480 1697 550 1740 διὰ
583 1699 760 1755 μέγεθος
791 1701 990 1757 αἳθέρίων
1012 1697 1163 1754 ψαύειν
1184 1701 1315 1742 δοκεῖν
1336 1696 1520 1754 ἀντύγων
1531 1731 1544 1750 ,
1579 1698 1645 1739 καὶ
1666 1696 1739 1739 οὗ-

254 1769 416 1825 ρανιάις
441 1769 522 1810 τισὶ
543 1771 851 1824 ξενοδοχεῖσθαι
875 1776 1065 1825 σκηναῖς,
1102 1768 1238 1829 ῥᾷστα
1261 1768 1312 1812 ἂν
1335 1767 1454 1825 ἔγωγε
1477 1768 1613 1825 φέρων
1638 1764 1741 1808 ὑπέ-

255 1840 372 1891 ζευξα
397 1836 552 1893 ταύτην
573 1845 659 1889 τοῖς
678 1842 761 1881 τῶν
781 1842 855 1882 τοῦ
874 1838 1032 1896 πατρὸς
1048 1837 1328 1895 βουλημάτων
1348 1838 1458 1881 ποσί.
1487 1841 1561 1879 νῦν
1579 1839 1604 1879 δ
1611 1836 1624 1851 ²
1649 1831 1736 1890 οὖν,

251 1947 329 1982 dem
353 1950 389 1982 et
411 1960 465 1982 me
487 1959 622 1995 semper
639 1949 862 1983 circumstant
879 1953 988 1983 metus
1007 1951 1110 1983 noctu
1130 1948 1264 1994 pariter
1284 1950 1321 1982 et
1339 1947 1504 1990 interdiu,
1530 1960 1550 1982 o
1568 1947 1679 1986 bone;
1704 1950 1740 1981 et

252 1994 532 2040 quemadmodum
555 1996 636 2031 illae
653 1997 836 2030 Persarum
859 1996 998 2029 navales
1025 1996 1146 2041 copiae
1165 1995 1338 2030 Eretriam
1356 1995 1434 2029 olim
1454 1994 1741 2039 Artemisiumque

253 2040 560 2084 circumsidebant‚
584 2042 635 2076 ita
661 2042 806 2076 animum
834 2053 942 2075 meum
964 2041 1071 2076 multa
1095 2043 1303 2088 diversaque
1329 2041 1578 2087 cogitationum
1603 2041 1740 2085 agmina

253 2087 404 2132 undique
423 2088 602 2131 obsident,
627 2089 725 2135 quasi
740 2088 884 2122 insulam
905 2089 1084 2123 onerariae
1105 2088 1243 2134 aliquae
1262 2101 1368 2123 naves
1392 2100 1432 2122 ac
1449 2088 1606 2122 triremes
1626 2095 1740 2122 terro-

253 2145 328 2169 rum
352 2134 474 2179 plenae
493 2139 528 2168 et
548 2147 706 2169 curarum
729 2134 1031 2180 gravissimarum,
1057 2147 1144 2180 quae
1165 2136 1312 2181 piratico
1333 2135 1438 2170 veluti
1461 2135 1592 2180 impetu
1615 2133 1741 2180 appul-

255 2192 314 2215 sae
335 2181 511 2215 advehant
535 2182 634 2215 nobis
661 2181 844 2227 praesagia
872 2181 1042 2216 evidentis
1069 2182 1295 2217 infelicitatis.
1344 2182 1506 2216 Parturio
1533 2182 1671 2227 itaque,
1704 2182 1740 2215 et

254 2239 314 2261 eos
335 2227 394 2273 qui
414 2226 495 2262 inde
520 2228 678 2263 oriuntur
705 2228 839 2262 dolores
858 2229 1014 2273 perfero;
1041 2240 1162 2274 parere
1183 2235 1316 2271 autem,
1341 2234 1377 2263 et
1394 2225 1430 2263 id
1447 2228 1538 2274 quod
1560 2228 1658 2272 angit
1678 2239 1741 2261 ex-

254 2279 374 2308 cutere
388 2274 478 2308 haud
498 2285 646 2319 possum,
667 2275 799 2320 patrias
816 2274 986 2310 reveritus
1000 2280 1145 2310 naturae
1162 2276 1269 2322 leges,
1290 2287 1378 2321 quae
1396 2286 1461 2309 nec
1477 2275 1513 2309 in
1529 2274 1572 2309 iis
1589 2273 1740 2319 quidem,

256 2332 346 2366 quae
369 2326 450 2355 sunt
467 2321 647 2355 manifesto
665 2323 779 2363 iusta,
803 2321 892 2355 filios
915 2322 1114 2367 parentibus
1136 2323 1315 2356 adversari
1335 2323 1466 2356 sinunt.
1511 2322 1563 2355 Ac
1581 2321 1646 2355 tibi
1664 2320 1742 2366 qui-

255 2367 332 2402 dem
352 2378 596 2413 saepenumero
616 2379 775 2402 arcanum
793 2368 876 2402 illud
896 2369 1031 2414 aperire
1049 2369 1160 2403 volui:
1185 2369 1470 2404 obsecundantem
1486 2379 1569 2401 vero
1587 2367 1740 2412 linguam

256 2414 393 2449 minime
414 2413 532 2450 habui.
575 2414 715 2449 Etenim
739 2414 818 2456 illa,
844 2417 959 2449 statim
981 2420 1085 2462 atque
1105 2417 1220 2450 cordis
1241 2416 1370 2450 foetum
1394 2415 1543 2449 educere
1572 2413 1607 2447 in
1631 2414 1740 2448 lucem

254 2460 456 2507 inceperat,
479 2460 598 2495 nervis
622 2461 720 2507 quasi
749 2461 910 2496 resolutis
941 2463 1102 2508 impetum
1121 2462 1337 2504 remittebat,
1362 2473 1436 2495 cum
1456 2473 1530 2495 eam
1553 2460 1663 2506 patris
1684 2472 1742 2494 re-

253 2508 433 2550 verentia,
461 2507 569 2544 veluti
594 2511 716 2552 torpor
742 2508 868 2553 aliquis
895 2509 1118 2553 praevalens,
1151 2508 1309 2554 graviter
1337 2508 1558 2544 constrictam
1583 2508 1740 2540 haberet.

254 2555 369 2600 Atque
387 2554 440 2590 ita
461 2554 565 2596 mihi,
588 2566 678 2600 quae
697 2555 808 2589 animo
834 2555 1067 2600 agitaveram,
1093 2555 1136 2589 ad
1158 2555 1296 2590 nihilum
1318 2566 1438 2590 rursus
1457 2554 1679 2594 recidebant,
1705 2558 1742 2587 et

256 2602 418 2636 facillime
444 2602 744 2636 subvertebantur.
793 2601 897 2642 Quod
922 2602 952 2636 si
979 2602 1024 2636 de
1050 2602 1127 2637 aliis
1151 2602 1412 2649 quibuscunque
1437 2602 1540 2636 rebus
1563 2605 1740 2644 ageretur,

257 2659 300 2683 ac
321 2660 388 2682 non
407 2652 515 2683 totum
534 2647 618 2682 illud
635 2647 843 2694 periculum,
867 2648 902 2682 in
923 2660 989 2694 quo
1006 2660 1142 2690 sumus,
1166 2649 1210 2683 ad
1233 2649 1338 2682 vitam
1359 2649 1569 2695 pertineret,
1595 2659 1636 2680 eo
1657 2645 1741 2680 illud

257 2696 369 2741 magis
392 2694 641 2740 neglexissem,
668 2695 760 2740 quod
783 2706 849 2729 non
877 2695 985 2729 solum
1011 2707 1031 2730 a
1050 2695 1198 2730 caeteris
1226 2695 1401 2740 plerisque
1427 2694 1514 2728 nihil
1538 2693 1670 2727 distare
1690 2704 1744 2726 me

257 2741 468 2784 existimem3
491 2741 553 2777 sed
571 2741 636 2775 etsi
652 2741 914 2786 intelligentiam
933 2754 954 2775 a
970 2747 1093 2776 natura
1108 2742 1157 2776 ita
1176 2750 1406 2787 comparatam
1425 2741 1598 2781 haberem,
1616 2745 1656 2773 ut
1671 2750 1744 2773 ma-

258 2788 439 2833 gnitudine
457 2800 519 2823 sua
534 2789 715 2823 aethereos
731 2800 813 2823 axes
833 2788 1006 2833 attingere
1025 2793 1060 2823 et
1073 2788 1280 2823 caelestibus
1294 2787 1526 2823 tabernaculis
1539 2787 1665 2831 hospes
1682 2796 1743 2819 ex-

259 2834 330 2883 cipi
349 2835 539 2879 videretur,
562 2835 724 2872 facillime
741 2846 816 2876 eam
838 2847 905 2882 ego
926 2839 1092 2882 paternae
1108 2835 1326 2871 auctoritatis
1344 2835 1490 2883 pedibus
1508 2832 1742 2868 subiecissem.
