1794 3172
386 165 701 214 HISTORIAE
725 167 1099 214 BYZANTINAE
1127 167 1231 213 XX.
1255 173 1293 215 1.
1463 159 1563 211 957

85 277 177 335 περὶ
208 273 444 336 χρωμάτων
473 276 613 336 ἤριζον
651 281 727 334 τῆς
757 277 839 321 ἀνὰ
865 284 1007 336 χεῖρας
1035 275 1207 335 κρόκης,
1244 276 1418 329 ἕκαστος
1453 275 1558 335 ἅλη-
1582 284 1780 320 A.c.1351

84 344 223 390 θεύειν
245 345 432 402 οἰόμενος
456 346 484 403 ἢ
512 347 618 391 κατὰ
639 345 811 398 πάντας.
849 345 963 403 οἶμαι
983 346 1035 391 ἂν
1053 345 1190 392 πάντα
1207 347 1300 391 τινὰ
1323 351 1408 391 τῶν
1428 332 1783 412 ὃρών-Ῑωξζέἕὲῦέψ

83 432 167 459 των
184 414 347 474 θρήνου
370 418 438 460 καὶ
459 416 636 474 γέλωτος
656 416 863 475 εἶληφὲναι
883 416 1068 468 σπονδὰς
1084 417 1127 460 ἐν
1147 421 1291 475 ψυχῇ,
1324 418 1392 460 καὶ
1410 418 1563 473 Δημο-
1697 402 1706 412 ⁸

85 486 251 542 κρίτους
277 484 366 541 ἅμα
396 487 464 529 καὶ
486 483 778 544 Ἡρακλείτους
802 487 934 530 δοκεῖν
953 487 1141 532 ἐνταῦθα
1160 486 1457 542 συνημμένους.
1499 487 1563 537 τίς

55 553 162 612 ὁγὰρ
181 553 255 598 οὒκ
274 554 328 599 ἂν
342 555 516 606 ἐκείνους
536 553 740 612 ἔθρήνησε
751 589 765 609 ,
804 560 881 612 τῆς
897 560 980 599 τῶν
998 553 1198 611 ὀμμάτων
1217 555 1351 607 οὕτως
1368 555 1597 613 ἆπηρτη-Ο

82 624 232 678 με’νους
250 623 381 681 αὐγῆς
399 624 473 668 τὸν
493 623 658 668 ἅπαντα
680 626 799 680 βίον,·
835 626 898 675 τίς
919 625 961 668 δ’
983 625 1058 669 οὐκ
1078 624 1130 669 ἂν
1149 625 1198 668 τὸ
1219 622 1448 681 Σαρδόνιον
1468 625 1561 668 ἒπε-

81 692 242 750 γέλασε,
264 695 356 752 περὶ
372 687 430 737 ὧν
449 693 525 737 οὔκ
541 693 655 738 ἴσασι
678 695 1090 751 διαπληκτιζομένους
1109 694 1203 751 ἄρτι
1223 693 1332 752 δρῶν
1343 714 1359 751 ,·
1396 693 1509 750 ὅμως
1529 695 1564 738 εἰ

83 763 217 816 δοκεῖ,
254 767 331 819 τῆς
361 761 611 820 ἕπιπλήξεως
641 764 789 822 μικρὸν
818 763 1075 822 καθυφέντες
1108 762 1410 821 θεωρήσωμεν,
1454 763 1483 807 ἅ
1518 780 1563 807 τε

82 831 188 889 πρὸς
208 830 482 890 ἀπαγόρευσιν
499 831 599 889 ἡμῖν
619 838 695 877 τοῦ
717 838 929 891 θεολογεῖν
939 831 1199 877 ἐπιτάττουσι
1219 834 1287 876 καὶ
1307 832 1335 877 ἃ
1353 837 1564 890 θεολογεῖν

31 908 74 944 10
83 902 153 944 καὶ
173 905 231 958 πῆ
250 903 317 945 καὶ
338 900 452 953 ὅπως
471 902 524 958 δὴ
547 903 839 958 συμπέπτωκεν
854 917 864 928 ·
902 901 960 954 ὥς
978 902 1032 946 ἂν
1058 901 1280 946 κάνταῦθα
1309 900 1475 960 ῥυθμός
1502 919 1564 953 τις

82 965 111 1028 ᾗ
136 971 205 1014 καὶ
232 963 427 1026 θεμέλιος
451 971 641 1024 εὐταξίας
661 971 683 1016 ὃ
706 972 758 1016 τὰ
782 977 859 1028 τῆς
878 971 1063 1029 γλώττης
1088 969 1430 1028 περιζωννύμενος
1459 975 1603 1028 anfi-D

82 1057 218 1098 πτρα,
251 1042 319 1084 καὶ
347 1041 407 1096 μὴ
435 1041 676 1085 τούναντίον
708 1042 843 1086 κανών
874 1043 950 1097 μὲν
989 1041 1205 1096 εὐβουλίας
1239 1039 1507 1091 ἀκανόνιστος
1533 1035 1562 1097 ᾖ

83 1111 324 1167 φιλοτιμία,
356 1109 516 1166 θεσμὸς
546 1110 587 1154 δ’
620 1111 851 1169 εὐκαιρίας,
898 1110 1086 1166 ἅθεσμος
1123 1110 1303 1165 ἀκαιρία.
1362 1108 1442 1165 ὅπη
1481 1109 1561 1167 γὰρ

84 1179 297 1236 φιλοτιμία
333 1177 537 1237 τρόφιμος
569 1179 790 1236 ἀβουλίας,
827 1179 897 1223 διὰ
928 1185 1074 1235 μυχῶν
1102 1179 1293 1237 ἀκαιρίας
1323 1181 1557 1236 δραμοῦσα,

30 1251 168 1292 15τῶν
197 1246 307 1306 ὅρων
338 1247 602 1307 καταχορεύει
626 1254 700 1306 τῆς
720 1249 931 1303 εὐταξίας,
968 1251 1054 1292 ἐκεῖ
1071 1251 1138 1293 καὶ
1160 1250 1288 1307 πέρας
1315 1248 1562 1292 ἀκολουθεῖν

83 1323 178 1369 ταῖς
193 1322 277 1362 τῶν
295 1315 481 1376 πράξεων
501 1319 742 1375 ἐπιβουλαῖς
762 1317 1195 1377 ἀντιστρατευόμενον,
1217 1321 1283 1362 καὶ
1302 1316 1418 1374 μάλα
1434 1317 1481 1374 γέ
1498 1335 1563 1361 τοι

83 1391 171 1431 τῶν
195 1384 374 1432 εἰκότων.
421 1392 587 1445 πρῶτος
610 1389 687 1444 μὲν
721 1384 835 1433 οὖνὸ
857 1388 986 1439 πολὺς
1006 1390 1050 1432 ἐν
1078 1390 1312 1445 θεολογίαις
1337 1391 1375 1430 Γ
1373 1384 1562 1444 ρηγόριος

85 1460 290 1501 τοσοῦτον
317 1456 531 1518 ἀποδειλιᾷ
562 1458 667 1516 πρὸς
698 1459 919 1515 θεολογίαν
945 1457 1022 1514 τὴν
1051 1461 1238 1514 γλῶτταν
1271 1464 1412 1510 κινεῖν,
1459 1455 1602 1499 ὅσονΕ

86 1527 162 1582 τὴν
188 1532 310 1584 χεῖρα
338 1526 442 1581 πρὸς
470 1524 607 1584 φλόγα
638 1525 792 1584 πυρός·
836 1525 892 1578 ὥς
921 1529 989 1569 καὶ
1021 1526 1199 1577 πολλοὺς
1230 1528 1285 1576 εἰς
1314 1525 1561 1582 παραίτησιν

31 1593 237 1651 Ξολόγους
269 1593 614 1652 προβάλλεσθαι,
660 1597 702 1639 ἓν
734 1594 796 1646 οἷς
828 1594 933 1639 οὔθ’
965 1593 1112 1638 ἑαυτὸν
1140 1596 1325 1652 ἐγχειρεῖν
1352 1601 1440 1643 τοῖς
1469 1595 1561 1650 περὶ

88 1669 194 1708 θεοῦ
212 1665 437 1721 προχείρως
456 1666 599 1709 δίδωσι
618 1662 775 1721 λόγοις,
811 1663 912 1708 οὗθ’
943 1657 977 1723 ᾧ
1000 1664 1193 1721 θρασέως
1216 1666 1400 1720 ἐγχειρεῖν
1423 1661 1474 1706 ἂν
1493 1662 1559 1718 γε’-

88 1750 201 1777 νοιτο
223 1733 516 1788 ἀποδέχεσθαι.
552 1733 683 1788 ,,οὕτε
695 1734 774 1792 γὰρ
799 1733 1047 1786 ἐπαινετός”,
1065 1734 1180 1790 φησὶ,
1201 1730 1257 1786 ,,ὖ
1282 1731 1431 1782 πόθος·
1451 1730 1559 1774 ἀλλὰ

88 1806 156 1847 καὶ
175 1802 358 1862 φοβερὸν
381 1802 428 1847 τὸ
450 1803 709 1860 ἐγχείρημα.”
746 1800 892 1860 εῗσάγει
918 1803 963 1846 δὲ
982 1803 1048 1846 καὶ
1065 1802 1185 1855 Ὀζᾶν
1206 1802 1376 1854 ἐκεῖνον,
1411 1800 1456 1851 ὃς
1484 1803 1560 1855 τῆς

180 1903 237 1939 16.
258 1898 449 1949 ἐπιβολαῖς
467 1900 558 1937 coni.
573 1900 673 1936 Boiv.

87 1982 265 2024 rixentur,
287 1992 374 2016 vera
387 1980 557 2028 quisque,
579 1980 688 2027 magis
710 1990 811 2027 quam
829 1983 988 2015 caeteros
1011 1990 1147 2022 omnes,
1170 1978 1286 2014 dicere
1314 1990 1353 2013 se
1380 1975 1558 2013 arbitrati:

89 2028 183 2075 quod
222 2027 380 2074 quisquis
415 2027 565 2070 viderit,
597 2028 652 2070 is,
698 2034 738 2062 ut
773 2027 915 2073 opinor,
950 2027 1055 2062 risum
1092 2031 1127 2060 et
1159 2026 1309 2067 luctum,
1347 2024 1444 2060 velut
1483 2023 1560 2057 foe-

90 2076 175 2111 dere
207 2074 377 2116 sociatos,
409 2074 521 2108 animo
550 2074 743 2120 concipiat,
773 2080 814 2108 ut
839 2073 888 2107 ibi
918 2073 1107 2108 Democriti
1133 2078 1170 2108 et
1199 2071 1368 2107 Heracliti
1392 2070 1429 2104 in
1458 2080 1560 2104 unum

89 2120 262 2157 coaluisse
277 2120 471 2155 videantur.
517 2120 649 2166 Ecquis
673 2120 761 2154 enim
788 2120 874 2154 istos
898 2131 965 2154 non
990 2119 1136 2162 defleat,
1162 2118 1336 2153 oculorum
1353 2116 1478 2151 lumine
1498 2126 1561 2160 per

90 2179 222 2203 omnem
238 2166 347 2201 vitam
366 2166 418 2201 sic
440 2166 657 2201 destitutos?
687 2166 820 2212 Ecquis
843 2177 963 2200 rursus
981 2165 1187 2200 Sardonium
1210 2164 1315 2199 risum
1341 2167 1478 2204 teneat,
1501 2161 1561 2207 qui

90 2214 231 2250 eosdem
249 2224 339 2248 nunc
355 2217 476 2248 cernat
490 2212 535 2247 de
554 2212 598 2247 iis
615 2213 719 2247 rebus
730 2237 742 2255 ‚
769 2224 854 2258 quas
870 2213 1051 2257 ignorant,
1068 2212 1159 2246 inter
1180 2223 1218 2246 se
1236 2209 1447 2256 digladiari?
1482 2207 1558 2242 Nos

89 2266 225 2302 tamen,
251 2259 280 2293 si
295 2259 455 2302 videtur,
485 2259 586 2305 paulo
611 2259 723 2294 minus
738 2259 1038 2305 obstupescentes,
1069 2257 1345 2299 consideremus,
1377 2261 1449 2290 tum
1470 2265 1559 2299 quae

90 2307 205 2342 sancti
232 2306 357 2340 Patres
385 2305 430 2340 de
455 2305 619 2340 cavendis
643 2304 846 2350 theologicis
875 2304 1164 2351 disputationibus
1196 2303 1295 2338 nobis
1325 2300 1560 2349 praecipiant3

90 2359 165 2389 tum
183 2363 292 2398 quae,
317 2356 356 2386 et
372 2351 454 2394 ubi,
477 2357 515 2387 et
529 2352 695 2397 quomodo
715 2350 817 2385 iidem
836 2350 882 2385 de
898 2351 973 2386 Deo
993 2349 1263 2397 disputaverint3
1286 2354 1328 2383 ut
1352 2347 1408 2383 hic
1423 2356 1561 2392 quoque

91 2399 237 2434 romula
256 2398 371 2443 aliqua
386 2398 433 2432 sit
449 2403 485 2433 et
502 2399 755 2432 fundamentum
780 2398 890 2431 bonae
911 2397 1132 2443 disciplinae,
1154 2408 1224 2442 quo
1247 2393 1476 2430 moderandae
1493 2391 1561 2425 lin-

92 2457 184 2491 guae
202 2445 292 2480 ratio
309 2443 497 2479 innitatur:
520 2456 562 2479 ae
582 2456 650 2479 non
670 2449 791 2478 contra
808 2443 967 2486 eveniat,
989 2448 1030 2478 ut
1049 2448 1087 2478 et
1105 2443 1187 2477 boni
1211 2441 1345 2476 consilii
1368 2438 1488 2483 regula
1513 2436 1560 2471 sit

93 2491 234 2527 ambitio
251 2490 352 2525 nullis
370 2490 500 2535 regulis
518 2490 707 2532 adstricta,
731 2494 767 2523 et
785 2489 1054 2535 opportunitatis
1069 2500 1187 2524 norma
1209 2486 1378 2522 abnormis
1394 2486 1559 2530 importu-

93 2538 196 2572 nitas.
242 2537 386 2582 Quippe
405 2537 465 2572 ubi
483 2537 623 2572 ambitio
643 2535 893 2581 imprudentiae
915 2535 1069 2578 alumna,
1093 2546 1158 2580 per
1178 2545 1337 2569 summum
1357 2528 1559 2577 opportuni·—

93 2584 178 2618 tatis
195 2584 408 2628 neglectum,
431 2583 512 2618 boni
527 2583 655 2618 ordinis
672 2583 773 2617 finem
791 2586 956 2628 proterve
972 2581 1146 2623 transilit,
1168 2580 1217 2616 ibi
1244 2585 1280 2615 et
1304 2578 1415 2613 exitus
1438 2586 1560 2610 conse-

95 2629 155 2676 qui
172 2629 302 2674 primae
325 2629 542 2674 aggremioni
564 2629 758 2664 contrarios
781 2627 884 2663 valde
906 2632 1169 2663 consentaneum
1195 2632 1259 2661 est.
1305 2624 1440 2658 Primus
1466 2622 1561 2656 Gre-

94 2675 233 2721 gorius,
256 2675 315 2709 ille
331 2675 463 2710 scilicet
482 2676 574 2710 inter
590 2675 771 2719 theologos
787 2673 950 2716 eximius,
972 2674 1121 2719 linguam
1142 2674 1187 2707 ad
1213 2670 1427 2714 theologicas
1443 2667 1561 2712 dispu-

95 2721 244 2757 tationes
261 2721 436 2766 appellere
457 2722 510 2756 sic
529 2721 750 2762 reformidat,
775 2724 816 2754 ut
832 2731 967 2755 manum
984 2721 1030 2755 ad
1051 2720 1227 2755 flammam.
1274 2715 1425 2750 Proinde
1447 2713 1561 2749 multis

96 2767 212 2801 verbis
231 2779 271 2801 se
286 2772 440 2808 excusat,
464 2768 650 2814 proditque
665 2779 704 2801 se
717 2777 785 2800 non
801 2766 907 2801 facile
922 2766 1089 2801 accedere
1105 2766 1149 2800 ad
1167 2761 1405 2809 disputandum
1421 2760 1465 2794 de
1473 2759 1561 2800 Deo,

95 2818 132 2848 et
150 2825 223 2855 eos,
237 2813 297 2858 qui
311 2813 346 2847 id
362 2818 491 2849 temere
506 2814 668 2855 audeant,
687 2812 822 2847 minime
837 2813 973 2859 probat.
1006 2813 1157 2858 „Neque
1174 2808 1293 2848 enim‚”
1316 2807 1440 2854 lnquit,
1461 2806 1561 2848 „¹³¹¹-

94 2860 210 2896 dabile
227 2865 282 2896 est
295 2858 526 2904 desidorium3
549 2860 611 2896 sed
632 2865 671 2895 et
685 2863 831 2895 conatus
848 2859 928 2905 ipse
945 2857 1178 2896 metuendus-'¹
1208 2855 1255 2891 Et
1266 2854 1364 2889 Ozae
1377 2852 1562 2899 exemplum
