1794 3172
253 142 358 193 846
670 146 991 195 NICEPHORI
1019 147 1347 193 GREGORAE

30 271 68 303 A.
88 271 132 303 Μ.
151 271 244 308 6856
256 279 430 308 πτωκεν.
491 259 590 320 (Θ.)
626 259 732 303 Ἐπεὶ
746 252 822 302 οὖν
841 259 882 310 ἐς
904 258 1037 317 αῧτὴν
1052 253 1154 316 ἧκον
1173 259 1215 303 οἳ
1234 258 1439 318 πρέσβεις,
1471 255 1572 316 τάχ’
1590 259 1642 305 ι’ὶν
1664 265 1743 307 λα’,-

84 319 191 354 Ind‘l
212 330 400 402 1)βόντες
440 328 626 389 ἀπῄεσαν
659 328 736 386 τὴν
770 328 1031 387 συγχώρησιν
1061 331 1135 373 ’καὶ
1166 327 1379 387 ἀνάληψιν
1417 331 1486 373 καὶ
1515 329 1742 374 ἀνανέωσιν

252 407 329 448 τοῦ
352 402 450 460 πρὶν
482 403 647 458 φιλικοῦ
682 396 969 455 καθήκοντος,
1004 400 1040 443 εἷ
1065 398 1126 456 μὴ
1147 401 1215 443 καὶ
1244 399 1300 443 τοὶ
1319 403 1403 443 τῶν
1422 398 1741 457 νεωτεριζόντων

254 472 388 530 ὄχλων
408 471 492 514 ε’κεῒ
505 471 810 528 προσετίθεσαν
833 466 1063 526 ζητήματα.
1100 468 1155 513 τὰ
1180 470 1225 513 δὲ
1251 464 1385 526 ἦσαν,
1414 473 1540 514 λῦσαι
1558 469 1636 526 τὴν
1663 474 1740 517 τοῦ

251 545 448 588 ναυτικοῦ
482 539 748 598 παρασκευὴν
774 540 1056 593 Βυζαντίους,
1093 541 1162 583 καὶ
1193 537 1275 583 ὅσα
1295 543 1371 597 τῆς
1399 536 1546 595 ὁμοίας
1565 537 1771 599 ἑξήρη-5

252 630 323 658 ται
342 611 554 662 ἀπονοίας.
593 603 652 654 ὧν
673 606 879 665 αὐτήκοος
905 607 932 666 ἦ
952 610 1118 665 βασιλὶς
1147 607 1307 668 Εἰρήνη
1342 616 1532 667 γεγονυῖα
1560 617 1743 667 περιμεῖ-

253 700 322 727 ναι
345 681 543 735 ἐκέλευσε,
565 679 709 738 μέχρις
727 678 779 722 ἂν
799 679 869 723 διὰ
892 676 1152 738 γραμμάτων
1174 677 1403 736 δηλώσασα
1424 683 1484 739 τῷ
1505 683 1675 735 βασιλεῖ’
1688 680 1743 724 τὰ

249 755 328 808 τῆς
354 749 620 805 ὑποθέσεως,
652 750 809 794 ἐκεῖθεν
836 748 886 793 τὸ
915 753 1044 808 κῦρος
1065 749 1232 806 δέξηται
1260 754 1345 794 τῶν
1363 750 1739 808 πραχθησομένων.

213 820 335 882 Ε(Ι.)
361 819 494 866 ’Όθεν
524 820 576 876 δὴ
611 821 679 863 καὶ
707 820 925 877 ἐκκλησίαν
961 819 1170 872 συνέλεξεν
1213 820 1255 871 ἐς
1284 819 1361 876 τὴν
1387 818 1626 878 ὑστεραίαν.
1673 822 1743 863 καὶ

252 891 391 948 ἐπειδὴ
410 895 607 950 παρῆσαν
627 888 832 944 ἅπαντες,
868 887 960 934 ὅσοι
979 906 1024 934 τε
1043 894 1128 934 τῶν
1152 894 1434 948 συγκλητικῶν
1456 891 1526 934 καὶ
1553 888 1645 934 ὅσοι
1663 894 1740 934 τοῦ
1753 898 1794 934 10

252 962 496 1015 Βυζαντίων
516 959 651 1017 δήμου
675 957 944 1018 συνετώτεροι
962 958 1065 1004 εἶναι
1087 957 1282 1015 ἐδόκουν,
1313 957 1552 1014 ἐβουλεύετο
1576 961 1646 1004 καὶ
1665 960 1742 1017 τὴν

252 1029 430 1075 ἑκάστου
459 1029 625 1089 γνώμην
654 1027 783 1086 ἐζήτει
800 1030 993 1088 μαθεῖν,
1037 1028 1236 1088 ὁπότερον
1262 1028 1499 1086 βούλοιντο,
1528 1028 1644 1089 μάχῃ
1664 1029 1742 1087 τὴν

253 1106 339 1146 τῶν
360 1098 617 1160 πραγμάτων
636 1100 862 1160 ἐπιτρέπειν
879 1102 1027 1159 κρίσιν,
1061 1099 1088 1158 ἢ
1108 1100 1313 1157 θεμένους
1332 1100 1384 1144 τὰ
1409 1099 1517 1145 ὅπλα
1539 1101 1616 1157 τὴν
1635 1118 1742 1157 προε-

251 1171 377 1230 τέραν
398 1170 509 1229 ἄγειν
527 1168 703 1229 εῗρήνην.
729 1173 798 1215 καὶ
818 1166 870 1229 ἦν
890 1170 1038 1225 οὐδεὶς,
1060 1169 1107 1222 ὃς
1125 1170 1186 1228 μὴ
1205 1168 1490 1230 σφοδρότερον
1509 1186 1742 1215 κατεσπου-

212 1241 465 1298 Εδασμένην
484 1241 624 1300 ἔφαινε
647 1239 815 1299 γνώμης
843 1239 978 1300 ὁρμὴν
1008 1242 1052 1292 ἐς
1082 1240 1131 1286 τὸ
1150 1239 1380 1298 μάχεσθαι.
1417 1242 1463 1284 ἐκ
1481 1245 1639 1285 πολλοῦ
1659 1240 1739 1299 γὰρ
1753 1254 1794 1291 15

251 1315 418 1357 πολλῶν
448 1311 565 1355 ἕνεκα
595 1319 683 1363 τοῖς
714 1313 923 1363 Λατίνοις
954 1308 1184 1368 ἀχθόμενοι
1194 1345 1208 1366 ,
1252 1314 1321 1357 καὶ
1352 1313 1568 1368 ζητοῦντες
1596 1310 1740 1369 καιρὸν

253 1379 525 1437 ἀμύνασθαι,
553 1382 622 1425 καὶ
644 1381 731 1438 ἅμα
753 1380 933 1438 οἲόμενοι
952 1381 1108 1444 ῥᾳδίως
1126 1381 1316 1441 ἀφανιεῖν
1350 1381 1504 1433 αὖτοὺς
1536 1383 1606 1425 καὶ
1639 1397 1740 1425 συν-

249 1452 415 1510 τρίψειν
439 1449 646 1509 ὀστράκου
679 1453 796 1510 δίκην
807 1486 820 1507 ,
850 1450 983 1506 ἐβόων
1003 1451 1182 1504 ἅπαντες
1202 1449 1493 1510 ἀπολεγόμενοι
1515 1452 1593 1503 τὰς
1611 1468 1741 1496 σπον-

253 1521 355 1576 δὰς,
391 1523 460 1565 καὶ
484 1520 666 1578 δύσηχός
695 1540 759 1574 τις
780 1523 848 1566 καὶ
870 1520 1142 1581 πολύμορφος
1161 1522 1343 1579 ἀκοσμία
1362 1520 1561 1582 ῥημάτων
1578 1517 1645 1579 ἦν.

117 1596 242 1633 Ρ.533
360 1589 417 1647 β’.
457 1596 607 1636 Ταῦτα
627 1591 841 1649 μαθόντες
862 1592 902 1637 οἷ
919 1595 1104 1637 Λατῖνοι
1115 1626 1129 1646 ,
1167 1594 1252 1636 ἐπεὶ
1279 1592 1348 1636 διὰ
1373 1591 1546 1650 μελέτης
1568 1590 1676 1648 ε’ῗχον
1697 1592 1794 1642 22:20

122 1644 446 1706 V'431n7lelorov
477 1661 525 1705 τό
558 1667 731 1721 πρᾶγμα
765 1664 833 1707 καὶ
862 1662 968 1722 πρὸς
995 1661 1197 1720 δημόσιον
1227 1661 1335 1707 εἶδον
1363 1662 1445 1720 ἤδη
1473 1661 1642 1722 ῥυεῖσαν
1663 1662 1740 1719 τὴν

251 1732 400 1778 κακίαν
417 1735 535 1792 φῶς,
569 1738 829 1792 παραχρῆμα
851 1733 1252 1789 συνεσκευασμένους
1273 1733 1430 1785 ἔδειξαν
1450 1735 1519 1776 καὶ
1541 1751 1741 1792 προητοι-

253 1801 494 1858 μασμὲνους
518 1808 631 1860 σφᾶς
657 1803 813 1854 αὐτοὺς
840 1805 898 1854 εἷς
928 1802 1026 1862 ἔργα
1058 1803 1255 1859 πολέμου.
1293 1801 1473 1861 τριήρεις
1491 1803 1570 1862 γὰρ
1593 1804 1635 1854 ἐς
1653 1801 1741 1859 μα’.-

249 1888 332 1929 χην
360 1870 490 1923 εὐθὺς
522 1871 630 1918 ὃκτιὺ
656 1875 724 1917 καὶ
742 1870 936 1931 μονήρεις
961 1870 1235 1929 παμπόλλους
1253 1872 1536 1932 προῦφαινον,
1568 1871 1676 1916 ὅπλα
1696 1890 1739 1916 τε

254 1986 358 2031 lapsa
373 1987 461 2021 erat.
508 1984 613 2031 (IX.)
635 1983 784 2030 Legati,
808 1995 886 2022 cum
906 1987 951 2022 ad
971 1987 1062 2021 hanc
1080 1987 1278 2027 venissent,
1301 1983 1485 2030 impetrata
1504 1984 1657 2019 fortasse
1675 1996 1738 2018 ve-

257 2033 318 2068 nia
340 2032 632 2079 reconciliataque
656 2035 693 2066 et
718 2038 887 2069 renovata
905 2033 1076 2076 amicitia,
1101 2034 1238 2068 domum
1254 2030 1461 2073 rediissent,
1484 2030 1552 2065 nisi
1570 2035 1606 2065 et
1621 2031 1739 2065 multi-

255 2078 388 2113 tudinis
411 2091 578 2116 novarum
595 2089 709 2114 rerum
728 2077 905 2118 studiosae
921 2081 1098 2127 postulatu
1118 2079 1338 2116 adiecissent.
1362 2078 1593 2113 Postulabant
1612 2083 1738 2122 autem,

252 2129 295 2160 ut
313 2125 469 2160 navalem
487 2130 688 2172 apparatum
706 2124 870 2170 Byzantii
889 2128 1083 2170 solverent,
1108 2132 1143 2162 et
1165 2127 1235 2162 alia
1257 2125 1378 2161 similis
1398 2125 1604 2161 dementiae.
1637 2126 1739 2167 Quae

253 2183 329 2207 cum
345 2172 423 2218 ipsa
441 2185 504 2218 per
513 2186 550 2208 se
561 2173 662 2209 Irene
676 2171 877 2216 imperatrix
889 2174 1093 2217 audivisset,
1112 2174 1248 2220 legatos
1262 2173 1366 2207 iussit
1380 2177 1598 2218 exspectare,
1611 2172 1739 2217 quoad,

253 2218 313 2253 ubi
323 2230 387 2264 per
402 2218 540 2255 litteras
558 2220 606 2261 id,
624 2219 668 2253 de
684 2230 753 2263 quo
772 2221 952 2264 agebatur,
962 2222 1163 2267 imperatori
1181 2220 1427 2267 significasset,
1451 2218 1626 2264 acciperet
1636 2220 1679 2253 ab
1697 2230 1738 2254 eo

254 2276 470 2310 responsum,
495 2278 564 2312 quo
583 2278 625 2301 ea
643 2276 733 2311 quae
747 2266 885 2303 factura
902 2273 994 2303 esset
1015 2271 1309 2304 confirmarentur.
1358 2266 1442 2311 (X.)
1457 2265 1585 2311 ‘Itaque
1604 2269 1640 2300 et
1657 2277 1737 2300 con-

253 2311 387 2346 cionem
409 2317 552 2367 postera
576 2312 635 2347 die
653 2316 842 2357 convocat3
866 2320 903 2350 et
922 2327 995 2352 cum
1019 2327 1155 2358 omnes,
1174 2319 1246 2349 tum
1262 2314 1332 2349 viri
1358 2312 1544 2355 senatorii,
1569 2317 1640 2347 tum
1661 2312 1739 2359 qui-

254 2369 394 2404 cunque
418 2364 512 2394 luter
538 2358 634 2394 cives
657 2359 868 2405 Byzantinos
893 2362 1202 2408 intelligentissimi
1228 2372 1306 2395 esse
1325 2360 1554 2401 videbantur,
1578 2359 1616 2394 in
1636 2370 1738 2395 unum

254 2405 519 2448 convenissent,
545 2406 715 2443 consultat
733 2411 768 2441 ct
794 2409 1061 2455 uniuscuiusque
1085 2408 1289 2444 sententiam
1310 2406 1531 2448 sciscitatur,
1556 2411 1667 2440 utrum
1688 2405 1739 2440 illi

253 2450 383 2494 velint3
408 2463 622 2490 armorumue
641 2452 767 2487 iudicio
786 2466 858 2491 rem
875 2456 1095 2502 permittere,
1120 2467 1163 2490 an
1181 2454 1302 2501 positis
1321 2453 1424 2488 armis
1441 2464 1561 2499 pacem
1578 2458 1617 2487 ut
1636 2456 1739 2487 antea

253 2509 409 2534 servare.
456 2499 585 2534 Nullus
605 2504 719 2537 autem
741 2501 828 2545 fuit,
852 2502 910 2548 qui
929 2515 995 2538 non
1016 2503 1060 2538 ad
1077 2515 1172 2538 arma
1188 2501 1433 2548 promptiorem
1454 2499 1557 2535 animi
1572 2499 1738 2546 impetum

253 2543 481 2590 significaret.
527 2546 664 2582 Latinis
683 2546 814 2594 quippe
831 2550 957 2584 multas
980 2550 1023 2584 ob
1045 2561 1169 2585 causas
1188 2548 1390 2594 iampridem
1407 2546 1554 2589 infensi,
1589 2552 1626 2581 et
1650 2546 1738 2595 ulci—

254 2591 376 2629 scendi
394 2591 610 2629 occasionem
637 2599 871 2640 aucupante53
894 2601 965 2631 tum
984 2596 1084 2631 simul
1104 2597 1256 2631 futurum
1281 2593 1461 2636 arbitrati,
1489 2597 1529 2627 ut
1555 2593 1659 2628 facile
1678 2604 1738 2627 eos

251 2637 422 2682 delerent,
438 2651 480 2674 ac
499 2639 655 2674 fictilium
672 2641 784 2676 instar
802 2647 1034 2686 contererent,
1054 2643 1250 2680 clamabant
1267 2653 1384 2677 omnes
1396 2666 1407 2683 ‚
1423 2651 1611 2686 pacemque
1631 2651 1739 2686 repu-

254 2683 410 2728 diabant,
436 2686 489 2721 sic
506 2691 546 2722 ut
561 2687 700 2724 dissona
719 2689 885 2733 quaedam
906 2702 946 2724 ac
965 2690 1143 2736 multiplex
1163 2689 1321 2724 confusio
1341 2699 1463 2723 vocum
1482 2687 1674 2721 audiretur.

346 2733 381 2768 2.
406 2732 473 2768 His
491 2733 608 2769 Latini
628 2733 827 2778 intellectui,
851 2736 934 2782 quia
949 2749 1021 2771 rem
1038 2737 1140 2783 longo
1158 2741 1239 2772 ante
1257 2733 1498 2782 praemeditati
1517 2733 1667 2775 fuerant,
1684 2732 1739 2767 vi-

254 2776 450 2825 debantque
477 2779 649 2826 publicam
673 2780 710 2817 in
731 2782 842 2820 lucem
866 2784 1059 2819 manavisse
1080 2784 1147 2819 iam
1168 2782 1257 2818 mala
1277 2781 1440 2823 consilia,
1463 2784 1608 2825 repente
1626 2792 1665 2814 se
1683 2779 1738 2814 in—

254 2828 409 2860 structos
434 2830 730 2874 praeparatosque
755 2829 802 2864 ad
831 2830 1019 2874 gerendum
1046 2831 1170 2866 bellum
1197 2829 1395 2866 ostendunt.
1442 2827 1620 2862 Triremes
1650 2826 1738 2860 enim

253 2874 332 2908 00ῐο
350 2875 387 2910 et
412 2884 569 2910 moneres
588 2886 687 2922 quam
706 2875 868 2922 plurimas
891 2874 926 2912 in
945 2877 1198 2925 expeditionem
1216 2876 1377 2918 educunt,
1399 2885 1563 2921 armaque
1580 2878 1616 2908 et
1631 2872 1739 2908 omnis
