1794 3172
240 117 342 190 764
658 138 971 188 NICEPHORI
999 135 1324 183 GREGORAE

21 268 58 301 Α.
75 265 122 300 m.
134 258 310 302 ’6854δὲν
332 255 612 315 διακρίνουσα,
646 250 845 309 ὁποτέρας
862 248 923 305 εἴη
940 247 995 291 τὰ
1014 247 1057 291 ἓν
1076 248 1197 291 ποσὶν
1215 244 1440 297 αὖθεντίας
1452 258 1462 269 ·
1496 242 1594 288 ἀλλ’
1616 241 1723 300 ὅμοῧ

66 314 134 348 ΙΜ·
151 311 196 349 14
245 325 383 371 πάντα
406 325 575 382 κέρδους
587 323 701 366 ἕνεκα
719 318 953 378 λογιζομένη
969 314 1180 374 χρήματα.
1203 316 1287 359 ἐπεὶ
1306 316 1351 358 δὲ
1371 313 1443 367 ξύν
1459 331 1502 372 γε
1520 318 1580 374 τῷ
1591 313 1722 358 πάντ’
1774 360 1778 367 N

108 383 112 387 ι
210 395 432 455 Οᾶριθμόν
452 392 741 452 ὖπερβαίνοντι
762 386 912 445 πλήθει
933 390 1018 430 τῶν
1041 383 1316 442 αἰχμαλώτων
1336 386 1406 428 καὶ
1421 388 1506 428 τῶν
1523 381 1724 442 λαφύρων

241 467 401 510 ἐκείνων
430 462 510 520 πρὸ
542 466 627 506 τῶν
658 463 733 504 τοῦ
766 457 996 510 Βυζαντίου
1021 459 1166 511 τειχῶν
1185 453 1315 505 ἰόντες
1335 454 1560 511 ηὐλίσαντο
1569 486 1583 508 ,
1616 457 1722 496 πολ-

238 540 313 591 λῆς
332 536 407 589 τῆς
425 529 646 583 δεξιώσεως
664 530 732 573 καὶ
751 523 1060 587 φιλοφροσύνης
1076 524 1271 581 ἠξίωνται
1291 524 1397 582 πρὸς
1413 527 1488 580 τῆς
1506 524 1752 578 βασιλίδος5

228 604 376 658 ’Άννης
395 635 410 655 ,
453 602 627 656 μηδαμῆ
660 602 745 642 τῶν
785 595 1084 655 πρασσομένων
1125 592 1408 638 αἴσθάνεσθαι
1448 592 1720 649 βουλομένης,

236 672 341 729 μηδ’
357 669 504 714 ὀἶκτον
529 673 628 727 γοῦν
648 686 740 712 τινα
767 665 928 725 βραχὺν
954 662 1253 721 λαμβανούσης
1276 660 1469 707 ὁπωσοῦν
1495 666 1570 707 τοῦ
1591 659 1723 719 μεγά-

240 747 314 785 λου
348 738 516 790 πάθους
549 739 699 782 ἐκείνου
732 738 800 780 καὶ
843 739 918 791 τῆς
946 738 1084 790 κοινῆς
1115 738 1200 778 τῶν
1227 730 1501 789 αἲχμαλώτων
1523 735 1720 789 κραυγῆς,

202 811 269 867 Di?
289 809 407 867 μέχρι
430 812 513 853 τῶν
541 809 739 866 αῗθερίων
769 803 934 861 ἇψίδων
964 803 1251 861 ἀναφερομένη
1279 806 1429 861 μικροῦ
1468 806 1607 845 πᾶσαν
1636 800 1724 851 ἐξέ-

240 885 417 936 πληττεν
455 878 582 934 ἀκοὴν
623 875 861 929 Βυζαντίων
902 875 971 916 καὶ
1013 871 1174 924 πάντας
1216 870 1440 929 ἠνάγκαζεν
1469 870 1721 930 ὀφθαλμοὺς
1733 881 1779 918 10

241 949 406 1008 ἀφιέναι
427 945 617 1006 δακρύων
633 944 766 1003 πηγάς
780 959 790 969 ·
817 945 885 987 καὶ
901 941 1084 999 μάλισθ’
1107 942 1173 987 ὅτε
1193 944 1309 999 δίκην
1330 939 1532 999 ὃρμαθῶν
1551 939 1722 984 ἁλύσεσι

243 1017 482 1074 δεδεμένους
503 1018 546 1060 ἐκ
565 1019 649 1060 τῶν
669 1012 886 1072 τραχήλων
915 1014 1147 1067 κομίζοντες
1174 1012 1272 1063 τοὺς
1300 1011 1475 1061 ἀθλίους
1495 1011 1534 1054 οἱ
1552 1008 1723 1068 βάρβα-

243 1106 310 1146 ροι
339 1086 454 1144 παρὰ
480 1086 555 1136 τὰς
585 1090 660 1142 τῆς
680 1082 836 1135 πόλεως
856 1080 991 1133 πύλας
1024 1089 1194 1138 συχναῖς
1222 1088 1313 1133 ταῖς
1340 1078 1532 1137 μάστιξιν
1560 1079 1718 1133 ἔπαιον,

197 1156 467 1213 ,,ἔ’πληττον,
498 1156 742 1213 ἐτίτρωσκον
758 1187 772 1209 ,
804 1149 1118 1197 πολυταλάντου
1154 1149 1346 1209 πράσεως
1376 1151 1505 1195 ἕνεκα.
1553 1148 1626 1208 ἐφ’
1660 1146 1723 1203 οἷς

242 1227 473 1283 ἀμείλικτος
492 1224 603 1281 ἔμενε
622 1224 670 1268 τὸ
690 1220 887 1282 παράπαν
907 1221 1011 1278 αὕτη
1026 1255 1040 1276 ,
1072 1223 1140 1265 καὶ
1161 1221 1296 1280 ὥσπερ
1316 1222 1611 1278 ε’πεντρυφῶσα
1634 1225 1721 1270 τοῖς
1734 1228 1778 1265 15

199 1295 479 1354 Εγινομένοις.
517 1293 589 1338 ἅτε
624 1294 702 1352 γὰρ
737 1292 851 1350 οἶμαι
880 1289 1117 1350 ἀλλόφυλος
1148 1286 1280 1345 οὖσα,
1326 1292 1394 1334 καὶ
1424 1288 1513 1344 ἅμα
1541 1289 1616 1345 τὴν
1646 1292 1723 1344 τῆς

240 1363 405 1423 γνώμης
438 1363 518 1415 ἕξιν
546 1364 825 1422 σκληροτέραν
854 1364 897 1406 ἔκ
933 1359 1097 1419 φύσεως
1137 1362 1333 1417 ἐσχηκυῖα
1350 1393 1365 1414 ,
1406 1363 1532 1403 πᾶσιν
1570 1356 1723 1413 ὅμοίως

240 1435 396 1492 ἤχθετο
412 1431 628 1489 Ῥωμαίοις
654 1435 722 1476 καὶ
753 1432 860 1477 κατὰ
879 1429 1016 1487 πάσης
1036 1430 1169 1489 ἄρδην
1186 1428 1326 1488 ἐχώρει
1343 1427 1481 1485 τύχης.
1504 1427 1594 1488 (Ε.)
1611 1427 1724 1471 Ἐπεὶ

243 1504 287 1547 δ’
317 1504 477 1547 ἐκείνων
495 1500 724 1559 ζητούντων
742 1503 842 1554 τούς
861 1502 925 1545 ἐπὶ
946 1500 1045 1551 τοὺς
1065 1501 1284 1556 πολεμιόυς
1304 1498 1503 1553 ἄξοντας,
1535 1499 1604 1541 καὶ
1626 1495 1723 1554 ⁷37⁶-

240 1571 373 1629 μόνας
392 1572 611 1627 ἐσομένους
631 1577 706 1629 τῆς
728 1571 828 1617 ὁδοῦ
847 1575 917 1615 καὶ
931 1575 1007 1627 τῆς
1033 1569 1192 1627 μάχης,
1226 1566 1485 1627 στρατιώτας
1509 1565 1779 1623 ῬωμαίωνΞΟ

241 1640 373 1698 πολλή
392 1659 453 1693 τις
471 1637 522 1698 ἦν
547 1642 699 1700 ἀπορία
719 1645 788 1686 καὶ
808 1639 981 1695 σπάνις,
1016 1642 1086 1684 καὶ
1103 1639 1200 1683 οὔδ’
1223 1641 1279 1690 εἷς
1298 1638 1375 1695 τὴν
1391 1641 1466 1681 τοῦ
1487 1637 1722 1691 Βυζαντίου

146 1717 149 1720 ’
194 1711 432 1772 Εφρουρὰν
469 1711 652 1770 ἀρκέσειν
686 1710 817 1771 ᾤοντο
858 1710 958 1761 τοὺς
991 1711 1033 1754 ἓν
1063 1708 1205 1760 ὅπλοις
1232 1711 1460 1765 τηνικαῦτα
1493 1704 1720 1766 παρόντας,

246 1780 580 1839 ἀναστρέψαντες
613 1779 751 1827 πάντα
780 1800 824 1827 τε
852 1778 1041 1839 ἐδῄωσαν
1070 1779 1123 1824 τὰ
1150 1783 1225 1823 τοῦ
1245 1778 1477 1832 Βυζαντίου
1495 1774 1724 1836 προάστεια

339 1902 374 1937 8.
395 1901 457 1939 καὶ
480 1902 558 1938 add.
581 1902 682 1938 Boiv.
772 1903 831 1940 21.
861 1899 950 1940 οὐδ’
970 1901 1024 1945 εἰς
1045 1913 1109 1938 em.
1132 1900 1231 1937 Boiv.
1255 1912 1320 1948 pro
1344 1898 1479 1942 οὐδείς.

248 2004 388 2041 ditionis
406 2009 522 2041 essent
538 2018 590 2050 ea,
605 2018 693 2052 quae
710 2007 949 2050 occurrebant,
973 2009 1009 2041 et
1025 2005 1166 2041 eandem
1181 2004 1327 2040 omnium
1344 2004 1433 2039 lucri
1450 2002 1599 2043 faciendi
1617 2013 1724 2039 causa

247 2052 413 2087 rationem
433 2054 609 2088 habentes.
654 2054 840 2100 Postquam
866 2058 978 2088 autem
1002 2053 1092 2087 omni
1115 2063 1254 2087 numero
1276 2051 1436 2086 maiorem
1455 2051 1668 2097 captivorum
1687 2054 1726 2086 et

246 2099 479 2133 manubiarum
506 2099 576 2133 vim
602 2111 715 2134 secum
735 2101 912 2135 trahentes
936 2111 999 2147 pro
1020 2099 1123 2134 muris
1139 2098 1342 2145 Byzantinis
1359 2098 1564 2139 consedere,
1589 2098 1633 2132 ab
1654 2096 1725 2131 im-

246 2144 419 2191 peratrice
437 2146 534 2179 Anna
551 2146 787 2181 humanissime
803 2152 840 2182 et
856 2146 1065 2192 perbenigne
1085 2145 1222 2191 excepti
1237 2149 1329 2186 sunt,
1353 2144 1491 2179 nolente
1509 2143 1644 2178 scilicet
1661 2154 1726 2178 eo-

247 2201 322 2225 rum
342 2202 429 2236 quae
447 2192 654 2236 gerebantur
674 2205 808 2228 sensum
830 2194 933 2228 ullum
952 2193 1131 2239 accipere,
1156 2204 1196 2227 ac
1219 2203 1263 2227 ne
1282 2190 1448 2226 minimam
1467 2190 1603 2242 quidem
1621 2189 1725 2224 mise-

246 2236 429 2272 ricordiam
453 2237 610 2283 capiente
630 2250 773 2283 magnae
796 2240 890 2275 illius
909 2239 1016 2275 cladis
1040 2243 1075 2273 et
1093 2238 1278 2274 communis
1310 2237 1523 2283 captivorum
1551 2236 1726 2271 vocifera-

247 2283 374 2326 tionis,
399 2294 487 2329 quae
504 2283 546 2317 ad
565 2284 652 2318 caeli
673 2297 783 2330 usque
811 2297 963 2321 convexa
988 2287 1165 2321 ferebatur
1188 2290 1224 2320 et
1241 2285 1386 2319 omnium
1406 2284 1512 2318 ferme
1530 2283 1724 2329 Byzantio-

248 2341 323 2364 rum
350 2341 451 2365 aures
475 2330 642 2372 feriebat,
666 2339 849 2378 omnesque
870 2334 986 2367 oculos
1011 2333 1158 2378 cogebat
1181 2332 1406 2377 lacrymarum
1430 2330 1584 2364 fontibus
1604 2333 1724 2364 scatu-

247 2376 340 2418 rire3
364 2380 435 2411 tum
459 2376 602 2410 maxime
628 2388 729 2422 quum
754 2379 884 2413 catenis
905 2384 1068 2425 tanquam
1093 2378 1271 2413 monilibus
1292 2378 1428 2411 obtorto
1447 2375 1554 2418 collo,
1577 2375 1723 2410 miseros

247 2422 389 2457 barbari
411 2423 455 2456 ad
474 2422 569 2457 urbis
594 2427 713 2467 portas
731 2424 959 2468 deducerent,
983 2431 1018 2460 et
1039 2425 1240 2460 verberibus
1259 2422 1389 2458 crebris
1407 2422 1572 2464 ferirent,
1597 2422 1725 2457 caede-

247 2472 338 2511 rent,
363 2469 596 2510 vulnerarent,
618 2473 658 2502 ut
674 2470 797 2514 grandi
818 2471 942 2506 deinde
959 2472 1109 2519 pecunia
1126 2483 1186 2506 eos
1210 2470 1459 2505 venundarent.
1505 2469 1604 2503 Haec
1629 2469 1725 2503 inter

247 2516 379 2551 omnino
397 2515 457 2549 illa
474 2514 709 2550 immisericors
729 2517 897 2560 manebat,
921 2523 957 2553 et
976 2519 1034 2560 iis,
1058 2530 1146 2564 quae
1163 2518 1299 2559 fierent,
1322 2520 1482 2561 tanquam
1501 2514 1636 2550 deliciis
1652 2514 1724 2549 frui

246 2559 440 2596 videbatur.
487 2561 654 2596 Nimirum
674 2564 857 2607 peregrina
875 2576 947 2598 cum
967 2570 1072 2607 esset,
1094 2565 1263 2610 simulque
1277 2562 1424 2598 animum
1441 2574 1462 2596 a
1479 2565 1605 2597 natura
1621 2572 1724 2596 acce-

245 2607 356 2687 pisset
374 2607 496 2642 indolis
523 2607 694 2650 durioris,
718 2609 873 2644 omnibus
896 2611 1026 2656 pariter
1048 2611 1182 2646 infensa
1203 2613 1278 2645 erat
1295 2608 1480 2650 Romanis,
1505 2612 1543 2643 et
1561 2608 1598 2642 in
1618 2619 1725 2652 quos-

258 2653 352 2696 ibet,
375 2654 610 2700 cuiuscunque
633 2654 836 2689 conditionis
852 2662 982 2698 essent,
1007 2658 1242 2702 grassabatur.
1289 2655 1373 2701 (V.)
1395 2654 1466 2690 Sed
1489 2666 1564 2689 cum
1583 2654 1635 2688 illi
1651 2653 1725 2688 Ro-

246 2711 363 2734 manos
379 2700 504 2735 milites
523 2700 598 2734 dari
616 2700 683 2735 sibi
704 2705 880 2746 peterent,
906 2703 965 2748 qui
994 2705 1159 2738 adversus
1178 2704 1294 2738 hostes
1320 2702 1488 2748 praeituri
1511 2701 1662 2746 viaeque
1687 2703 1725 2735 et

247 2757 386 2791 pugnae
407 2747 513 2781 duces
532 2747 694 2782 exstituri
711 2747 845 2790 forent,
869 2753 905 2783 et
923 2749 1042 2784 horum
1062 2761 1186 2796 magna
1205 2748 1371 2796 quaedam
1395 2751 1488 2783 esset
1504 2747 1650 2794 penuria
1668 2750 1725 2781 at-

247 2803 315 2838 que
336 2793 518 2838 paucitas,
531 2805 573 2828 ac
591 2804 633 2828 ne
653 2793 696 2828 ad
719 2794 926 2839 Byzantium
945 2796 1082 2841 quidem
1098 2796 1277 2831 tutandum
1295 2795 1381 2830 satis
1396 2794 1508 2829 futuri
1528 2806 1605 2828 esse
1624 2793 1724 2827 vide-

246 2842 367 2874 rentur
379 2838 417 2881 ii,
435 2840 497 2885 qui
513 2844 582 2875 tum
599 2840 634 2875 in
651 2840 754 2876 armis
772 2845 882 2885 erant,
901 2844 1060 2878 conversi
1076 2848 1172 2878 retro
1188 2842 1301 2878 omnia
1317 2841 1510 2888 Selybriam
1529 2851 1636 2887 usque
1651 2839 1724 2886 By-
