1794 3172
266 120 369 169 610
679 124 995 172 NICEPHORI
1024 124 1347 170 GREGORAE

43 255 82 289 A.
100 254 144 287 M.
165 253 259 291 6850
270 234 485 295 ἀφαίρεσιν
511 236 580 278 καὶ
611 234 812 291 διανομὴν
837 238 922 279 τῶν
951 233 1081 279 αὐτοῦ
1095 236 1261 293 χωρίων
1287 235 1392 295 πρὸς
1409 232 1649 293 βαναύσους
1671 234 1745 279 ἆν-

55 360 57 367 y
89 302 160 335 ¹¹¹³·
178 302 224 338 1⁰
269 303 471 364 θρώπους
490 305 558 349 καὶ
590 303 833 364 ἀγοραίους,
872 305 940 347 καὶ
971 302 1060 348 ὅσοι
1093 309 1177 348 τῶν
1195 305 1432 363 συγκλύδων
1452 305 1529 362 τὴν
1554 310 1746 362 γλῶσσαν

262 380 470 433 θρασεῖαν
499 371 726 425 ἐξώπλισαν
750 373 933 430 μάλιστα
963 374 1062 417 κατ’
1100 375 1265 421 ἐκείνου.
1305 371 1420 419 ἆθλα
1450 375 1529 432 γὰρ
1549 377 1617 418 καὶ
1634 379 1745 430 βρα-

262 449 358 501 βεῖα
385 443 659 502 προύτίθεντο
693 443 753 500 μὴ
793 443 847 487 τὰ
880 444 1031 487 ἐκείνου
1052 445 1186 501 χωρία
1215 443 1324 500 μόνα
1355 451 1444 496 τοῖς
1474 443 1563 488 ὅσοι
1582 445 1746 494 πλείους

263 516 334 557 καὶ
367 515 529 569 μείζους
552 511 772 570 ἔξήντλουν
794 512 890 556 κατ’
916 514 1068 556 ἐκείνου
1098 513 1175 564 τὰς
1192 515 1426 572 λοιδορίας,
1456 513 1571 557 ’ἀλλὰ
1590 515 1658 557 καὶ
1681 521 1776 557 τι-5

132 590 260 627 V.308
271 585 349 639 μαὶ
378 584 447 626 καὶ
475 580 593 634 δόξαι
617 584 686 625 καὶ
706 585 990 641 προβιβασμοὶ
1017 587 1172 640 γερῶν,
1211 582 1289 627 κᾶν
1312 581 1448 634 ἁλιεύς
1469 600 1532 634 τις
1553 577 1630 640 ἦν,
1669 581 1747 625 κᾶν

227 653 398 711 Εᾶγροῦ
422 653 490 695 καὶ
515 649 727 708 σκαπάνης
757 650 919 705 ἀπόζων
948 650 969 695 ὃ
993 653 1097 711 πρὸς
1124 651 1322 704 τοιαύτας
1338 655 1519 705 ἔξασκῶν
1540 653 1750 710 λοιδορίας

262 722 341 779 τὴν
371 725 571 779 γλῶτταν.
644 720 733 781 (Ε.)
772 721 911 764 Ταῦθ’
949 719 1058 780 δρῶν
1089 725 1157 766 καὶ
1191 721 1353 767 ἀκούων
1388 725 1537 773 ἐκεῖνος
1569 727 1643 766 νῦν
1673 722 1750 778 μὲν

267 791 516 850 ἐνεκαρτέρει
543 794 595 850 τῇ
613 789 787 847 συνήθει
815 788 1040 848 πραότητι,
1079 794 1147 835 καὶ
1166 791 1324 849 ταύτης
1341 794 1546 851 τροφίμου
1567 793 1634 835 καὶ
1659 790 1750 849 ἧλι-

267 859 457 911 κιώτιδος
480 858 608 916 οὔσης
638 858 846 917 προδότης
878 861 922 904 ἐκ
947 865 1020 904 τοῦ
1040 859 1196 921 ῥᾴστου
1221 863 1413 919 γενέσθαι
1439 862 1512 906 οὐκ
1539 859 1639 917 εἶχε·
1674 866 1748 905 νῦν
1762 868 1794 904 1(

270 931 318 974 δ’
340 931 514 986 ἐσχίζετο
536 929 612 986 τὴν
631 928 841 983 διάνοιαν,
878 932 945 973 καὶ
964 930 1062 981 τοὺς
1078 931 1301 988 λογισμοὺς
1319 933 1415 990 περί
1430 949 1471 989 γε
1493 931 1541 974 τὸ
1559 932 1750 987 ποιητέον

270 997 574 1043 ἔταλαντεύετο.
611 999 661 1042 οὗ
686 999 764 1057 γὰρ
783 997 893 1056 ἑώρα
911 1000 986 1056 τὴν
1004 998 1179 1056 ἡσυχίαν
1204 1001 1442 1055 ἀκίνδυνον,
1480 999 1575 1044 οὗθ’
1598 999 1748 1060 ἑαυτῷ,

271 1069 367 1113 οὔτε
393 1073 453 1128 τῷ
473 1073 547 1112 τοῦ
569 1069 772 1124 βασιλέως
799 1069 877 1129 υἱῷ
901 1067 1071 1128 Ἰωάννῃ
1104 1075 1164 1130 τῷ
1192 1069 1494 1130 Παλαιολόγῳ,
1542 1069 1636 1113 οὔτε
1664 1078 1752 1121 τοῖς

235 1141 330 1190 Εεῖς
363 1138 489 1182 αὐτὸν
515 1140 823 1196 συνδραμοῦσιν
851 1138 1047 1195 εὖγενὲσιν
1077 1138 1276 1198 ἀνδράσιν
1308 1142 1352 1184 ἐκ
1377 1141 1621 1193 Βυζαντίου.
1668 1139 1750 1197 ἤδη

269 1202 349 1267 γὰρ
368 1208 542 1253 κάκεῖνοι
562 1207 692 1251 πολὺν
713 1209 788 1263 μὲν
806 1208 849 1251 ἓν
868 1212 919 1266 τῇ
940 1210 1091 1269 καρδία
1108 1210 1327 1269 τρέφοντες
1357 1211 1401 1261 ἐξ
1429 1204 1487 1254 ὧν
1509 1207 1750 1254 ἐπεπόνθει-
1765 1216 1794 1252 1!

271 1293 352 1322 σαν
373 1278 445 1322 τὸν
464 1276 628 1333 θυμὸν,
666 1275 843 1328 δεδιότες
865 1278 908 1321 δ’
933 1277 991 1322 ἔτι
1010 1283 1170 1334 μᾶλλον
1194 1281 1262 1323 καὶ
1281 1281 1323 1331 ἔς
1344 1279 1392 1324 τὸ
1407 1279 1559 1335 μέλλον
1591 1281 1682 1338 περὶ
1702 1280 1751 1323 τὸ

271 1349 370 1407 ζῇν,
405 1351 601 1406 προφανῆ
623 1346 698 1403 τὴν
717 1347 880 1406 σφαγὴν
902 1348 1079 1392 ἓπέσειον
1102 1348 1217 1409 αὐτῷ
1227 1381 1241 1403 ,
1278 1351 1313 1393 εἷ
1331 1349 1389 1406 μὴ
1421 1353 1645 1404 βασιλικῶς
1670 1347 1752 1393 ὗπό

268 1421 391 1475 σφῶν
423 1416 733 1475 ἄναγορευθείη.
781 1417 910 1460 αὐτοῦ
945 1418 1026 1476 γὰρ
1057 1418 1117 1475 μὴ
1145 1423 1269 1463 τοῦτο
1291 1417 1574 1475 θελήσαντος,
1614 1419 1752 1477 ἕτερον

269 1486 314 1539 ἐξ
336 1486 475 1531 αὐτῶν
493 1484 829 1544 παρεσκευάσθαι
848 1486 952 1545 πρὸς
974 1492 1111 1532 τοῦτο.
1147 1489 1256 1545 μηδὲ
1275 1489 1354 1546 γὰρ
1375 1487 1475 1532 εἶναι
1498 1485 1648 1532 τούτου
1664 1506 1754 1544 χω-

116 1564 172 1603 vP.
195 1557 336 1615 38ορὶς
377 1557 434 1607 εἷς
462 1555 539 1613 τὴν
575 1560 660 1600 τῶν
691 1554 904 1612 Ῥωμαίων
927 1559 1134 1616 σωτηρίαν
1167 1556 1473 1616 ἀνυσιμώτερον
1502 1558 1639 1616 ἕτερον
1669 1562 1794 1601 τῶνὲι

272 1624 466 1670 ἁπάντων
487 1629 659 1683 πρᾶγμα
678 1627 747 1669 καὶ
771 1624 988 1683 διανόημα.
1060 1625 1150 1687 (ς’.)
1187 1630 1261 1678 Εἷς
1285 1628 1336 1684 δὴ
1356 1625 1572 1678 τοιούτους
1593 1632 1750 1683 χειμῶ-

270 1713 348 1747 νας
377 1693 577 1753 θορύβων
606 1697 674 1738 καὶ
707 1694 984 1754 περιστάσεων
1008 1696 1291 1753 ε’μπεπτωκότι
1323 1702 1383 1756 τῷ
1415 1700 1751 1756 Καντακουζηνῷ

272 1764 387 1821 ὅμως
415 1765 504 1808 οὐδ’
541 1763 674 1815 οὕτως
702 1766 891 1809 ἐνδοῦναι
926 1765 1160 1821 νενόμισται
1198 1765 1400 1825 πρότερον
1428 1769 1538 1820 δεῖν,
1584 1769 1680 1825 πρὶν
1711 1768 1753 1817 ἐς

276 1833 506 1888 Βυζάντιον
545 1832 690 1893 ἁπάσῃ
729 1834 966 1893 πεπομφότι
1004 1838 1167 1896 σπουδῇ
1214 1836 1318 1895 πρὸς
1356 1834 1588 1893 ἀνάμνησιν
1626 1831 1755 1887 αὖθις

367 1923 403 1958 2.
425 1918 640 1968 συνηλύδων
663 1921 752 1957 coni.
775 1922 878 1958 Boiv.

277 1991 312 2026 ei
329 2002 393 2026 sua
408 1990 572 2037 praedia,
597 1991 777 2037 divisaque
796 2004 874 2027 esse
891 1990 1061 2038 operariis
1080 1994 1116 2027 et
1128 1990 1407 2028 circumforaneis
1425 1992 1638 2036 hominibus,
1662 2004 1705 2028 ac
1724 1993 1757 2028 si

279 2038 340 2085 qui
358 2038 416 2073 alii
438 2037 482 2072 de
498 2037 643 2074 colluvie
658 2038 794 2084 plebeia
811 2038 974 2074 audacem
994 2039 1161 2076 adversus
1179 2051 1255 2074 eum
1272 2040 1424 2085 linguam
1440 2040 1584 2075 maxime
1600 2040 1759 2075 exacuis-

277 2088 368 2120 sent.
413 2084 462 2118 Iis
480 2084 581 2127 enim,
605 2085 664 2131 qui
681 2085 780 2131 plura
796 2090 832 2120 et
851 2086 1015 2131 graviora
1036 2085 1073 2120 in
1091 2097 1167 2121 eum
1181 2086 1362 2121 maledicta
1381 2087 1646 2132 congessissent,
1668 2098 1759 2121 mer-

277 2132 382 2166 cedes
401 2132 680 2177 proponebantur
703 2143 744 2166 ac
759 2131 933 2178 praemia3
958 2144 1026 2167 non
1043 2132 1151 2167 solum
1175 2133 1317 2179 praedia
1333 2134 1454 2176 istius3
1478 2134 1540 2168 sed
1557 2138 1594 2168 et
1610 2135 1758 2168 honores

277 2182 315 2213 et
331 2177 519 2222 dignitates
534 2202 545 2220 ‚
576 2183 612 2212 et
628 2178 744 2213 aditus
766 2178 811 2213 ad
827 2190 979 2223 munera,
1005 2179 1072 2214 etsi
1094 2179 1245 2225 piscator
1265 2183 1375 2222 esset,
1400 2180 1466 2215 etsi
1486 2191 1613 2215 merum
1630 2192 1691 2215 rus
1713 2180 1758 2214 li·-

277 2235 471 2270 gonemque
494 2224 606 2270 ipsum
629 2225 803 2260 redoleret
821 2225 871 2268 is,
903 2226 964 2271 qui
987 2225 1136 2270 linguam
1157 2226 1193 2261 in
1212 2227 1378 2262 eiusmodi
1397 2228 1559 2262 convitiis
1584 2227 1760 2262 exercita-

277 2270 444 2306 tissimam
461 2271 616 2306 baberet.
664 2271 748 2316 (V.)
772 2272 870 2307 Haec
889 2272 947 2307 ille
965 2284 1040 2307 cum
1057 2278 1093 2307 et
1109 2273 1245 2308 videret
1264 2279 1301 2308 et
1318 2273 1474 2316 audiret,
1502 2273 1601 2308 modo
1619 2273 1654 2308 in
1670 2273 1759 2308 leni-

278 2322 354 2352 tate
369 2329 432 2352 sua
450 2322 608 2352 constans
626 2319 890 2364 perseverabat,
912 2330 1055 2365 eamque
1075 2323 1197 2365 utpote
1221 2320 1387 2355 alumnam
1404 2324 1441 2355 et
1458 2320 1634 2366 aequalem
1663 2332 1758 2356 suam

277 2376 346 2399 non
370 2368 507 2410 poterat
530 2364 635 2399 facile
662 2364 828 2411 prodere:
859 2366 959 2400 modo
980 2366 1143 2401 trahebat
1168 2366 1312 2402 animum
1334 2366 1372 2402 in
1404 2366 1545 2401 diversa
1576 2378 1759 2412 secumque

278 2423 322 2446 ex
350 2410 510 2455 endebat,
536 2410 697 2457 quidnam
716 2411 811 2446 factu
826 2413 990 2458 optimum
1007 2412 1110 2447 foret.
1158 2413 1349 2454 Quiescere
1371 2413 1461 2448 enim
1481 2425 1545 2448 nec
1562 2417 1671 2447 tutum
1691 2413 1759 2448 sibi

278 2457 315 2493 vi
340 2458 422 2492 ebat
439 2468 537 2500 esse,
561 2469 624 2492 nec
645 2458 862 2504 imperatoris
887 2459 958 2494 filio
982 2459 1101 2494 Ioanni
1118 2459 1346 2506 Palaeologo,
1369 2469 1432 2495 nec
1449 2459 1644 2502 nobilitati,
1668 2471 1760 2505 quae

278 2503 451 2550 Byzantio
478 2515 622 2549 egressa
641 2504 686 2539 ad
707 2516 745 2539 se
769 2505 994 2541 confluxerat.
1040 2506 1112 2540 Iam
1139 2506 1226 2542 enim
1249 2512 1286 2542 et
1304 2506 1435 2542 nobiles
1457 2506 1528 2548 illi,
1551 2506 1639 2540 iram
1662 2507 1761 2541 alen-

279 2554 334 2585 tes
357 2549 469 2585 animo
490 2551 726 2596 gravissimam
749 2552 792 2586 ob
810 2551 969 2586 iniuriam
994 2564 1062 2598 qua
1080 2552 1198 2587 affecti
1215 2553 1372 2596 fuerant,
1397 2565 1438 2588 ac
1457 2551 1565 2597 magis
1582 2553 1695 2587 adhuc
1715 2553 1761 2587 de

279 2597 359 2631 vita
375 2608 437 2632 sua
461 2597 499 2632 in
525 2598 676 2633 futurum
702 2598 860 2641 solliciti,
884 2603 1025 2633 mortem
1045 2598 1079 2634 ei
1098 2604 1311 2644 praesentem
1335 2599 1573 2643 intentabanb,
1597 2599 1663 2634 nisi
1681 2611 1702 2633 a
1721 2610 1761 2633 se

278 2643 491 2678 salutaretur
515 2643 712 2690 imperator.
759 2645 813 2680 Eo
837 2644 965 2690 quippe
986 2645 1220 2688 detrectante,
1244 2650 1383 2691 praesto
1403 2645 1447 2680 ad
1471 2657 1545 2680 eam
1570 2658 1640 2681 rem
1666 2646 1761 2680 futu—

281 2701 356 2724 rum
376 2690 521 2736 aliquem
545 2703 590 2726 ex
608 2691 712 2737 ipsis:
736 2703 848 2738 neque
866 2703 949 2726 vero
977 2691 1071 2726 aliud
1089 2692 1142 2726 rei
1161 2692 1341 2728 consiliive
1365 2704 1444 2727 esse
1461 2692 1506 2726 ad
1527 2692 1672 2727 salutem
1688 2693 1762 2727 Ro-

282 2747 456 2772 manorum
477 2737 666 2780 efficacius,
694 2750 794 2784 quam
813 2738 904 2783 quod
927 2738 1186 2773 meditarentur.
1239 2739 1342 2784 (VI.)
1373 2739 1413 2774 In
1436 2739 1563 2773 talibus
1585 2741 1760 2774 turbarum

282 2793 326 2818 ac
346 2783 567 2829 prementium
584 2784 734 2831 undique
754 2784 968 2830 negotiorum
987 2785 1249 2831 tempestatibus
1266 2786 1470 2821 versabatur
1488 2785 1761 2820 Cautacuzenus.

284 2830 358 2867 Sed
375 2841 421 2866 ne
441 2830 494 2867 sio
512 2830 649 2879 quidem
667 2831 854 2869 cedendum
877 2831 1107 2876 existimavit,
1131 2831 1199 2868 nisi
1225 2831 1352 2880 legatis
1373 2843 1474 2881 quam
1495 2832 1672 2869 celerrime
1688 2832 1761 2879 By-
