1794 3172
224 143 324 195 958
634 149 950 197 MCEPHORI
978 147 1301 194 GREGORAE

6 280 45 313 A.
62 278 106 312 M.
126 276 216 312 6859
229 267 408 319 κιβωτοῦ
427 258 553 306 πάλαι
573 259 702 317 μόνον
731 263 897 316 ψαῦσαι
929 257 1142 317 τολμήσας
1166 257 1351 303 ἀπώλετο
1364 292 1379 313 ,
1416 256 1704 317 φυλάσσοντος

66 326 135 360 ¹¹¹⁶·
153 321 176 360 4
185 338 332 404 ΔΕθεοῦ
341 367 355 388 ,
386 335 510 391 φησὶ,
544 335 596 389 τῇ
616 334 778 390 κιβωτῷ
802 330 850 373 τὸ
870 328 1096 384 σεβάσμιον
1116 343 1126 353 ·
1164 331 1231 372 καὶ
1252 327 1341 384 ἅμα
1369 329 1477 384 μηδὲ
1502 333 1584 372 τῶν
1615 331 1702 372 τοί-

221 413 310 460 χων
341 407 414 446 τοῦ
447 402 557 459 ἱεροῦ
580 404 746 456 ψαῦσαι
778 407 866 450 τοῖς
896 403 1063 450 πολλοῖς
1082 398 1128 443 ὂν
1153 399 1361 457 ἀσφαλὲς,
1405 397 1554 456 ἑτέρων
1577 401 1703 456 φησὶν

226 473 363 528 ἐδέησε
382 473 555 526 τοίχων,
591 474 675 513 τῶν
698 469 868 521 ἔξωθεν.
917 471 985 512 καὶ
1009 467 1132 513 πάλιν
1147 482 1156 492 ·
1193 466 1387 522 »ἀκούεις
1406 468 1591 525 γέννησιν
1606 482 1616 492 ·
1654 468 1702 512 τὸ

226 547 314 591 πῶς
344 541 404 597 μὴ
432 537 707 598 περιεργάζου.
754 537 915 590 ἀκούεις
936 537 997 582 ὅτι
1018 543 1178 594 πνεῦμα
1197 538 1244 581 ‘cd
1270 537 1414 596 προϊὸν
1443 539 1487 581 ἔκ
1515 542 1590 581 τοῦ
1617 547 1731 583 ποι-5

75 622 114 657 P.
140 622 209 658 602
231 609 348 669 τρός·
385 610 433 653 τὸ
453 614 541 660 πῶς
559 609 617 666 μὴ
636 607 977 666 πολυπραγμόνει.
1016 611 1050 653 εἲ
1069 610 1114 652 δὲ
1134 612 1487 666 πολυπραγμονεῖς
1501 608 1594 651 υἱοῦ
1613 607 1705 665 γέν-

221 698 338 737 νησιν
350 681 417 723 καὶ
432 677 664 734 ’πνεύματος
683 677 887 737 πρόοδον,
915 678 1026 736 κάγώ
1049 683 1124 722 σοῦ
1143 681 1474 735 πολυπραγμονῶ
1495 677 1543 721 τὸ
1562 682 1704 734 κρᾶμα

224 755 366 807 ψυχῆς
391 751 460 793 καὶ
490 747 696 804 σώματος.
745 752 834 799 πῶς
863 746 903 791 εἶ
922 753 1027 805 χοῦς
1045 751 1112 792 καὶ
1132 748 1248 792 εἰκών
1270 751 1400 803 θεοῦς
1437 749 1482 790 τί
1497 747 1545 790 τὸ
1567 751 1705 790 κινοῦν

225 837 285 874 σε,
312 819 338 876 ἢ
358 821 401 863 τί
417 819 463 863 τὸ
483 816 720 874 κινούμενον
729 838 744 874 ,·
781 823 869 869 πῶς
889 819 936 862 τὸ
959 819 1061 862 αὐτὸ
1086 821 1152 862 καὶ
1173 825 1275 862 κινεῖ
1291 819 1359 861 καὶ
1381 824 1546 860 κινεῖται
1559 836 1574 872 ‚-
1616 821 1704 867 πῶς

227 891 426 946 αἴσθησις
448 890 634 933 ἐνταῦθα
651 889 760 943 μένει
783 890 850 931 καὶ
879 888 926 932 τὸ
959 889 1074 940 ἐκτὸς
1098 891 1341 943 ἐπισπᾶταις
1378 891 1466 938 πῶς
1487 885 1508 930 ὃ
1534 891 1630 937 νοῦς
1661 888 1703 930 ἓν
1715 895 1761 930 10

227 962 293 1003 σοὶ
315 960 423 1015 μένει
453 960 520 1002 καὶ
548 963 667 1019 γεννᾷ
694 956 815 1015 λόγον
839 959 881 1002 ἕν
902 958 1015 1019 ἄλλῳ
1038 962 1127 1015 νο”ί·,·
1164 963 1251 1008 πῶς
1273 955 1380 1016 λόγῳ
1409 956 1544 1014 νόημα
1568 958 1705 1000 διαδί-

228 1031 346 1072 δοται
360 1049 374 1084 ;
412 1030 447 1071 εἴ
474 1028 628 1071 σαυτὸν
659 1028 733 1071 οὐκ
756 1027 900 1083 ἔγνως,
935 1028 1049 1079 ὅστις
1069 1027 1146 1072 εἶὸ
1169 1030 1259 1085 περὶ
1279 1025 1438 1071 τούτων
1467 1024 1706 1083 διαλεγόμε-

189 1101 323 1150 Βνος,
359 1100 394 1141 εἴ
425 1102 559 1140 ταῦτα
590 1097 637 1140 οὗ
668 1098 913 1152 κατέλαβες,
941 1092 997 1141 ὧν
1024 1099 1090 1141 καὶ
1113 1096 1138 1154 ἡ
1164 1098 1362 1153 αἴσθησις
1390 1095 1554 1154 μάρτυς
1565 1130 1580 1150 ,
1618 1100 1707 1146 πῶς

225 1168 327 1212 θεὸν
358 1167 560 1225 ἀκριβῶς,
593 1165 692 1225 ὅπερ
722 1184 766 1210 τε
802 1169 869 1209 καὶ
901 1166 998 1211 ὅσον
1026 1169 1158 1221 ἐστὶν,
1192 1167 1337 1210 εἰδέναι
1367 1164 1704 1221 ὗπολαμβάνεις;

80 1239 121 1275 V.
138 1237 206 1277 487
230 1241 384 1292 πολλῆς
405 1241 527 1280 τοῦτο
542 1240 616 1292 τῆς
634 1236 844 1293 ἀλογιάς.”
880 1238 947 1279 καὶ
966 1235 1088 1280 πάλιν
1102 1250 1111 1260 ·
1133 1236 1216 1290 ,,τό
1238 1234 1364 1292 τάχος
1378 1235 1482 1279 ἴστω
1502 1252 1566 1278 σοι
1584 1236 1702 1292 μέχρι
1717 1240 1760 1277 15

226 1310 302 1363 τῆς
340 1304 581 1364 ὁμολογίας,
618 1305 659 1348 εἴ
679 1323 778 1350 ποτε
799 1303 954 1362 ταύτην
977 1306 1271 1362 ‹inactus-elw-
1308 1305 1355 1349 τὸ
1387 1305 1435 1347 ‹5'
1469 1303 1570 1361 ὑπὲρ
1601 1304 1706 1348 vada

226 1393 329 1432 την,
364 1374 464 1419 εἶναι
492 1373 731 1433 δειλότερον.
779 1376 862 1418 ἐκεῖ
876 1376 951 1430 μὲν
970 1375 1047 1433 γὰρ
1071 1374 1097 1432 ἦ
1125 1374 1362 1433 βραδυτὴς,
1402 1375 1588 1418 ἐνταῦθα
1610 1376 1655 1418 δὲ
1678 1373 1705 1431 ἥ

226 1445 406 1501 ταχυτὴς
418 1445 494 1500 ἔχει
513 1444 585 1488 τὸν
603 1445 835 1488 κίνδυνον.”
870 1447 905 1488 εἲ
922 1446 971 1488 δέ
981 1463 1040 1496 τις
1060 1446 1304 1488 ἐνίστασθαι
1325 1442 1535 1498 βούλοιτο,
1559 1445 1705 1501 λεγέτω

193 1518 301 1571 Ομοι
322 1514 562 1572 παρελθών,
602 1515 647 1557 τί
674 1512 927 1569 βουλόμενος
946 1514 1020 1558 οὐκ
1041 1512 1218 1571 ὀλιγάκις
1239 1512 1260 1558 ὅ
1281 1514 1408 1570 μέγας
1431 1508 1552 1565 οὗτος
1584 1513 1704 1556 διδά-

229 1589 382 1635 σκαλος
411 1581 566 1627 οὖτωσί
589 1601 678 1634 πως
704 1583 802 1634 τοὺς
830 1582 979 1626 ἑαυτοῦ
1001 1585 1234 1640 σχηματίζει
1259 1581 1406 1639 λόγους
1435 1590 1521 1634 τοῖς
1550 1583 1702 1626 τᾶναν-
1712 1589 1760 1625 20

228 1654 297 1698 τία
321 1653 597 1712 προφέρουσι,
627 1654 695 1696 καὶ
717 1657 791 1697 νῦν
810 1654 886 1708 μὲν
905 1653 1004 1697 ὄντα
1026 1654 1230 1711 γεγέννηκε
1249 1654 1317 1696 καὶ
1338 1653 1701 1710 συλλογιζομένοις,

323 1766 379 1801 10.
402 1763 442 1800 ἐν
461 1764 513 1811 τῷ
531 1758 635 1811 αὐτῷ
655 1774 718 1810 pro
741 1761 912 1801 ἐνταῦθα
934 1763 1221 1811 ΒίΠίαιιαρᾱίῐίο.
1280 1746 1283 1748 ⁵
1314 1764 1373 1801 21.
1398 1767 1703 1812 κατασυλλογιζο-

319 1811 446 1857 μένοις
466 1810 554 1846 coni.
575 1811 678 1848 Boiv.

231 1903 415 1949 proponit,
439 1902 497 1948 qui
518 1903 640 1937 Arcam
661 1902 739 1938 olim
765 1902 970 1938 solummodo
997 1906 1185 1938 attrectare
1214 1914 1317 1937 ausus
1351 1901 1476 1949 periit,
1509 1908 1700 1948 asserente,

167 1967 170 1970 ·
230 1949 365 1993 inquit,
393 1949 466 1983 Deo
483 1949 711 1984 reverentiam
729 1951 839 1984 Arcae
857 1949 1017 1984 debitam.
1066 1950 1115 1984 Et
1135 1949 1216 1995 quia
1231 1962 1274 1984 ne
1292 1950 1402 1996 ipsius
1422 1950 1557 1995 quidem
1583 1953 1703 1998 templi

229 1995 383 2041 parietes
412 1996 611 2041 contingere
634 2000 747 2030 tutum
775 1995 919 2030 cuilibet
947 2000 1043 2038 erat,
1067 1995 1196 2031 idcirco
1225 1996 1322 2038 aliis,
1352 1996 1486 2042 inquit,
1510 1998 1703 2043 parietibus

229 2053 316 2086 opus
334 2041 422 2082 fuit,
445 2053 566 2088 nempe
588 2042 824 2076 exterioribus.
873 2043 964 2076 Tum
990 2042 1080 2077 idem
1105 2054 1249 2078 rursus:
1275 2043 1556 2087 „generationem
1581 2045 1701 2080 audis:

229 2087 365 2122 modum
383 2099 425 2122 ne
446 2088 611 2122 curiosius
629 2088 794 2133 inquiras.
841 2088 948 2123 Audis
963 2088 1130 2134 Spiritum
1148 2101 1192 2123 ex
1209 2089 1317 2124 Patre
1335 2090 1538 2134 procedere:
1561 2091 1598 2126 id
1616 2103 1703 2136 quo-

228 2133 328 2168 modo
347 2133 429 2175 fiat,
453 2146 495 2168 ne
513 2135 614 2169 anxio
643 2134 755 2169 studio
775 2134 1010 2180 perscruteris.
1060 2135 1163 2177 Quod
1191 2135 1221 2169 si
1247 2135 1282 2170 in
1310 2136 1391 2170 Filii
1418 2138 1641 2182 generatione
1664 2141 1702 2173 et

230 2179 382 2225 Spiritus
407 2180 624 2225 processione
644 2180 915 2227 pervestiganda
936 2181 1105 2216 curiosum
1123 2186 1160 2216 te
1177 2183 1343 2228 praebes,
1369 2195 1434 2228 ego
1459 2195 1596 2229 quoque
1622 2185 1701 2229 pari

229 2226 429 2261 curiositate
454 2232 546 2261 tuam
574 2226 704 2262 animae
729 2227 955 2273 corporisque
982 2228 1248 2263 coniunctionem
1271 2234 1307 2263 et
1325 2233 1628 2274 temperamentum
1646 2231 1702 2266 iu-

229 2273 371 2318 quiram.
431 2273 610 2313 Quomodo
644 2273 758 2318 pulvis
792 2286 830 2308 es
865 2279 902 2308 et
935 2274 1001 2309 Dei
1025 2275 1167 2320 imago?
1201 2275 1297 2316 Quid
1315 2280 1369 2309 est
1387 2276 1478 2321 quod
1495 2281 1531 2310 te
1552 2283 1699 2319 moveat,

230 2323 292 2353 aut
321 2318 403 2364 quid
427 2319 520 2364 quod
546 2320 752 2354 moveatur?
794 2320 969 2361 Quomodo
997 2320 1087 2356 idem
1105 2326 1220 2356 movet
1245 2326 1281 2356 et
1306 2323 1487 2356 movetur?
1521 2322 1700 2364 Quomodo

228 2376 351 2399 sensus
372 2364 407 2399 in
428 2366 548 2400 eodem
574 2369 708 2407 manet,
732 2368 770 2399 et
793 2370 935 2408 externa
954 2368 1126 2403 attrahit?
1158 2368 1338 2408 Quomodo
1355 2379 1448 2403 mens
1465 2368 1500 2402 in
1516 2374 1554 2403 te
1573 2374 1700 2412 manet,

229 2411 317 2445 etin
337 2411 406 2446 alia
423 2416 536 2446 mente
554 2422 740 2446 sermonem
757 2411 898 2456 gignit?
933 2413 1111 2454 Quomodo
1139 2413 1304 2459 cogitatio
1330 2425 1394 2460 per
1420 2426 1610 2450 sermonem
1635 2416 1700 2451 im-

254 2457 406 2493 ertitur’e
438 2457 477 2492 Si
494 2462 531 2492 te
545 2457 656 2502 ipsum
677 2469 743 2492 non
761 2458 874 2500 nosti,
900 2460 1055 2506 quisquis
1073 2473 1110 2495 es
1129 2460 1190 2506 qui
1209 2460 1253 2495 de
1271 2459 1325 2494 his
1343 2461 1447 2495 rebus
1475 2461 1644 2507 disputas,
1668 2462 1699 2497 si

227 2469 317 2538 Eaec
334 2503 481 2539 nondum
500 2503 677 2538 intellectu
695 2505 1000 2549 comprehendisti,
1025 2518 1166 2553 quorum
1183 2518 1306 2542 sensus
1325 2506 1400 2552 ipse
1420 2507 1520 2542 testis
1539 2513 1613 2550 est,
1631 2520 1699 2554 quo

228 2550 364 2585 tandem
382 2550 499 2592 modo,
524 2549 607 2596 quid
625 2554 660 2585 et
678 2555 825 2595 quantus
848 2551 894 2586 sit
908 2552 1024 2594 Deus,
1046 2558 1083 2587 te
1103 2556 1198 2588 certo
1226 2556 1346 2588 tenere
1373 2565 1415 2588 ac
1439 2554 1529 2589 scire
1547 2555 1699 2590 arbitra-

229 2595 304 2630 ris?
331 2596 483 2642 Magnae
505 2597 660 2642 profecto
677 2596 714 2631 id
730 2596 900 2632 stultitiae
914 2599 1003 2634 est.’'
1026 2599 1118 2634 Tum
1138 2610 1282 2634 rursus:
1307 2599 1516 2646 „Promptus
1533 2607 1620 2642 esto,
1638 2613 1699 2636 us-

229 2654 296 2686 que
317 2643 362 2677 ad
378 2643 479 2678 Fidei
493 2642 761 2684 confessionem,
786 2643 951 2688 siquando
973 2657 994 2679 a
1013 2648 1049 2680 te
1071 2645 1242 2691 exigatur.
1290 2645 1393 2687 Quod
1419 2651 1581 2692 superat,
1605 2647 1698 2683 timi-

230 2688 306 2722 dior
329 2689 379 2723 sis
395 2692 544 2735 oportet.
589 2689 725 2725 Etenim
750 2689 820 2723 illic
836 2691 1035 2734 cunctatio,
1059 2691 1116 2726 hic
1133 2691 1292 2727 celeritas
1314 2692 1509 2738 periculosa
1526 2692 1613 2728 est.''
1659 2693 1699 2727 Si

229 2734 305 2779 quis
324 2735 408 2770 velit
421 2736 572 2778 instare,
598 2735 742 2781 prodeat
761 2746 802 2773 ac
819 2735 912 2772 dicat
931 2737 1032 2779 mihi,
1057 2738 1140 2784 quid
1159 2738 1205 2772 sit
1222 2749 1283 2772 eur
1308 2750 1453 2785 magnus
1479 2739 1549 2774 iste
1578 2740 1699 2774 doctor

228 2779 328 2814 simili
345 2782 453 2816 ferme
471 2783 649 2817 verborum
668 2782 780 2827 figura
797 2782 887 2816 haud
915 2795 994 2818 raro
1015 2787 1134 2819 utatur
1154 2784 1322 2819 adversus
1342 2797 1401 2820 eos
1415 2809 1424 2827 ,
1449 2786 1507 2830 qui
1524 2786 1699 2820 contraria

228 2825 413 2871 obiiciunt,
436 2839 477 2864 ac
495 2840 583 2865 nunc
599 2840 690 2871 oum,
714 2827 775 2876 qui
795 2828 1004 2873 exsisteret,
1028 2830 1184 2877 genitum
1205 2831 1329 2875 fuisse,
1352 2842 1442 2867 nunc
1459 2831 1584 2870 Filium
1599 2843 1698 2868 crea*
