1794 3172
239 140 374 192 1134
657 143 975 192 NICEPHORI
995 136 1328 190 ‘GREGORAE

19 269 58 305 A.
72 269 118 304 M.
133 269 224 306 6859
239 256 338 320 (Θ.)
375 253 548 302 Τούτων
567 251 700 306 οὕτως
721 250 898 310 ε’χόντων
907 287 921 309 ,
958 250 1184 299 ὑπόλοιπόν
1206 253 1292 297 ἔστι
1312 249 1474 305 διδάξαι
1491 251 1566 297 τὸν
1585 251 1718 311 ἄνδρα

77 315 182 353 lnd·4
240 331 310 374 καὶ
333 332 410 384 τῆς
430 331 505 371 τοῦ
528 322 750 381 ἑτοιμάζειν
772 341 814 368 τε
837 326 906 368 καὶ
934 325 1080 382 κρίνειν
1101 323 1247 375 λέξεως
1274 323 1321 367 τὸ
1344 320 1657 379 σημαινόμενον.
1696 321 1717 366 ὅ

241 399 317 456 μὲν
334 397 414 456 γὰρ
425 430 439 450 ,
476 393 612 453 ὥσπερ
632 393 679 438 τὸ
701 390 946 450 ποιούμενον
967 395 1034 437 καὶ
1054 393 1101 437 τὸ
1125 391 1357 449 κτιζόμενον
1375 390 1574 449 ἀποίητόν
1590 409 1633 436 τε
1652 393 1720 435 καὶ

203 468 436 512 Ὲᾶκτιστον
464 463 613 523 ἥγηται
623 497 636 518 ,
672 462 783 508 οὕτω
823 466 892 508 καὶ
931 463 980 508 τὸ
1013 460 1326 520 ἑτοιμαζόμενον
1363 464 1432 506 καὶ
1469 462 1546 518 τὴν
1589 463 1720 520 κρίσιν

91 543 135 579 V.
154 545 225 582 572
248 537 422 582 ἄκτιστα
441 533 542 579 εἶναι
564 534 776 590 σημαίνειν
803 532 981 592 ἡγεῖται,
1020 532 1126 578 ἅττα
1148 532 1246 577 ποτ’
1276 531 1328 576 ἂν
1349 531 1409 590 εἴη
1431 531 1483 576 τὰ
1503 529 1749 587 ἓτοιμαζό-5

245 624 349 664 μενα
368 606 435 649 καὶ
452 601 683 663 κρινόμενα.
719 601 741 647 ὅ
760 603 886 661 μέγας
908 604 1046 648 τοίνυν
1064 604 1190 662 φησὶν
1210 601 1339 653 εὐθὺς
1357 599 1610 652 Ἀθανοῖσιος
1623 614 1635 626 ·
1666 598 1723 651 ὥς

247 676 326 732 „oi
344 675 504 731 ἀσεβεῖς
525 673 574 718 οὗ
596 673 771 718 θέλουσι
786 672 907 732 λόγον
916 675 991 730 μὲν
1010 675 1078 717 καὶ
1095 672 1253 729 βουλὴν
1274 673 1409 725 ζῶσαν
1424 669 1524 716 εἶναι
1535 671 1606 715 τὸν
1614 671 1719 724 υἱὸν,

246 747 338 804 περὶ
352 746 397 789 δὲ
415 744 490 789 τὸν
508 743 611 788 θεὸν
629 741 829 800 βούλησιν
847 745 915 787 καὶ
936 741 1136 802 φρόνησιν
1157 743 1226 785 καὶ
1246 742 1416 807 ιροφίαν,
1441 739 1498 791 ὥς
1515 741 1594 792 ἕξιν
1614 757 1723 795 συμ-

94 824 135 860 Ρ.
154 826 225 864 710
247 817 492 871 βαίνουσαν·
512 813 810 857 πειθέσθωσαν
826 808 900 857 οὖν
909 817 1151 868 Σολομῶντι
1167 811 1323 868 λέγοντι
1337 825 1348 835 ·
1369 809 1390 855 ὃ
1412 810 1511 862 θεὸς
1528 815 1580 869 τῇ
1594 811 1723 870 σοφία

245 885 493 941 ἐθεμελίωσε
511 882 586 940 τὴν
606 886 705 940 γῆν,
738 880 937 939 ἡτοίμασε
966 883 1011 927 δὲ
1033 880 1238 940 οὐρανοὺς
1267 881 1310 925 ἓν
1342 878 1552 939 φρονήσει.
1591 879 1723 930 οὕτως
1736 883 1780 919 10

247 955 292 999 ἓν
308 958 496 1010 ψαλμοῖς
511 967 521 977 ·
543 950 680 996 πάνθ’
711 950 790 996 ὅσα
808 952 1012 1009 ἠθέλησεν
1022 985 1036 1007 ,
1063 952 1262 1008 ἐποίησεν.
1308 951 1344 994 εἲ
1365 951 1411 994 δὲ
1428 947 1629 1006 βούλησις
1649 953 1723 993 τοῦ

249 1028 356 1068 θεοῦ
379 1021 556 1081 ἥσοφία
579 1022 664 1066 ἐστὶ
685 1020 796 1078 καὶὴ
817 1020 1044 1080 φρόνησις,
1071 1018 1093 1066 ὃ
1114 1022 1159 1065 δὲ
1177 1018 1267 1071 υἱός
1287 1020 1396 1064 ἔστιν
1415 1018 1441 1076 ἢ
1465 1020 1615 1078 σοφία,
1646 1017 1726 1077 ὅρα

247 1093 308 1150 μὴ
342 1091 364 1137 ὃ
391 1092 519 1150 λέγων
544 1089 740 1148 βουλήσει
769 1091 842 1135 τὸν
863 1092 970 1145 υἱὸν,
1006 1091 1097 1135 ἴσον
1118 1090 1213 1148 λε’γῃ
1238 1089 1315 1146 τὴν
1346 1090 1499 1148 σοφίαν
1530 1090 1571 1132 ἓν
1599 1090 1728 1149 σοφίᾳ

246 1161 476 1220 γεγονέναι,
508 1162 576 1204 καὶ
604 1160 679 1204 τὸν
701 1159 792 1204 υἱὸν
823 1161 866 1204 ἔν
890 1161 967 1219 υἱῷ
996 1164 1277 1216 πεποιῆσθαι,
1315 1161 1384 1202 καὶ
1412 1158 1480 1202 διὰ
1502 1162 1577 1202 τοῦ
1602 1155 1725 1215 λόγου

212 1231 325 1276 Βτὸν
345 1229 469 1288 λόγον
482 1229 714 1274 ε’κτίσθαι.”
747 1227 869 1287 δρᾶτε
891 1234 978 1280 πῶς
991 1231 1047 1280 εἷς
1068 1228 1221 1272 ταύτὸν
1239 1226 1402 1285 συνάγει
1419 1228 1496 1284 τὴν
1516 1229 1726 1284 σημασιάν
1742 1234 1784 1270 15

252 1305 330 1346 τοῦ
361 1303 584 1355 θεμελιοῦν
618 1299 687 1342 καὶ
717 1306 847 1343 ποιεῖν
874 1301 943 1342 καὶ
978 1300 1121 1352 κτίζειν
1154 1303 1206 1357 τῇ
1236 1299 1423 1358 σημασίᾳ
1454 1302 1530 1341 τοῦ
1561 1295 1730 1352 ἕτοιμά-

251 1372 343 1424 ζειν.
371 1369 478 1414 ἀλλὰ
496 1369 563 1412 καὶ
573 1369 718 1424 Λαβὶὸ
717 1365 770 1424 ,ἦ
791 1372 866 1412 τοῦ
885 1369 1003 1412 θείου
1027 1365 1258 1423 πνεύματος
1276 1367 1463 1423 ἔμψυχος
1481 1364 1641 1421 κιθάρα
1660 1368 1729 1410 καὶ

251 1443 392 1496 μοῦσα
414 1436 615 1496 ἁρμονικὴ
625 1469 640 1490 ,
658 1435 920 1493 ,,ἓτοιμᾶζων
939 1437 1015 1495 ὅρη
1026 1438 1068 1491 ,”
1095 1438 1236 1496 φησὶν,
1263 1438 1339 1490 »ἓν
1357 1441 1409 1495 τῇ
1428 1434 1536 1492 ἰσχύι
1555 1436 1728 1480 αὗτοῦ.”

255 1510 324 1553 καὶ
338 1506 482 1551 πάλιν·
505 1506 596 1561 „ozi
614 1504 846 1563 ἡτοίμασας
872 1505 1128 1564 εὖθῦτητας·
1164 1508 1295 1564 κρίσιν
1316 1508 1384 1550 καὶ
1404 1504 1666 1562 δικαιοσύνην
1688 1507 1729 1549 ἓν

250 1576 402 1633 Ἰακώβ
420 1576 471 1620 σὺ
491 1575 730 1633 ε’ποίησας.”
764 1576 856 1621 ῗδοῦ
875 1578 943 1620 καὶ
964 1571 1085 1628 οὗτος
1106 1573 1449 1632 ταῧτοσήμαντον
1469 1575 1614 1628 ἔδειξεν
1630 1574 1788 1619 εἷναιΞΟ

221 1646 336 1704 Οτὴν
351 1647 515 1703 ποίησιν
538 1650 590 1705 τῇ
613 1643 841 1708 ἑτοιμασίᾳ.
889 1645 982 1691 οὔτε
1010 1646 1089 1706 γὰρ
1117 1646 1319 1704 οὐρανοὺς
1351 1646 1596 1700 ἀκτίστους,
1635 1644 1728 1689 οὔτ’

346 1769 382 1805 7.
405 1766 468 1804 καὶ
483 1767 622 1813 σοφίαν
641 1766 687 1804 al.
778 1768 813 1805 8.
827 1766 892 1806 καὶ
907 1765 1265 1815 οἷποσυμβαίνουσαν
1283 1767 1329 1803 al.
1404 1769 1440 1805 9.
1462 1768 1660 1813 Σολομῶνι
1677 1767 1735 1803 ed.

350 1816 410 1852 11·
433 1811 457 1862 ἦ
478 1813 654 1864 βούλησις
673 1814 727 1851 ed·
821 1818 877 1854 12.
900 1813 921 1854 ὃ
941 1813 1014 1861 ἄρα
1031 1816 1144 1862 λέγων
1159 1814 1215 1850 ed·
1306 1815 1363 1851 13.
1381 1813 1475 1861 λέγει
1486 1814 1541 1849 ed.
1561 1826 1624 1861 pro
1638 1812 1734 1862 λέγῃ.

259 1916 500 1953 detrimentum
517 1918 702 1966 accipiant.
749 1918 852 1965 (lx.)
877 1919 978 1961 Quae
994 1930 1068 1954 cum
1089 1918 1141 1953 ita
1159 1917 1248 1960 sint,
1271 1919 1383 1952 restat
1400 1919 1439 1952 ut
1462 1918 1580 1953 horum
1605 1918 1735 1953 verbo-

258 1975 336 1999 rum
365 1965 510 2010 (parare
529 1969 565 2000 et
581 1965 754 2011 iudicare)
782 1965 1067 2012 significationem
1090 1965 1262 1999 Palamam
1289 1964 1482 1999 doceamus.
1536 1965 1605 2000 Hic
1632 1965 1734 2006 enim,

260 2009 350 2044 sicut
380 2012 575 2046 nonfaotum
605 2016 642 2047 et
663 2011 852 2047 increatum
876 2012 1085 2047 existimavit
1106 2023 1182 2046 esse
1205 2010 1311 2054 illud,
1339 2011 1431 2056 quod
1459 2022 1585 2046 revera
1606 2012 1735 2046 factum

260 2060 485 2102 creatumque
510 2057 600 2102 fuit,
631 2059 688 2094 ita>
704 2059 846 2093 vocibus
864 2059 917 2093 his
937 2058 1224 2105 (praeparatione
1248 2062 1284 2092 et
1304 2057 1453 2102 iudicio)
1479 2069 1537 2092 res
1557 2058 1734 2092 increatas

261 2102 442 2148 designari
470 2107 591 2149 putat,
622 2116 846 2151 quaecunque
865 2105 1002 2140 tandem
1024 2109 1274 2152 praeparentur
1301 2109 1337 2138 et
1356 2104 1564 2139 iudicentur.
1610 2105 1735 2139 Statim

259 2147 382 2195 itaque
406 2160 548 2195 magnus
569 2151 780 2187 Athanasius
796 2151 849 2186 ita
873 2152 1043 2197 loquitur:
1064 2151 1222 2194 „Nolunt
1241 2150 1340 2197 impii
1362 2151 1468 2185 filium
1488 2163 1564 2185 esse
1586 2151 1735 2185 Verbum

264 2199 303 2230 et
326 2195 447 2230 vivens
474 2196 667 2239 consilium3
702 2198 764 2233 sed
790 2200 1001 2233 contendunt
1025 2198 1137 2244 ipsum
1158 2210 1234 2232 esse
1252 2197 1343 2243 apud
1373 2197 1482 2232 Deum
1512 2197 1736 2239 voluntatem,

264 2242 503 2287 prudentiam,
530 2247 566 2277 et
594 2244 815 2290 sapientiam,
848 2256 937 2290 quae
969 2246 1066 2280 velut
1096 2244 1233 2279 habitus
1267 2245 1404 2290 quidam
1433 2243 1508 2278 Deo
1537 2244 1735 2279 adveniant.

265 2287 440 2327 Salomoni
457 2289 573 2334 potius
590 2290 689 2325 fidem
712 2290 897 2326 adhibeant
916 2291 1066 2326 dicenti:
1088 2292 1183 2326 Deus
1211 2294 1340 2325 terram
1365 2290 1537 2336 sapientia
1563 2290 1736 2333 fundavit,

266 2337 304 2368 et
323 2334 436 2369 caelos
462 2335 499 2369 in
527 2334 713 2381 prudentia
736 2338 881 2383 paravit.
938 2339 999 2373 Sic
1025 2339 1061 2372 in
1085 2336 1230 2372 Psalmis
1249 2336 1396 2371 dicitur:
1421 2336 1532 2370 omnia
1562 2348 1737 2382 quaecun-

266 2391 335 2426 que
367 2380 495 2423 volust,
525 2381 624 2417 fecit.
679 2383 813 2425 Quodsi
841 2384 1000 2419 voluntas
1024 2384 1092 2420 Dei
1117 2385 1165 2419 sit
1194 2383 1365 2429 sapientia
1397 2387 1432 2418 et
1465 2383 1668 2428 prudentia,
1701 2386 1737 2417 et

265 2426 404 2462 aliunde
431 2417 646 2474 Filiusffipsa
671 2429 718 2464 sit
738 2430 929 2476 sapientia,
953 2431 1138 2466 cavendum
1165 2434 1238 2472 est,
1263 2441 1307 2464 ne
1335 2429 1396 2475 qui
1417 2429 1538 2464 Filium
1558 2430 1737 2465 voluntate

266 2472 396 2508 factum
422 2485 499 2509 esee
526 2475 673 2517 asserit,
694 2475 784 2510 idem
805 2477 936 2512 omnino
957 2478 1074 2520 dicat,
1098 2489 1141 2512 ao
1163 2476 1193 2510 si
1220 2475 1423 2521 sapientiam
1443 2475 1479 2510 in
1498 2476 1667 2521 sapientia
1681 2477 1737 2511 fa-

268 2523 474 2561 ctam.esse‚
498 2520 622 2557 Filium
649 2520 685 2557 in
711 2522 800 2558 Filio
821 2536 897 2558 esse
918 2525 1070 2566 factum,
1093 2528 1130 2559 et
1146 2523 1296 2558 Verbum
1321 2534 1385 2568 per
1409 2523 1558 2557 Verbum
1585 2527 1737 2558 creatum

266 2564 388 2609 fuisse,
413 2566 632 2603 affirmaret.”
679 2569 816 2604 Videtis
839 2574 878 2604 ut
906 2572 1088 2606 verborum
1105 2569 1261 2611 fundare,
1285 2570 1415 2612 facere,
1437 2573 1474 2604 et
1493 2581 1612 2604 creare
1628 2569 1738 2614 signi-

267 2611 462 2648 ficationem
489 2614 631 2649 eandem
653 2626 750 2657 esse,
774 2628 864 2662 quae
892 2617 992 2652 verbi
1020 2628 1145 2662 parare
1169 2615 1312 2662 propria
1340 2620 1413 2658 est,
1437 2620 1577 2650 censeat
1596 2621 1737 2650 sanctus

268 2657 489 2711 Athanasium
536 2661 608 2696 Sed
626 2665 662 2697 et
677 2661 811 2704 David,
833 2662 982 2698 animata
1010 2663 1070 2697 illa
1095 2663 1236 2708 spiritus
1257 2662 1366 2696 divini
1390 2662 1524 2697 cithara
1547 2667 1584 2697 et
1601 2663 1738 2696 harmo-

270 2714 352 2738 nica
369 2716 487 2749 musa,
509 2719 749 2754 „praeparans
759 2708 794 2751 ‚’'
815 2709 950 2755 inquit,
975 2710 1036 2751 „in
1062 2708 1265 2745 fortitudine
1289 2721 1351 2743 sua
1374 2707 1539 2743 montes.''
1595 2708 1645 2742 Et
1670 2708 1739 2742 ite-

268 2759 362 2784 ruma
385 2752 470 2793 „Tu
488 2754 619 2799 parasti
634 2754 861 2796 directiones3
884 2755 1048 2791 iudicium
1076 2759 1112 2791 et
1136 2755 1302 2790 iustitiam
1328 2755 1365 2789 in
1391 2756 1494 2789 Iacob
1519 2757 1559 2789 tu
1584 2753 1737 2788 fecisti.''

269 2794 367 2850 lsscce
387 2797 445 2832 hic
465 2800 568 2834 etiam
591 2801 765 2846 Propheta
788 2802 970 2837 verborum
984 2803 1101 2837 facere
1119 2807 1155 2837 et
1173 2813 1296 2846 parare
1318 2813 1415 2836 unam
1432 2802 1641 2846 eandemque
1661 2813 1739 2834 esse

269 2843 552 2887 mgmficationem
573 2847 735 2883 ostendit.
781 2847 860 2884 Nec
877 2849 964 2884 enim
989 2849 1104 2884 caelos
1125 2848 1318 2893 increatus,
1342 2859 1407 2884 nec
1426 2847 1600 2883 increatus
1623 2851 1739 2882 terrae
