1754 3164
198 137 333 186 1192
733 139 1220 186 ANNOTATIONES.

197 247 421 291 libellorum
458 245 703 302 supplicum,
742 244 791 285 de
825 244 1011 287 electione
1042 261 1123 302 qua
1157 257 1310 288 creatus
1345 247 1577 302 patriarcha
1602 247 1737 304 fuerat

197 309 402 364 episcopus
441 305 588 359 Cyzici.
620 305 691 344 fol.
721 307 815 347 106.
875 300 1046 358 Γράμμα
1075 300 1380 361 ἀνεπίγραφον,
1420 320 1491 344 seu
1522 305 1738 359 Fragmen-

197 377 305 412 tum,
332 365 373 402 in
404 378 480 416 quo
507 372 719 402 accusatus
749 361 940 418 pontifex
969 362 1051 416 ipse
1078 360 1230 402 scilicet
1264 361 1516 402 Atha-nasius
1548 371 1739 416 provocat

199 422 255 463 acl
281 418 512 473 Synodum,
544 430 587 459 ut
611 421 646 459 si
672 420 841 459 crimina
865 418 1020 459 obiecta
1046 434 1137 458 vera
1171 435 1250 459 esse
1279 429 1435 474 pateat,
1466 418 1683 472 deponatur
1705 428 1741 456 et

198 478 456 534 ignominiose
477 478 681 530 eiiciatur5
709 478 771 516 sin
795 476 946 526 minus,
981 474 1175 516 delatores
1197 479 1427 531 puniantur.
1457 477 1560 516 Ibid.
1591 476 1662 517 sol.
1693 476 1740 514 V.

201 535 374 592 Γροῖμμα
403 535 496 590 περὶ
524 538 601 576 τοῦ
629 538 717 583 πῶς
745 533 814 575 καὶ
838 532 905 575 διοὶ
935 535 974 574 τί
1003 533 1051 574 τοὶ
1081 537 1164 575 ταῖν
1194 531 1498 590 παραιτήσεων,
1532 538 1604 586 τῆς
1624 529 1743 588 πρώ-

199 611 271 648 της
300 592 408 647 φημὶ
438 592 508 634 καὶ
546 595 619 645 τῆς
659 591 868 645 δευτέρας,
909 590 1104 645 ἐγένοντο.
1165 591 1226 631 De
1258 603 1425 647 utraque
1466 590 1743 642 abdicatione,

196 653 346 708 prioris
368 660 405 690 et
427 650 656 706 posterioris
676 648 985 704 patriarchatus.
1016 650 1088 691 sol.
1112 652 1205 692 108.
1265 650 1375 689 Haec
1407 650 1564 699 omnia,
1597 657 1636 688 et
1667 649 1745 688 alia

202 717 411 765 praeterea
431 709 559 763 multa
579 707 787 747 Athanasii
806 705 1060 760 patriarchae
1096 709 1316 760 opuscula,
1359 709 1505 760 partim
1540 707 1591 746 ad
1618 707 1746 746 eccle-

203 767 403 808 siasticam
426 766 702 819 disciplinam,
733 766 879 817 partim
904 765 958 803 ad
978 765 1075 803 alias
1097 779 1162 804 res
1185 779 1276 805 cum
1294 765 1480 820 pubiicas
1500 772 1585 804 turn
1606 765 1747 817 priva-

202 835 267 868 tas
296 825 564 879 pertinentia,
604 837 709 862 unus
734 823 804 862 ille
830 822 962 861 codex
991 823 1297 875 complectitur,
1330 837 1447 876 quem
1475 822 1748 863 Bibliothecae

204 885 352 936 Regiae
374 897 465 922 cum
492 882 580 921 aliis
605 882 698 935 plus
723 879 950 934 quingentis
980 880 1147 919 donavit
1172 881 1238 921 Ill.
1267 882 1313 920 D.
1343 882 1510 921 Carolus
1536 881 1748 920 Mauritius

205 941 432 992 Tellerius,
462 939 791 992 archiepiscopus
814 939 905 977 Dux
932 937 1182 979 Rhemensis.
1245 939 1411 979 Utinam
1438 940 1481 978 in
1501 940 1574 978 illo
1607 940 1749 978 codice

209 1001 329 1042 etiam
351 998 557 1038 Athanasii
586 997 677 1036 Vita
707 1002 906 1045 exstaret,
948 1010 1068 1048 quam
1095 996 1143 1035 ab
1178 995 1334 1036 incerto
1367 1005 1531 1038 auctore
1560 999 1750 1050 scriptam

208 1065 406 1099 memorat
434 1058 515 1096 Leo
547 1055 720 1095 Allatius
747 1054 788 1093 in
819 1054 927 1093 notis
953 1053 1005 1092 ad
1036 1054 1254 1094 Historiam
1281 1056 1445 1109 Georgii
1475 1058 1749 1120 Acropolitae.

209 1128 366 1157 nonrm-

325 1171 425 1226 Pag.
452 1173 554 1220 180,
586 1173 652 1212 17.
707 1164 896 1221 Ἡσύχιον
916 1168 1033 1222 βίον]
1063 1169 1293 1222 Interpres,
1325 1171 1490 1210 otiosam
1514 1172 1661 1214 vitam.-
1689 1188 1753 1213 re-

211 1231 445 1287 posuimus:
487 1226 725 1269 solitariam.
787 1227 877 1267 Vid.
919 1226 1048 1267 Gloss.
1084 1226 1189 1267 med.
1228 1228 1403 1268 Graecit.
1429 1229 1473 1267 in
1510 1228 1754 1286 ἠσυχαστής.

212 1301 391 1330 nucum.

329 1344 428 1398 Pag.
463 1346 566 1393 180,
595 1344 663 1384 21.
724 1340 808 1382 Καὶ
827 1337 986 1390 στάσεις
1007 1338 1261 1395 παννύχους]
1293 1342 1353 1382 Ita
1374 1356 1493 1396 supra
1517 1358 1604 1398 cap.
1624 1349 1662 1388 3.
1683 1347 1754 1386 ubi

215 1407 480 1456 interpretem
497 1399 816 1449 emendavimus,
849 1399 1054 1451 quomodo
1078 1405 1119 1438 et
1146 1399 1215 1438 hic
1236 1401 1530 1442 emendandus:
1562 1401 1631 1441 sed
1653 1403 1754 1444 alio-

218 1463 288 1518 qui
321 1459 444 1499 bonus
478 1468 513 1497 et
544 1454 806 1496 admirandus
835 1466 1025 1511 quantum
1058 1455 1115 1495 αᾶ
1145 1458 1266 1497 vitam
1301 1459 1563 1506 monasticam
1601 1462 1754 1514 attinet,

220 1519 446 1568 continens,
477 1513 614 1555 illotus
633 1524 738 1554 totas
758 1523 889 1553 noctes
906 1524 1031 1564 stare,
1061 1513 1171 1553 humi
1192 1513 1357 1554 cubare:
1387 1516 1600 1566 vertimus,
1632 1528 1666 1556 et
1687 1517 1754 1558 acl:

219 1572 428 1616 mirandus
459 1575 568 1613 circa
591 1587 636 1610 ea
663 1587 762 1627 quae
783 1572 1044 1610 monasticam
1072 1572 1194 1611 vitam
1226 1573 1440 1626 conficiunt
1469 1572 1533 1613 vel
1566 1585 1754 1629 spectant,

223 1632 527 1680 continentiam,
558 1631 743 1684 inquam,
774 1638 809 1667 et
837 1626 998 1682 vigilias
1026 1639 1261 1679 nocturnas,
1292 1629 1402 1669 humi
1424 1630 1602 1681 cubans,
1634 1631 1754 1673 illotis

220 1688 412 1746 pedibus,
443 1703 493 1728 ac
513 1685 630 1742 pedes
647 1702 794 1740 semper
815 1684 1021 1739 incedens,
1052 1692 1126 1725 etc.
1158 1686 1393 1740 Pachymer.
1412 1690 1513 1740 πεζῇ
1534 1687 1609 1743 γάρ
1636 1686 1754 1743 ήβού.

224 1752 310 1790 λετο
330 1745 558 1800 διέρχεσθαι
578 1742 649 1794 τὰς
670 1741 810 1794 ὁδοὺς,
843 1740 995 1797 ἕνδυμά
1021 1759 1063 1786 τε
1081 1741 1202 1798 τραχύ
1235 1744 1375 1799 φέρειν
1404 1744 1470 1786 καὶ
1496 1744 1671 1798 βλαύτας
1699 1744 1754 1788 εὖ·

223 1806 350 1853 uuicos
385 1800 711 1859 αὕτουργημένας
742 1800 1040 1853 ὖποδεδέσθαι,
1078 1802 1149 1844 καὶ
1177 1802 1222 1844 ἐν
1252 1802 1374 1844 παντὶ
1407 1798 1579 1857 λιτότητι
1608 1805 1754 1863 διαζῇν,

225 1875 400 1904 DUCANG.
1392 1870 1395 1873 ’

342 1922 447 1973 Pag.
479 1921 583 1968 181,
613 1917 654 1962 5.
712 1914 826 1972 Πρὸς
856 1914 932 1971 γοῖρ
973 1913 1046 1959 τὸν
1074 1914 1388 1972 πατριαρχικόν]
1428 1916 1663 1972 Pachymer.
1691 1919 1754 1959 lib.

229 1977 337 2019 VIII.
360 1991 448 2030 cap.
470 1977 534 2020 14.
561 1976 625 2019 15.
650 1977 715 2018 16.
774 1988 946 2016 nummo.

349 2037 446 2087 Pag.
478 2036 581 2083 181,
610 2035 649 2075 6.
706 2028 857 2081 Αὕτοῖς
887 2028 1061 2085 πρώτοις
1091 2028 1218 2081 εὐθύς
1249 2027 1452 2087 βλοσυρόν
1474 2048 1516 2074 τε
1535 2031 1754 2087 ,ἕπέῤῥιψετ

233 2089 368 2145 ὄμμα]
401 2091 540 2129 Codex
564 2089 712 2141 Regius
732 2088 876 2141 habet,
910 2086 1091 2143 βάρῤους
1110 2089 1329 2144 ἒπέρῤιψεν
1354 2088 1475 2143 ὄμμα.
1514 2091 1640 2142 Puto,
1665 2087 1754 2144 βάῤ-

236 2151 334 2204 §ovs
355 2146 466 2202 ὄμμα
488 2147 748 2201 ἐπιῤῥίπτειν,
778 2147 1041 2199 proverbium
1061 2148 1196 2187 fuisse.
1255 2148 1408 2186 Latinis
1431 2146 1586 2186 Barrus
1608 2155 1668 2187 est
1679 2147 1754 2187 Ele.

232 2205 348 2261 phas.
406 2206 594 2245 Fortasse
623 2211 665 2244 et
694 2205 857 2244 Graecis
880 2206 1176 2246 recentioribus
1208 2201 1348 2260 βάῤῥω
1374 2206 1482 2245 dicta
1513 2212 1574 2244 est
1599 2204 1754 2260 Eleplm.

230 2262 424 2319 foemina.
458 2276 611 2303 1301le-

353 2322 458 2373 Pag.
490 2323 593 2370 181,
625 2323 692 2363 10.
751 2322 915 2362 Παθεῖν
945 2335 1003 2371 τι,
1033 2318 1059 2361 ὃ
1090 2317 1146 2374 μή
1175 2317 1273 2374 πρὸς
1303 2316 1533 2373 βουλήσεως
1562 2312 1639 2371 ἦν,
1676 2316 1754 2360 τοῦ.

239 2374 282 2420 δ’
304 2373 653 2431 ἀναγκασθέντας]
686 2376 856 2418 Videtur
875 2379 993 2417 locus
1023 2379 1211 2428 mutilus,
1240 2377 1420 2416 membro
1443 2390 1524 2416 uno
1556 2383 1676 2429 atque
1704 2377 1754 2416 al-

239 2443 330 2477 tero
354 2435 514 2474 omisso.
547 2447 738 2475 WoLFIUs.

354 2495 459 2546 Pag.
490 2494 593 2542 181,
622 2495 690 2534 21.
750 2492 828 2540 Εἰς
855 2488 927 2541 vois
954 2492 1106 2541 οἰκείας
1133 2491 1299 2533 ἕκαστον
1317 2486 1578 2544 μητροπόλεις
1599 2486 1754 2543 οἷπέπεμ

242 2552 350 2603 ψεν]
382 2550 603 2589 Turrianus
629 2549 670 2587 in
693 2549 797 2588 libro
830 2549 878 2589 de
900 2550 1243 2589 commendatione
1266 2555 1486 2602 perpetuae
1518 2548 1754 2588 administra

242 2608 369 2647 tionis
392 2607 651 2646 ecclesiarum
671 2607 913 2657 vacantium,
935 2613 974 2647 et
992 2608 1042 2646 de
1059 2606 1275 2646 residentia
1295 2607 1503 2645 Pastorum
1525 2612 1635 2644 extra
1654 2604 1751 2644 ovili

245 2679 338 2716 sua3
359 2663 516 2719 „idque,
536 2673 579 2703 ut
598 2662 850 2703 Athanasius
864 2663 1099 2718 patriarcha
1117 2660 1577 2717 Constantinopolitanus
1594 2661 1754 2719 affirma

246 2724 290 2761 in
326 2719 492 2776 epistola
522 2719 578 2759 ad
615 2722 837 2774 episcopum
871 2719 1151 2771 Sarclensium,
1191 2720 1252 2759 Ne
1280 2735 1368 2760 oves
1402 2729 1563 2773 propter
1600 2717 1754 2758 crebram

248 2777 470 2817 absentiam
503 2776 715 2818 Pastorum
743 2776 883 2832 facile
911 2793 937 2817 a
967 2777 1071 2832 lupis
1096 2776 1235 2817 invadi
1262 2786 1432 2830 possent.
1491 2774 1600 2814 Idem
1628 2791 1754 2830 quoqu

248 2835 501 2876 Athanasius
538 2832 595 2873 ad
623 2835 894 2889 imperatorem
930 2836 993 2875 sui
1025 2836 1210 2890 temporis
1239 2833 1288 2873 de
1325 2831 1535 2873 residentia
1566 2834 1754 2887 episcopo·
