1754 3164
562 117 1037 164 ANNOTATIONES.
1442 113 1574 162 1267

43 222 209 262 tendum
247 224 345 277 erit,
374 236 412 266 et
440 223 638 281 quidquid
663 223 746 265 loci
780 226 882 265 citra
900 223 946 276 ⁴)
969 223 1176 266 orientales
1204 225 1431 280 provincias
1458 227 1574 280 posi-

42 289 148 331 tum,
184 280 315 322 Ionici
344 285 466 323 maris
494 282 622 323 latera
649 284 835 337 attingit:
871 296 991 336 quam
1021 283 1390 337 interpretationem
1413 285 1575 338 praefe-

41 339 207 377 rendam
229 346 343 392 puto.
401 354 556 380 nnlvm.

41 463 61 502 I
93 411 251 508 82'Pag-
283 409 387 461 643,
420 414 486 454 16.
544 405 681 471 Κότυν
701 409 800 460 ἴσως
816 409 916 463 ἔχων
938 424 977 451 κ.
996 424 1031 452 τ.
1049 409 1110 463 L]
1142 409 1243 451 Vide
1269 409 1432 454 Homer.
1454 410 1571 453 Iliad.

62 492 72 502 .
218 480 370 506 nonus.

158 536 256 588 Pssg·
287 534 391 586 643,
423 539 489 580 18.
547 532 728 579 Καθόσα
755 537 872 589 φιλία
902 537 1069 579 δίδωσιν
1099 531 1351 590 ἆκραιφνῆς]
1391 535 1574 578 Obscura

43 588 219 641 dictum3
251 598 396 642 atque,
424 599 473 632 ut
495 601 677 646 apparet,
712 596 905 648 scriptum
931 594 1132 635 mendose.
1192 594 1340 634 Tamen
1366 594 1423 634 ita
1454 595 1573 635 etiam

41 647 88 686 in
112 648 259 687 Codice
280 650 474 689 vaticano
500 652 697 704 scriptum
722 653 875 706 reperit
895 653 970 692 Vir
994 651 1262 692 doctissimus.
1318 665 1474 692 nowm.

158 720 252 771 Pssg·
282 721 389 769 646,
421 720 487 763 15.
546 720 819 774 Συμπὲπτωκε
839 718 969 778 τούτῳ
992 717 1126 762 πάντα
1142 717 1463 770 τοῖναντιῶτατα]
1489 721 1574 761 Hu-

41 774 104 813 ius
130 773 283 815 Histor.
313 776 384 817 lib.
410 777 520 817 XVI.
545 792 634 831 cap.
659 779 690 820 1.
722 785 819 818 sect.
850 779 927 820 ult.
959 793 1047 831 cap.
1071 779 1117 820 V.
1151 785 1249 820 sect.
1275 782 1317 822 7.
1343 779 1416 819 lib.
1443 780 1570 821 XVII.

42 845 161 885 capp.
181 833 248 873 Vl.
269 840 309 872 et
324 833 412 874 VH.
429 834 499 875 lib.
518 836 630 876 XXI.
654 850 740 889 cap.
759 836 827 875 VI.
847 842 923 876 etc.
979 850 1130 876 eowm.

157 905 252 956 Pag.
284 902 387 952 647,
424 902 464 945 4.
527 901 753 958 Τριάκοντᾶ
788 921 870 947 που
911 901 1040 957 μόνας
1079 903 1232 958 ἡμέρας
1272 903 1484 960 &palmeis
1517 909 1574 965 τῷ

40 955 207 1015 Κρᾶλῃ]
241 960 539 1001 Cantacuzenus
561 962 718 1002 Cralem
752 963 940 1002 convenit
964 963 1124 1002 circiter
1154 962 1259 1002 illud
1282 970 1462 1017 tempus,
1492 978 1572 1017 quo

41 1017 203 1055 Orionis
230 1019 342 1058 sidus
372 1019 528 1068 oritur,
558 1018 639 1059 hoc
671 1027 730 1059 est
760 1027 908 1060 aestate
938 1021 1120 1069 ineunte,
1149 1020 1224 1059 sub
1247 1020 1395 1060 exitum
1425 1022 1572 1062 mensis

39 1073 165 1113 Iunii:
196 1081 242 1114 ut
265 1082 497 1115 annotatum
523 1091 646 1130 supra
668 1078 719 1117 ad
739 1091 830 1131 pag.
849 1081 947 1121 398.
969 1079 1014 1119 Ε.
1070 1078 1181 1117 Idem
1201 1092 1310 1117 nunc
1333 1078 1473 1118 diebus
1499 1080 1572 1119 tri-

40 1134 147 1182 ginta
171 1133 281 1185 apud
299 1134 456 1173 Cralem
476 1142 744 1174 commoratus
767 1150 851 1175 esse
872 1135 1043 1187 dicitur3
1071 1135 1200 1188 iisque
1226 1136 1384 1188 elapsis,
1411 1137 1571 1177 venisse

40 1190 246 1228 obsessum
298 1190 487 1242 Serrhas,
546 1199 718 1232 exeunte
752 1199 919 1243 aestate,
968 1193 1090 1232 immo
1133 1199 1350 1232 auctumno
1392 1194 1569 1245 ineunte,

40 1253 82 1286 et
130 1247 303 1287 instante
350 1249 429 1287 iam
476 1249 693 1291 vindemia.
767 1251 830 1290 Ita
870 1250 1009 1290 diebus
1054 1250 1219 1302 triginta
1268 1257 1392 1290 totam
1443 1259 1571 1291 aesta-

38 1311 119 1344 tem
147 1305 309 1344 videtur
333 1306 582 1347 conclusisse
607 1315 743 1348 noster
764 1308 833 1347 hic
857 1308 1151 1360 Chronologus.
1208 1308 1289 1347 Sed
1319 1309 1488 1348 fortasse
1518 1310 1571 1349 ad.

36 1362 132 1401 illos
154 1362 319 1415 triginta
350 1364 455 1414 dies,
486 1366 595 1418 apud
618 1367 776 1405 Cralem
799 1373 1076 1419 consumptua,
1106 1364 1199 1404 addi
1221 1366 1340 1405 etiam
1370 1366 1491 1405 debet
1514 1367 1570 1405 il-

37 1419 109 1459 lud
138 1426 319 1473 tempus,
361 1423 473 1474 quod
504 1430 719 1475 antequam
745 1423 796 1462 ad
826 1424 966 1463 urbem
997 1422 1165 1463 Serrhas
1191 1429 1431 1475 perventum
1452 1430 1567 1475 esset,

38 1478 235 1517 exercitui
254 1480 433 1530 cogendo
455 1487 495 1519 et
518 1481 779 1531 instruendo,
810 1488 930 1533 atque
958 1481 1038 1534 ipsi
1062 1480 1195 1519 itineri
1225 1480 1475 1520 conficiendo
1492 1481 1567 1520 im-

36 1548 208 1588 pensum
228 1536 367 1575 suerit:
395 1544 442 1576 ut
467 1544 552 1577 tum
575 1537 735 1577 demum
757 1546 886 1578 castra
912 1552 1039 1591 prope
1067 1551 1151 1576 eam
1178 1538 1306 1591 ipsam
1328 1538 1467 1577 urbem
1494 1553 1567 1591 po-

37 1592 115 1631 sita
140 1593 239 1642 sint,
270 1607 361 1633 cum
385 1594 463 1634 iam
491 1602 617 1635 aestas
639 1602 727 1634 tota
755 1597 927 1636 exiisset.
986 1598 1287 1635 Cantacuzenus
1314 1595 1464 1635 Histor.
1491 1596 1563 1637 lib.

36 1649 107 1690 111.
139 1664 228 1702 cap.
256 1651 400 1691 XLIX.
431 1653 487 1692 ait
518 1667 560 1692 se
590 1650 776 1705 στρατιάν
805 1654 1051 1707 παραλαβεῖν
1080 1650 1162 1705 ἤδη
1188 1651 1567 1706 παρεσκευασμένην

36 1706 131 1760 περὶ
151 1708 302 1761 θέρους
323 1707 502 1762 ἐκβολάς.
559 1710 670 1750 Idem
691 1710 823 1761 addit,
853 1711 1012 1750 Cralem
1039 1723 1131 1749 cum
1154 1723 1283 1749 uxore
1303 1717 1565 1763 prosecutum

37 1776 124 1803 esse
154 1779 197 1804 se
219 1779 348 1818 usque
374 1767 426 1806 ad
450 1767 619 1806 confinia
646 1768 803 1821 imperii
822 1769 1008 1807 Romani:
1036 1767 1081 1807 id
1101 1767 1211 1820 quod
1239 1781 1320 1806 non
1341 1767 1437 1807 satis
1464 1782 1566 1808 con-

36 1822 146 1874 gruit
171 1836 262 1862 cum
291 1825 516 1865 rationibus
541 1826 688 1865 nostris
715 1825 1021 1878 chronologicis.
1076 1838 1233 1866 nomm.

153 1894 250 1945 Pag.
281 1896 384 1943 647,
414 1895 454 1935 9.
509 1891 597 1936 Ἐπὶ
617 1892 692 1948 τήν
718 1891 838 1936 πόλιν
856 1895 1048 1948 Σεῤῥῶν]
1078 1892 1212 1946 Atque
1237 1892 1426 1933 hocloco
1445 1894 1565 1933 etiam

38 1947 237 1998 Gregoras
265 1949 432 1990 Ser-rhos
456 1965 533 2005 pro
563 1951 697 1992 Pheris
716 1952 914 2005 praefert,
943 1952 1058 1991 cuius
1076 1951 1370 2005 praefecturam
1390 1950 1564 1991 habebat

39 2005 174 2044 Guido
204 2007 460 2058 Lusiuiunus,
491 2010 560 2061 qui
591 2010 641 2049 ad
662 2010 874 2049 Armeniae
909 2023 1078 2062 regnum
1106 2009 1393 2062 capessendum
1422 2023 1563 2049 evoca·

35 2069 125 2112 tus,
155 2077 242 2103 eam
261 2078 390 2118 nuper
419 2066 651 2117 dimiserat,
681 2069 739 2107 uti
766 2074 903 2107 narrat
935 2068 1151 2107 cantacuz.
1173 2067 1242 2106 lib.
1269 2066 1340 2106 ΙΙΙ.
1370 2080 1459 2120 cap.
1490 2067 1561 2110 49.

34 2134 210 2162 noem-G.

151 2193 248 2244 Pag.
277 2193 383 2241 648,
415 2195 454 2235 7.
513 2187 663 2248 Ἀμοῦρ
687 2192 711 2235 o‘
740 2192 920 2249 Πέρσης]
951 2193 1164 2234 Cantacuz.
1190 2192 1258 2232 lib.
1279 2192 1349 2234 111.
1376 2207 1467 2247 cap.
1493 2192 1559 2235 56.

35 2260 126 2301 pag.
151 2250 247 2291 540.
305 2263 481 2288 DUCANG.

153 2308 248 2359 Pag-
279 2307 376 2354 652,
403 2310 468 2350 13.
511 2306 716 2360 Μανουήλ
735 2306 761 2348 ὅ
785 2303 1109 2362 Ταρχανειῶτης]
1146 2308 1414 2360 cognomento
1430 2309 1560 2360 Κουρ-

35 2362 159 2414 τίκης.
220 2365 432 2405 Cantacuz.
455 2365 525 2404 lib.
544 2365 613 2403 111.
635 2379 726 2418 cap.
756 2369 821 2407 10.
838 2367 905 2408 32.
923 2369 991 2408 70.
1048 2379 1222 2406 nucAsc.

148 2418 188 2459 P
186 2435 251 2474 vg·
283 2423 387 2472 653,
419 2425 483 2464 12.
539 2418 630 2462 Ἐπὶ
657 2421 733 2475 τὴν
752 2419 873 2463 πόλιν
896 2423 1090 2477 Σερᾆν]
1130 2425 1187 2463 De
1213 2423 1290 2462 hac
1317 2420 1440 2459 altera
1471 2420 1559 2458 Ser-

34 2474 199 2515 rbarum
233 2478 300 2516 vel
324 2478 542 2528 I'herarum
571 2485 724 2519 tentata
750 2479 956 2525 obsidione
981 2480 1096 2531 silet,
1126 2481 1290 2535 opinor,
1321 2479 1558 2516 Cantaeuze-

33 2546 124 2573 nus.
181 2548 353 2575 nocane.

146 2593 251 2644 Pag.
283 2592 387 2642 658,
418 2596 482 2648 16.
540 2589 762 2646 Ὀψόμενός
788 2609 831 2635 τε
868 2592 939 2635 καὶ
974 2591 1283 2649 ὄφθησόμενος]
1332 2589 1557 2641 Legendum

34 2642 223 2704 ὄψομένῳ
250 2663 293 2689 τε
311 2650 380 2690 καὶ
408 2647 694 2706 ὄφθησομὲνῳ.
736 2651 927 2703 Alioquin
945 2660 1049 2693 esset
1068 2652 1346 2691 Soloecismus.
1374 2660 1528 2686 Bolvnt.

146 2715 250 2770 1²⁰3·
281 2716 389 2769 654,
415 2722 456 2761 2.
515 2718 650 2773 Μέχρι
668 2717 738 2760 καὶ
757 2718 799 2768 ἐς
817 2715 940 2761 πόλιν
958 2716 1283 2778 Στρουμμίτζαν]
1315 2716 1428 2766 Quae
1448 2714 1556 2764 urbs,

79 2816 117 2861 ‘)
142 2817 239 2852 Nota
262 2817 332 2853 dici
354 2818 392 2854 id
415 2820 510 2867 apud
533 2820 717 2856 Tribunos.
765 2831 902 2858 totvm.
