1794 3172
313 143 626 190 HISTORIAE
655 144 1029 190 BYZANTINAE
1056 107 1174 189 xvl.
1198 147 1237 191 5.
1408 139 1503 185 821

31 254 247 312 βεβηκέναι
274 252 424 310 τύχας,
470 253 538 298 διά
559 273 602 298 τε
627 255 725 305 τούς
750 260 825 310 τῆς
857 253 1090 312 πραότητος
1117 251 1297 311 τρόπους
1329 255 1396 298 καὶ
1425 253 1565 344 ὅσαῙΑ.
1582 261 1730 344 (17.10347

1484 330 1504 338 ..
1521 323 1582 354 mp.
1607 322 1637 344 o.
1667 321 1725 344 an-

33 325 174 382 τάνδρὶ
197 329 356 382 προσῆν
376 325 419 366 ἔκ
446 323 607 382 φύσεως
636 325 753 381 ἕτερα
771 324 824 366 τὰ
843 324 1033 382 χρηστὰ,
1074 325 1248 367 ἐλπίδων
1268 324 1371 379 ἔχειν
1393 325 1435 379 ἓν
1457 342 1506 383 τῃ
1544 354 1681 392 ἱππ]

34 398 150 450 ψυχῇ
170 397 370 448 λειμῶνας
387 395 510 436 εἰπεῖν
527 393 715 450 ἀγαθοὺς
735 393 941 448 ξυνέβαινε
958 391 1140 448 μάλιστα
1159 391 1339 447 πάντων,
1370 391 1506 437 λύσειν
1641 382 1649 391 ’

35 463 163 506 αὐτὸν
185 462 331 505 αὐτίκα
357 467 432 518 τῆς
448 466 664 517 βασιλικῆς
683 463 871 513 ἔξουσίας
895 462 1185 517 ἐπειλημμένον
1204 462 1280 518 τὴν
1300 467 1374 518 τῆς
1392 462 1508 506 εὗσε-

4 540 27 576 5
35 533 150 588 βείας
172 531 344 590 οἰομένῳ
364 532 626 588 πολιορκίαν,
659 530 712 587 ἢν
744 532 782 574 οἳ
804 536 879 587 τῆς
907 531 1180 587 ἀντικειμένης
1196 532 1376 589 φατρίας
1399 535 1507 575 Τελ-

31 608 140 656 χῖνες
174 598 363 657 πονήρως
396 599 615 657 ἀνέφλεγον
629 614 638 623 ·
675 602 742 643 καὶ
762 599 887 643 τοῦτό
905 618 977 656 μοι
996 605 1080 643 τῶν
1098 597 1375 655 μοχθούντων
1394 604 1547 658 loqu-D

34 674 151 723 σμῶν
183 670 351 726 ἐγίγνετο
387 667 605 724 κατάλυμα
649 669 822 727 τερπνὸν
835 703 847 721 ,
891 671 959 712 καὶ
990 671 1221 727 φροντίδων
1256 669 1504 714 ὅλισθαίνειν

34 741 90 788 εἲς
121 737 350 795 ἀπόγνωσιν
373 740 693 782 κινδυνευουσῶν
726 736 859 796 πρᾶός
889 755 952 789 τις
980 741 1048 781 καὶ
1085 739 1219 796 γε’μων
1250 738 1506 797 εὐφροσύνης

36 808 206 865 ζέφυρος
220 821 230 832 ·
267 807 438 866 οῗομένῳ
449 841 462 860 ,
503 806 694 865 καθάπερ
726 808 773 851 τὸ
808 807 880 864 ἔαρ
911 809 1147 865 ἐλευθερίαν
1182 812 1266 851 τῶν
1290 810 1504 868 χειμερίων

0 881 171 934 ονεφῶν
199 884 291 927 ταῖς
322 874 510 932 ἡλιακαῖς
540 877 673 920 ἀκτῖσι
715 877 956 934 παρέχεται,
1002 875 1133 928 οὕτως
1164 878 1400 934 ἐλευθερίαν
1429 882 1506 933 τῆς

34 943 284 1001 κατεχούσης
312 943 423 1002 ,ὑπὲρ
464 951 547 989 τῶν
579 948 706 989 θείων
746 944 964 1002 δογμάτων
1003 945 1135 1002 λύπης
1167 944 1350 1004 εὗρήσειν
1385 945 1501 1003 κάμὲ.

35 1016 133 1073 (Δ.)
163 1015 272 1058 Ἐπεὶ
305 1014 349 1057 δ’
382 1013 438 1064 ὥς
468 1013 722 1072 πορρωτάτω
757 1019 831 1070 τῆς
858 1015 959 1070 ἐμῆς
988 1014 1068 1071 ἤδη
1094 1013 1311 1071 ἀπόδημον
1339 1014 1548 1072 γνώμηςΕ

34 1082 172 1140 ἑώρων
204 1083 331 1127 αὐτὸν
339 1117 353 1136 ,
388 1085 455 1126 καὶ
490 1084 536 1127 τὸ
569 1088 651 1127 τῶν
679 1083 847 1141 εὖγενῶν
875 1085 1034 1127 ἐκείνων
1054 1086 1230 1128 ἐλπίδων
1249 1084 1409 1128 ἀνθοῦν
1438 1086 1504 1127 ἒν-

34 1155 230 1208 διαίτημα
272 1150 571 1211 μαραινόμενόν
611 1171 654 1196 τε
688 1155 755 1196 καὶ
791 1158 843 1210 τῇ
877 1157 953 1209 τῆς
983 1154 1170 1204 ἐναντίας
1198 1155 1349 1210 μοίρας
1382 1155 1505 1214 κακίᾳ
1520 1186 1523 1194 η,

2 1226 308 1279 5παραχωροῦν
330 1239 373 1265 τε
400 1224 467 1265 καὶ
499 1220 698 1274 καθάπαξ
723 1221 958 1278 ἡττώμενον
965 1256 980 1276 ,
1009 1223 1224 1277 βέλτιστον
1245 1222 1380 1275 ἔδοξεν
1404 1221 1509 1266 εἶναί

30 1309 116 1346 μοι,
144 1291 220 1342 τὰς
232 1295 322 1340 4τῶν
341 1289 544 1347 ζητήσεων
563 1290 692 1342 ἄλλας
714 1291 854 1342 ἄλλοις
874 1290 1235 1350 παρακεχωρηκότι
1253 1296 1501 1350 περιφανῶς,

34 1359 182 1403 ὁπόσαι
207 1361 283 1416 τὴν
305 1365 388 1404 τῶν
409 1361 637 1417 ἀναγκαίων
657 1363 831 1419 πορίζειν
847 1361 1008 1416 ἔχουσιν
1027 1361 1206 1415 ἔνδειαν,
1243 1362 1307 1404 ἐπὶ
1327 1361 1375 1405 τὸ
1400 1379 1505 1418 προ-

30 1430 167 1485 μηθὲς
184 1427 308 1485 ὁμόσε
329 1434 403 1486 τῆς
418 1434 492 1474 τοῦ
511 1432 632 1488 φίλου
655 1431 921 1488 κεχωρηκέναι
940 1435 1091 1486 ψυχῆς.
1128 1429 1499 1488 στρατόπεδα-γὰρ,
1511 1439 1543 1473 F

33 1497 89 1549 ὥς
114 1501 262 1553 εἰπεῖν,
298 1502 504 1556 λογισμῶν
525 1502 800 1543 παντοδαπῶν
822 1501 890 1542 καὶ
908 1501 1126 1553 ποικίλων,
1157 1498 1237 1557 ὕφ’
1259 1497 1423 1556 ἡγεμόνι
1442 1504 1501 1558 τῷ

0 1566 140 1626 οζήλῳ
165 1572 240 1611 τοῦ
272 1569 502 1624 κρείττονος
529 1570 572 1611 ἐν
595 1570 683 1623 ε’μοὶ
706 1571 897 1624 διηνεκῶς
924 1566 1275 1624 συγκροτούμενα,
1310 1566 1501 1611 θανάτου

30 1637 237 1693 γε’μουσαν
266 1635 366 1679 εἶναι
397 1637 472 1692 τὴν
503 1638 703 1680 ἐνταυθοῖ
727 1638 886 1693 σιωπὴν
913 1634 1154 1680 ὑπετίθεντο
1167 1671 1182 1690 ,
1215 1635 1409 1692 σώματος
1427 1638 1502 1691 μὲν

30 1706 130 1756 ἴσως
149 1703 322 1762 ἥκιστα,
357 1710 496 1761 ψυχῆς
524 1723 566 1762 γε
594 1706 678 1762 μὴν
705 1708 773 1749 καὶ
800 1705 916 1762 μάλα
938 1703 1134 1760 μάλιστα,
1169 1707 1277 1763 μηδὲ
1302 1706 1380 1763 γὰρ
1393 1706 1502 1763 ἀφε-

31 1773 178 1818 στάναι
200 1776 362 1827 δειλίας,
386 1776 598 1830 αἰσχίστου
621 1774 868 1831 νοσήματος,
892 1774 939 1818 τὸ
959 1774 1031 1818 τὸν
1051 1779 1123 1818 τοῦ
1146 1773 1266 1831 ζήλου
1285 1774 1503 1832 θησαυρὸν

32 1844 195 1904 ἀφωνία
218 1848 361 1904 μακρᾷ
387 1842 659 1899 θαλαμεύειν,
692 1844 800 1901 μηδ’
821 1840 875 1888 αὖ
903 1843 1060 1901 ἀγνοεῖν
1093 1842 1226 1900 ἡμᾶς,
1255 1843 1328 1888 τόν
1357 1843 1410 1887 ἐνΙ
1429 1849 1488 1904 τῷ
1500 1846 1540 1881 P·
1554 1847 1624 1883 518

31 1953 239 1999 peratoriam
257 1953 458 1999 dignitatem
483 1957 576 1989 esset
594 1957 754 1996 evectus,
775 1953 858 1989 mihi
880 1954 1018 2000 iuquam
1046 1954 1089 1989 ad
1113 1954 1286 2001 ingenium
1312 1953 1397 1989 illud
1419 1954 1502 2000 mite

31 1999 253 2045 respicienti,
277 2005 315 2034 et
330 1999 374 2034 ad
393 2000 460 2035 alia
486 2001 618 2042 omnia,
642 2012 731 2046 quae
750 2001 875 2036 eximia
900 2012 984 2036 sane
1007 2001 1057 2036 illi
1080 2002 1154 2035 viro
1172 2014 1193 2036 a
1210 2005 1334 2036 natura
1354 2001 1502 2042 inerant,

31 2046 168 2091 quidam
187 2046 296 2080 veluti
315 2047 425 2081 bonae
441 2047 517 2092 spei
539 2047 643 2082 flores
666 2047 811 2082 animum
830 2047 974 2082 maxime
993 2048 1214 2089 recreabant;
1239 2058 1315 2082 cum
1334 2048 1400 2081 hoc
1420 2047 1502 2081 mihi

15 2092 134 2127 ⁴facile
154 2092 413 2138 persuaderem,
439 2104 534 2135 eum,
559 2093 673 2128 statim
697 2097 801 2138 atque
826 2105 937 2128 rerum
964 2094 1136 2140 potiturus
1164 2098 1280 2136 esset,
1302 2093 1501 2138 religionem

31 2150 231 2219 oppressam
247 2138 467 2194 liberaturum
484 2151 561 2194 esse
580 2151 622 2174 ea
638 2139 719 2174 belli
736 2140 883 2184 flamma,
908 2152 1009 2186 quam
1028 2140 1220 2175 contrariae
1238 2140 1398 2194 factionis
1415 2139 1502 2173 'l'el-

31 2197 52 2219 c
75 2185 150 2219 ines
170 2185 415 2231 improbissime
431 2186 654 2220 ventilabant.
700 2186 858 2232 Eratque
875 2187 959 2221 illud
983 2187 1066 2221 mihi
1082 2187 1272 2222 laborantis
1292 2186 1394 2220 ammi
1419 2198 1501 2231 gra-

32 2235 105 2265 tum
122 2232 219 2277 quasi
238 2230 463 2266 diversorium
476 2256 487 2274 ,
512 2243 737 2277 curarumque
755 2232 801 2267 ad
817 2232 1091 2279 desperationem
1109 2233 1324 2279 vergentium
1341 2233 1502 2273 solamen,

33 2278 185 2323 zephyro
204 2277 272 2312 leni
293 2282 330 2312 et
359 2277 506 2312 iucundo
531 2278 623 2312 haud
647 2278 811 2313 absimile.
856 2279 1024 2314 Putabam
1045 2279 1195 2321 scilicet,
1221 2279 1501 2325 quemadmodum

31 2334 95 2358 ver
118 2323 272 2358 hibernis
293 2324 440 2362 nubibus
469 2324 597 2359 liberat
620 2324 701 2359 solis
723 2324 855 2367 radios,
878 2325 930 2360 ita
951 2332 988 2360 et
1004 2337 1056 2360 me
1082 2325 1261 2360 liberatum
1282 2324 1327 2359 iri
1345 2336 1386 2359 eo
1408 2336 1501 2358 moe-

30 2380 132 2412 rore,
154 2381 255 2415 quem
279 2381 342 2416 pro
365 2370 474 2405 sacris
495 2370 663 2415 dogmatis
682 2371 918 2417 suscepissem.
965 2372 1066 2417 (IV.)
1089 2372 1275 2418 Postquam
1295 2376 1407 2405 autem
1426 2370 1501 2404 ani-

32 2416 201 2450 madverti
216 2417 488 2451 Cantacuzenum
507 2416 702 2462 longissime
722 2418 765 2452 ab
782 2418 954 2453 sententia
970 2429 1046 2453 mea
1060 2418 1236 2460 recedere,
1257 2420 1294 2452 et
1308 2416 1505 2464 praeclaras

31 2461 110 2495 illas
136 2473 216 2507 spes
229 2488 240 2506 ,
290 2474 354 2497 uae
373 2462 453 2497 mihi
476 2462 597 2498 florum
622 2463 732 2498 instar
748 2475 825 2498 sese
842 2464 1052 2507 obtulerant,
1079 2475 1310 2506 marcescere,
1334 2474 1375 2497 ac
1395 2461 1504 2508 partis

32 2507 200 2542 adversae
222 2519 275 2542 ma
287 2508 427 2553 iguitati
451 2509 554 2544 semel
578 2509 712 2544 omnino
737 2509 846 2545 victas
869 2510 1014 2552 cedere3
1038 2510 1200 2556 optimum
1221 2522 1297 2545 esse
1315 2508 1398 2543 duxi
1419 2508 1504 2542 alias

32 2553 219 2599 petitiones
235 2554 312 2589 aliis
338 2555 441 2602 plane
466 2555 680 2600 relinquere,
704 2567 764 2590 eas
786 2567 905 2602 nempe
925 2568 1014 2602 quae
1035 2558 1081 2592 ad
1108 2555 1367 2603 comparandam
1390 2565 1503 2590 rerum

31 2600 302 2634 necessariarum
318 2601 451 2647 copiam
470 2601 694 2647 pertinerent,
714 2602 749 2636 in
767 2614 839 2638 eam
855 2606 967 2638 autem
986 2615 1103 2638 curam
1119 2603 1313 2638 incumbere
1330 2612 1395 2642 me,
1413 2612 1504 2645 quae

31 2644 132 2680 amici
149 2646 280 2680 animae
297 2647 503 2682 consuleret.
551 2647 791 2693 Cogitationes
814 2649 943 2695 quippe
960 2649 1165 2695 multiplices
1181 2653 1218 2683 et
1235 2647 1355 2682 variae
1373 2647 1409 2681 in
1425 2647 1499 2680 ani-

31 2702 85 2726 mo
107 2703 192 2734 meo,
215 2692 311 2727 velut
325 2692 477 2738 legiones
497 2695 684 2740 quaedam,
706 2694 940 2730 laudabilioris
957 2695 1023 2729 zeli
1044 2695 1210 2741 auspiciis
1229 2693 1504 2739 glomerabantur

30 2742 222 2783 perpetuo,
246 2743 350 2784 atque
372 2740 438 2774 ho'c
464 2740 539 2774 loco
559 2740 752 2782 silentium,
774 2740 933 2776 siminus
955 2741 1047 2776 forte
1075 2740 1230 2786 corpori,
1255 2739 1387 2773 animae
1408 2744 1503 2772 certe

0 2804 3 2805 ν
29 2783 239 2818 mortiferum
247 2795 390 2829 prorsus
407 2797 485 2820 esse
501 2787 769 2821 submonebant:
792 2798 856 2821 nec
874 2788 961 2823 enim
971 2786 1101 2822 distare
1112 2788 1156 2821 ab
1172 2785 1324 2831 ignavia,
1336 2784 1395 2830 qui
1412 2796 1501 2818 mor-

29 2829 94 2864 bus
114 2830 331 2876 tui-pissimus
353 2836 430 2875 est,
453 2832 523 2869 alto
550 2832 686 2868 silentio
713 2833 884 2880 sepultum
913 2833 980 2881 zeli
1008 2835 1229 2874 thesaurum3
1260 2842 1372 2878 neque
1397 2830 1500 2866 etiam
