1794 3172
266 142 369 191 888
495 169 505 178 ·
674 147 990 194 NICEPHORI
1023 148 1351 196 GREGORAE

44 275 84 309 A,
102 272 149 309 M.
169 272 261 310 6859
272 260 317 304 ἐκ
337 263 422 305 τῶν
441 255 702 319 φθασάντων
723 258 873 317 ἀκριβῆ
894 277 946 316 με
966 263 1049 304 τῶν
1071 257 1310 318 ἔμπροσθεν
1336 260 1525 318 γίνεσθαι
1544 262 1751 319 εἷκαστὴν,

102 319 210 356 ¹⁰⁴¹·4
227 329 342 403 Βᾶτε
363 332 431 374 καὶ
449 330 653 386 ἀκριβῶς,
692 327 790 372 ὅσον
812 333 888 385 τῆς
924 329 1115 384 ἀσεβείας
1143 330 1192 374 τὸ
1219 329 1397 388 μέγεθός
1424 332 1558 386 ἔστιν,
1597 330 1749 377 εἰδότα.

268 400 430 459 βραχὺς
452 397 716 456 παρελήλυθε
739 397 892 455 χρόνος
921 401 990 443 καὶ
1021 407 1167 456 πεῖραν
1194 400 1248 443 τὰ
1274 401 1549 458 προειρημένα
1573 400 1749 459 εῗλήφει·

267 472 337 514 καὶ
364 468 385 513 ὃ
409 466 606 525 νεώτερός
630 485 696 511 σοι
719 473 802 512 τῶν
819 469 980 512 παίδων
999 470 1128 526 μικρὰ
1149 467 1333 526 νοσήσας
1362 470 1541 526 ἀπῆλθε.
1578 474 1664 514 Καὶ
1679 473 1752 514 ἵνα

267 539 345 583 τάν
373 538 486 596 μέσῳ
519 538 744 595 παρέλθω,
782 542 858 593 τῆς
887 536 1033 594 ὁμοίας
1061 537 1234 594 ἐχόμενα
1254 540 1478 596 ἀληθείας,
1517 538 1647 584 οἶσθα
1668 538 1787 584 ποῖ-5

268 613 357 662 λιν,
396 605 452 657 ὥς
474 608 559 667 ἰδία
584 609 651 650 καὶ
679 609 859 668 δημοσία
878 625 944 652 σοι
966 613 1179 666 παραινῶν
1209 609 1282 652 οὐκ
1309 609 1522 666 ἧρὲμησα,
1560 614 1636 666 τῆς
1666 628 1754 654 τοι-

268 676 402 734 αὖτης
422 676 651 732 ἀπέχεσθαι
674 679 935 732 δυσσεβείας,
971 679 1041 721 ἵνα
1059 678 1117 734 μὴ
1134 680 1282 737 χείρων
1305 677 1325 722 ὃ
1355 681 1449 734 βίος
1473 678 1539 722 ἀεί
1554 696 1619 723 σοι
1639 681 1754 737 γίνη-

229 755 358 792 Ecum.
402 745 512 790 οὕτω
534 746 640 803 πρὸς
662 747 707 790 σὲ
726 752 895 804 φιλικῶς
919 749 1145 804 διεκείμην,
1184 751 1251 792 καὶ
1277 747 1386 793 οὕτω
1416 747 1640 805 κηδόμενος
1671 751 1754 792 διε-

266 818 425 861 τέλουν.
473 815 525 859 σύ
548 817 592 858 δὲ
614 816 688 859 οὐκ
710 816 868 872 ἠμέλεις
892 815 1207 861 τάναντιώτατα
1239 821 1349 875 δρῶν
1385 820 1453 861 καὶ
1475 819 1648 873 μελέτας
1677 819 1754 862 ἄλ-

268 891 347 943 λας
366 885 434 928 ἐπ’
462 884 607 936 ἄλλαις
629 889 836 937 συντιθεὶς
858 887 965 931 κατὰ
987 891 1062 943 τῆς
1082 887 1288 942 εὐσεβείας
1298 921 1311 941 ,
1350 886 1406 938 ὥς
1433 887 1513 939 ἔξω
1540 890 1753 946 Γαδείρων
1768 897 1794 932 11

269 957 340 999 καὶ
355 955 622 998 Ἀτλαντικοῦ
648 955 849 1014 πελάγους
875 958 1193 1013 βεβυθισμένων
1227 963 1311 1001 τῶν
1344 959 1388 1000 ἐκ
1412 961 1517 1001 θεοῦ
1550 975 1615 1001 σοι
1646 958 1753 1001 κατὰ

267 1023 406 1075 πόδας
430 1025 651 1081 γινομένων
677 1028 888 1083 μαστίγων
917 1044 960 1070 τε
991 1029 1059 1070 καὶ
1090 1025 1419 1071 ἀνταποδόσεων.
1472 1026 1643 1085 Τρόπος
1673 1028 1752 1086 γὰρ

272 1096 341 1138 καὶ
362 1099 485 1137 τοῦτο
509 1096 708 1152 προνοίας
736 1095 821 1139 ἐστὶ
844 1101 972 1150 θεοῦ,
1010 1095 1180 1140 κωλύειν
1206 1097 1302 1148 τοὺς
1331 1094 1649 1155 ἁμαρτάνοντας
1669 1116 1753 1152 μυ-

273 1165 381 1221 ρίαις
400 1165 588 1207 ἐνταῦθα
611 1168 806 1222 πληγαῖς,
843 1167 939 1222 πρὶν
964 1171 1208 1222 κυρωθῆναι
1236 1167 1307 1210 τὸν
1329 1171 1405 1223 τῆς
1423 1165 1656 1223 μελλούσης
1687 1167 1753 1210 ἀΐ-

230 1235 365 1277 Ὲδίου
392 1231 597 1283 κολάσεως
627 1238 779 1291 κλῆρον
811 1236 974 1279 ἐκεῖνον.
1022 1236 1230 1293 ἱεροσυλία
1261 1237 1340 1294 γὰρ
1375 1238 1443 1279 καὶ
1482 1239 1651 1294 πορνεία
1686 1239 1754 1280 καὶ
1769 1244 1794 1281 14

271 1300 544 1361 ἀνδροφόνων
576 1302 674 1360 ἔργα
710 1302 934 1362 διαβόητον
962 1304 1065 1363 πρὸς
1094 1303 1289 1349 ἁπάντων
1317 1306 1392 1362 τὴν
1432 1305 1555 1363 ’ὕβριν
1582 1304 1751 1364 εἰλήφει,

272 1377 357 1416 τῶν
390 1389 433 1415 τε
467 1370 660 1429 δρώντων
690 1373 778 1429 ἅμα
807 1377 874 1417 καὶ
907 1373 1174 1430 πασχόντων,
1226 1377 1293 1418 καὶ
1332 1380 1456 1419 πᾶσιν
1485 1375 1648 1430 ἄλλοις,
1693 1374 1755 1427 οἷς

273 1441 479 1486 ἀκουστὸν
501 1443 605 1498 ἐξείη
627 1441 678 1486 ἂν
702 1445 913 1500 γι’νεσθαι”
951 1447 1019 1487 καὶ
1041 1444 1115 1487 οὐκ
1138 1443 1370 1488 ἀκόλαστον
1400 1444 1502 1500 ἔχειν
1531 1452 1618 1496 τοῖς
1643 1448 1755 1503 δρῶ-

268 1527 339 1554 σιν
370 1511 508 1554 ἕπεται
535 1510 772 1555 παντάπασι
799 1513 847 1556 τὸ
873 1513 1068 1564 συνειδός.
1124 1513 1292 1571 πλήττει
1325 1514 1404 1572 γὰρ
1436 1512 1494 1565 ὥς
1537 1515 1591 1558 τὰ
1620 1515 1755 1558 πολλὰ

271 1583 418 1639 ξίφους
440 1582 556 1637 δίκην
585 1580 686 1625 αὐτὸ
718 1582 771 1625 τὰ
799 1586 884 1626 τῶν
905 1583 1032 1640 ἔργων
1057 1584 1232 1641 αἲσχρὰ,
1276 1586 1393 1627 αἰδοῖ
1418 1588 1502 1629 τῶν
1535 1583 1794 1641 ἀνθρωπί-Ξί

140 1656 185 1694 Ρ.
195 1657 263 1696 559
276 1669 360 1695 νων
395 1650 534 1706 ὄψεων
569 1652 638 1693 καὶ
667 1656 751 1695 τῶν
771 1651 1007 1709 ἀκοιμήτων
1028 1658 1103 1697 τοῦ
1126 1658 1229 1697 θεοῦ
1253 1654 1513 1711 ὀφθαλμῶν·
1545 1656 1614 1696 καὶ
1636 1654 1754 1708 ἴσμεν

270 1720 448 1771 πολλοὺς
479 1721 522 1762 ἐκ
550 1723 817 1775 μεταμελείας
838 1724 1028 1777 βελτίους
1054 1727 1137 1766 τῶν
1162 1723 1224 1767 ἀεὶ
1253 1720 1582 1782 σωφρονούντων
1601 1724 1753 1781 φανέν-

271 1807 349 1841 τας
362 1804 371 1814 ·
409 1789 463 1834 τὰ
485 1790 530 1833 δὲ
549 1793 632 1835 τῶν
651 1793 866 1847 δυσσεβῶν
884 1793 1076 1851 αἱρέσεων
1097 1791 1331 1850 ἐγκλήματα
1341 1827 1355 1849 ,
1391 1793 1562 1851 μέγιστα
1585 1791 1754 1837 πάντων

270 1924 394 1960 liberis
414 1923 625 1960 amissurum.
660 1925 789 1971 Neque
807 1937 892 1966 vero
911 1926 1031 1962 mirum
1051 1939 1130 1963 esse
1142 1955 1151 1969 ‚
1176 1926 1206 1962 si
1228 1927 1361 1963 futuras
1377 1939 1434 1963 res
1455 1940 1497 1963 ex
1510 1927 1566 1971 iis,
1581 1939 1671 1974 quae
1689 1940 1753 1963 an-

271 1971 508 2014 tecessissent,
528 1977 630 2007 acute
653 1974 877 2015 coniicerem,
909 1985 986 2008 cum
1011 1981 1048 2008 et
1070 1974 1259 2020 impietatis
1285 1975 1484 2020 magnitudo
1513 1975 1650 2021 penitus
1671 1975 1754 2009 mibi

272 2023 459 2100 perspecta
476 2023 579 2053 esset.
626 2020 780 2065 Tempus
797 2032 839 2054 ex
855 2032 896 2054 eo
914 2021 1021 2054 breve
1039 2021 1242 2063 effluxerat,
1276 2027 1312 2056 et
1337 2023 1464 2057 exitum
1489 2022 1667 2067 praedicta
1688 2022 1754 2056 ha·

299 2069 436 2102 uerunt.
481 2064 619 2099 Etenim
641 2066 822 2101 liberorum
851 2070 986 2101 tuorum
1010 2071 1092 2101 natu
1120 2068 1294 2111 minimus,
1320 2080 1394 2107 cum
1425 2068 1669 2114 aliquantulum
1692 2080 1754 2103 ae·-

273 2115 471 2156 grotasset,
495 2112 656 2147 decessit.
703 2115 818 2158 Atque
836 2118 875 2148 ut
895 2124 949 2155 ea,
975 2124 1063 2158 quae
1080 2114 1373 2157 intercesserunt,
1397 2116 1443 2150 ad
1462 2115 1602 2150 eandem
1620 2115 1755 2149 verita-

273 2164 343 2192 tem
366 2157 598 2202 pertinentia,
628 2159 801 2202 omittam;
834 2158 902 2194 scis
928 2171 1048 2194 rursus
1068 2172 1238 2207 nunquam
1259 2173 1312 2196 me
1333 2162 1510 2196 destitisse
1528 2161 1688 2207 privatim
1711 2172 1754 2196 ac

271 2204 410 2251 publice
430 2205 561 2239 hortari
582 2210 640 2248 te,
665 2210 706 2241 ut
729 2207 774 2240 ab
800 2205 965 2240 eiusmodi
988 2206 1168 2253 impietate
1192 2209 1407 2251 abstineres,
1432 2220 1476 2243 ne
1494 2209 1646 2254 peiorem
1666 2219 1754 2253 quo-

273 2249 360 2285 tidie
386 2250 479 2285 vitae
504 2251 729 2287 conditionem
756 2252 979 2299 experireris.
1035 2255 1131 2289 Adeo
1156 2254 1244 2289 bene
1279 2267 1373 2290 eram
1406 2267 1489 2300 erga
1524 2259 1561 2290 te
1595 2254 1754 2298 affectus,

273 2297 362 2332 adeo
386 2301 427 2331 tu
450 2296 536 2332 mibi
563 2309 666 2333 curae
685 2310 772 2333 eras.
820 2299 877 2334 Te.
902 2310 986 2335 vero
1010 2300 1105 2335 haud
1124 2300 1267 2347 pigebat
1286 2302 1460 2336 contraria
1487 2300 1599 2336 omnia
1622 2301 1754 2343 facere,

275 2347 313 2378 et
333 2342 401 2378 alia
419 2354 461 2377 ex
488 2343 565 2378 aliis
590 2345 701 2379 moliri
721 2346 887 2380 adversus
904 2346 1124 2391 religionem3
1156 2359 1197 2382 ac
1215 2347 1245 2381 si
1263 2347 1402 2393 flagella
1422 2352 1459 2382 et
1481 2358 1634 2393 poenae,
1666 2358 1752 2393 quas

250 2392 253 2395 '
272 2389 369 2424 Deus
386 2388 451 2424 tibi
465 2396 668 2435 praesentes
685 2391 879 2437 infligebat,
902 2393 995 2427 ultra
1005 2394 1124 2428 Gades
1134 2399 1171 2429 et
1187 2394 1278 2428 ultra
1287 2394 1494 2429 Atlanticum
1503 2405 1598 2428 mare
1617 2393 1753 2428 demer-

274 2447 335 2471 sae
362 2437 593 2472 evanuissent.
632 2437 775 2473 Scilicet
794 2439 859 2474 hoc
878 2451 1014 2486 quoque
1030 2452 1138 2485 genus
1156 2440 1292 2475 divinae
1306 2441 1549 2485 providentiae
1568 2445 1643 2476 est:
1669 2451 1754 2485 pec-

272 2487 409 2518 catores
435 2482 580 2518 infinitis
609 2483 723 2530 plagis
751 2487 934 2529 coercere,
975 2492 1156 2533 antequam
1184 2487 1390 2533 sempiterno
1418 2486 1590 2532 supplicio
1620 2485 1755 2520 addicti

272 2529 478 2564 destinatam
494 2529 561 2565 sibi
584 2531 811 2566 hereditatem
836 2533 1019 2578 accipiant.
1069 2535 1170 2575 Quae
1186 2533 1275 2568 enim
1303 2533 1519 2578 sacrilegiis,
1542 2531 1691 2578 stupris,
1717 2536 1754 2567 et

272 2575 466 2611 homicidiis
488 2576 582 2612 inest
602 2578 793 2619 atrocitas,
817 2590 859 2612 ea
885 2580 928 2614 ab
952 2579 1018 2622 iis,
1046 2581 1105 2626 qui
1123 2580 1179 2615 vel
1201 2585 1310 2625 agunt
1338 2580 1392 2614 vel
1413 2579 1612 2625 patiuntur,
1644 2583 1682 2613 et
1707 2579 1754 2613 ab

273 2622 352 2658 aliis
376 2622 532 2658 omnibus
545 2647 556 2667 ,
580 2624 640 2669 qui
658 2635 729 2658 rem
743 2624 905 2666 audiunt,
931 2626 1102 2661 diffamari
1121 2627 1227 2662 solet:
1260 2638 1324 2661 nec
1345 2626 1402 2668 iis,
1421 2626 1482 2671 qui
1499 2625 1752 2672 perpetrarint,

272 2668 516 2704 conscientiam
535 2670 680 2705 stimulis
698 2682 841 2706 vacuam
870 2672 999 2707 habere
1020 2674 1134 2708 datum
1158 2677 1223 2708 est.
1270 2674 1350 2719 Ipsa
1375 2672 1505 2719 quippe
1524 2683 1598 2706 eam
1617 2671 1754 2716 flagitia

273 2718 313 2748 ut
341 2715 521 2760 plurimum
549 2716 661 2752 instar
689 2717 795 2762 gladii
822 2718 978 2760 fodiunt,
1015 2721 1182 2755 subeunte
1208 2719 1436 2762 verecundia,
1468 2730 1558 2765 quae
1581 2719 1752 2753 hominum

273 2761 476 2807 adspectum
494 2766 531 2798 et
549 2764 739 2810 pervigiles
764 2764 831 2798 Dei
858 2765 973 2799 oculos
1001 2767 1092 2802 ferre
1121 2778 1188 2802 non
1216 2771 1342 2812 potest.
1391 2765 1440 2800 Et
1462 2764 1585 2800 multos
1613 2763 1752 2810 quidem

273 2807 400 2842 scimus
418 2821 462 2843 ex
484 2809 698 2855 poenitentia
713 2810 870 2845 meliores
891 2812 1044 2848 evasisse
1065 2813 1109 2847 iis
1135 2812 1243 2860 ipsis,
1266 2812 1326 2858 qui
1345 2823 1481 2858 semper
1496 2810 1591 2855 frugi
1615 2822 1657 2844 ac
1678 2821 1753 2863 mp-

273 2853 366 2890 desti
385 2854 543 2893 fuissent.
588 2857 636 2894 At
654 2856 823 2894 haeretici
841 2858 968 2894 erroris
987 2859 1134 2902 crimen,
1164 2870 1240 2895 cum
1262 2858 1407 2895 omnium
1430 2857 1669 2905 gravissimum
1690 2859 1751 2899 ut,
