1794 3172
223 119 333 173 852
646 129 964 177 NICEPHORI
991 131 1317 179 GREGORAE

5 245 40 294 ᾼ.
54 243 101 291 Μ.
120 242 215 298 6857
226 241 323 300 ξίφη
356 236 494 285 πάντα
512 275 525 296 ,
573 239 652 286 ὅσα
693 259 738 285 τε
777 239 990 298 ἇγχὲμαχα
1029 243 1099 286 καὶ
1138 241 1218 287 ὅσα
1249 247 1334 287 τῶν
1367 240 1600 301 ἑκηβόλων,
1645 245 1714 288 καὶ

10 304 13 307 ’
57 292 168 363 lima
224 309 363 356 πάντα
390 309 519 370 φάναι
541 309 664 367 σκεύη
698 309 892 354 θανάτου
918 310 1024 366 μεθ’
1058 310 1218 357 ἑαυτῶν
1252 312 1433 370 ἄγοντες.
1489 313 1586 374 (A.)
1624 319 1714 371 Τῆς

225 376 300 426 οὖν
319 385 561 440 προσβολῆς
579 381 795 439 γενομένης
827 378 942 436 μάλα
961 383 1134 439 βαρείας
1154 384 1222 426 καὶ
1241 381 1368 435 δόξαν
1389 381 1564 440 ἐχούσης
1585 384 1714 428 ἀναν-

225 449 504 508 ταγώνιστον,
539 449 756 509 εὐρώστως
788 449 902 506 ὅμως
930 449 1138 506 ἠμύνοντο
1175 452 1216 496 οἱ
1244 451 1465 507 Βυζάντιοι
1490 452 1534 497 ἴκ
1564 470 1608 497 τε
1631 458 1714 497 τῶν

227 521 343 564 ’ἔνδον
378 524 523 575 τειχῶν
559 520 638 563 κάκ
678 524 763 563 τῶν
789 518 1063 579 ὑψηλοτέρων
1092 523 1255 566 οῗκιῶν·
1302 525 1371 567 καὶ
1400 521 1544 574 ἁπλῶς
1571 525 1748 577 εἷπεῖν,5

226 589 386 634 ἴσωθὲν
420 607 465 634 τε
494 591 561 632 καὶ
588 589 746 641 ἔξωθεν
758 623 772 644 ,
804 591 871 633 καὶ
894 592 938 633 ἐκ
964 595 1048 635 τῶν
1066 590 1273 644 ἐπάλξεων
1291 592 1431 637 αὖτῶν
1444 627 1458 647 ,
1497 593 1568 651 ἐφ’
1594 588 1651 637 ὧν
1671 595 1715 637 οἵ

197 671 277 707 Ετε
299 659 405 703 ἳστοὶ
424 661 492 702 καὶ
515 660 559 702 αἱ
587 661 779 715 κλίμακες
799 664 882 703 τῶν
900 662 1110 718 Λατίνων
1133 661 1382 721 ἆπῃώρηντο
1397 677 1409 687 ·
1447 660 1503 713 ὥς
1523 664 1714 720 γίνεσθαι

225 729 303 786 τὴν
323 726 462 785 μάχην
482 726 666 788 ἧρωϊκήν
684 747 790 782 τινα,
813 730 922 773 κατὰ
941 729 1079 786 στόμα
1099 734 1167 775 καὶ
1187 734 1232 775 ἐκ
1245 737 1397 790 χειρῶν
1417 730 1582 789 ἁπάσης
1594 732 1715 791 ἀφει-

227 801 387 843 δοῦσαν
409 801 526 855 ζωῆς.
565 801 634 842 καὶ
664 794 715 855 ἧν
741 802 841 843 ἰδεῖν
862 798 1080 858 νιφάδεσσι
1104 803 1181 857 μὲν
1206 804 1457 861 χειμερίῃσιν
1479 803 1610 854 ἐοικὸς
1629 806 1714 846 τῶν

227 887 272 913 τε
288 870 525 927 χερμαδίων
547 870 681 912 λίθων
710 869 758 912 τὸ
793 873 962 926 πλῆθος
990 873 1057 914 καὶ
1080 876 1165 915 τῶν
1188 876 1324 926 βελῶν
1346 873 1585 931 φερομένων
1605 872 1714 916 κατὰ
1727 886 1772 922 10

225 942 303 996 τῆς
322 941 557 994 Λατινικῆς
578 940 730 995 ἐκείνης
746 936 972 996 φάλαγγος,
1006 941 1182 996 συχνοὺς
1204 944 1229 985 δ
1236 942 1248 957 ²
1271 943 1337 985 ἐπὶ
1358 949 1523 998 συχνοῖς
1541 944 1718 1004 πίπτονή

225 1025 305 1059 τας
316 1041 330 1062 ,
360 1010 429 1052 καὶ
450 1007 602 1059 ἄλλους
625 1008 692 1051 ἐπ’
715 1008 855 1059 ἄλλοις
877 1009 1110 1065 ἀμοιβαδὸν
1131 1011 1357 1067 ἀγομένους
1376 1013 1444 1055 καὶ
1464 1012 1718 1070 φερομένους

228 1075 387 1134 συχνὰ,
425 1078 514 1121 ἀντὶ
536 1079 612 1133 μὲν
643 1076 804 1131 ζώντων
829 1079 1022 1138 νεκροὺς,
1059 1079 1151 1124 ἀντὶ
1185 1082 1230 1125 δὲ
1253 1086 1405 1139 νεκρῶν
1425 1083 1604 1135 ζῶντας·
1640 1082 1718 1132 τὰς

189 1148 278 1194 Εδ’
306 1147 488 1198 ἀσπίδας
509 1149 661 1199 ἐκείνας
683 1150 752 1191 καὶ
780 1148 879 1199 τοὺς
911 1150 1092 1207 θυρεοὺς
1119 1151 1432 1209 ἀρασσομένους
1459 1169 1503 1195 τε
1524 1154 1591 1195 καὶ
1614 1168 1717 1195 συν-

185 1256 197 1263 .
231 1217 503 1277 τριβομένους
532 1215 614 1262 ὑπὸ
646 1219 887 1272 Βυζαντίων
917 1220 1071 1276 συχνὰ,
1113 1219 1307 1280 καθάπερ
1333 1219 1458 1278 σκεύη
1491 1222 1713 1280 κεραμέως.
1728 1232 1773 1269 15

234 1290 304 1331 καὶ
327 1285 348 1331 ὅ
383 1288 459 1344 μὲν
490 1292 575 1331 τῶν
605 1288 834 1344 ἱσταμένων
860 1288 918 1332 ἔτι
947 1291 1175 1345 Λατίνων,
1210 1289 1311 1335 ὅθεν
1341 1290 1528 1349 δήποθεν
1550 1292 1623 1336 τὸν
1642 1310 1716 1335 πε·-

234 1355 366 1401 σόντα
398 1356 656 1415 δραξάμενος
678 1359 747 1401 καὶ
774 1358 922 1416 μικρὸν
948 1358 1210 1418 ἀφελκύσας,
1246 1361 1375 1412 εὐθὺς
1396 1363 1463 1405 καὶ
1495 1361 1622 1413 αὐτὸς
1643 1379 1719 1405 πε-

234 1427 322 1471 σιὺν
341 1428 470 1471 ἐδεῖτο
494 1431 570 1471 τοῦ
593 1426 925 1486 ἆφελκύσοντος·
962 1427 984 1474 ὃ
1009 1432 1035 1472 δ
1044 1429 1056 1446 '
1082 1430 1164 1487 ἤδη
1184 1431 1345 1486 μέλλων
1375 1429 1530 1475 ἓλκύειν
1553 1432 1619 1474 ἐπὶ
1639 1435 1716 1475 τοῦ

235 1495 592 1555 καταστρώματος
623 1496 952 1557 κατερρήγνυτο,
1000 1501 1069 1543 καὶ
1100 1501 1260 1558 πρηνὴς
1287 1500 1361 1559 ἐφ’
1391 1500 1437 1545 ὃν
1473 1499 1601 1545 εἷλκεν
1627 1500 1719 1545 ἔπι-

233 1581 361 1611 πτεν·
409 1565 431 1611 ὅ
461 1569 486 1610 δ
493 1567 507 1583 ‘
541 1566 848 1623 ἀνθιστάμενος
874 1567 1036 1626 βραχύν
1067 1587 1160 1613 τινα
1192 1568 1343 1629 χρόνον
1379 1568 1622 1627 ἐπετύγχανε
1643 1572 1776 1627 μένΞΟ

232 1636 400 1688 οὐδενὸς
437 1631 494 1680 ὧν
523 1637 657 1695 ἐφίετο
687 1639 755 1680 καὶ
786 1638 857 1696 ἔφ’
882 1637 984 1697 ἅπερ
1011 1637 1229 1684 ἔσπευδεν·
1266 1641 1441 1685 ἐλείπετο
1473 1641 1516 1684 δ’
1551 1641 1719 1692 οὐδενὸς

100 1717 141 1755 Ρ,
151 1717 221 1756 537
233 1712 341 1762 τῶν,
376 1705 456 1750 ὅσα
484 1705 640 1768 ῥᾷστον
659 1706 878 1764 ἐπάγουσιν
899 1707 1019 1769 ᾅδην.
1055 1712 1124 1753 καὶ
1146 1706 1197 1767 ἦν
1229 1708 1250 1754 ὅ
1281 1710 1392 1767 ἀγὼν
1413 1710 1632 1766 πολυειδὴς
1650 1713 1720 1754 καὶ

233 1775 529 1836 πολύμορφος,
562 1779 630 1820 καὶ
654 1776 785 1834 πολλή
816 1796 879 1829 τις
905 1778 1164 1837 ἑκατέρωθεν
1189 1779 1216 1837 ἦ
1239 1781 1453 1839 φιλοτιμία
1485 1782 1554 1823 καὶ
1577 1781 1625 1824 τὸ
1649 1780 1718 1823 εἷί-

235 1851 413 1903 τολμον,
454 1846 530 1902 οὐχ
558 1841 672 1898 ὅστις
696 1850 979 1907 περισωθείη,
1006 1849 1104 1893 ἀλλ’
1129 1848 1241 1902 ὅστις
1255 1848 1359 1910 ὑπὲρ
1378 1854 1454 1894 τοῦ
1475 1854 1603 1894 καλοῦ
1627 1855 1718 1905 &ot-7

327 1935 364 1971 2.
388 1930 542 1980 ἄγοντες
565 1946 630 1972 em.
654 1934 754 1973 Boiv.
778 1947 840 1983 pro
865 1935 1038 1982 ἄγοντας.

236 2003 329 2046 tela,
353 2003 422 2038 alia
443 2004 595 2040 cominus
614 2004 681 2039 alia
701 2005 832 2039 eminus
853 2005 1035 2050 ferientia,
1058 2010 1095 2043 et
1111 2007 1222 2043 omnia
1246 2008 1324 2044 fere
1347 2008 1469 2044 mortis
1490 2008 1720 2046 instrumenta

237 2062 355 2085 saecum
378 2055 567 2096 portantes.
615 2052 715 2096 (IV.)
744 2052 912 2093 Quamvis
931 2065 1034 2099 porro
1057 2055 1185 2100 primus
1209 2055 1357 2102 impetus
1383 2057 1574 2091 acerrimus
1596 2057 1717 2099 fuerit,

236 2103 279 2131 ut
293 2109 356 2132 nec
377 2097 541 2133 sustineri
561 2109 663 2143 posse
679 2099 870 2141 videretur,
895 2104 1036 2135 strenue
1055 2107 1169 2136 tamen
1186 2103 1433 2149 propulsavere
1453 2104 1627 2150 Byzantii,
1645 2108 1720 2139 tum

237 2155 281 2178 ex
297 2142 456 2178 interiori
477 2156 594 2187 muro,
618 2149 688 2179 tum
708 2156 751 2180 ex
769 2145 950 2180 altioribus
970 2147 1162 2191 aedificiis3
1187 2161 1256 2183 uno
1278 2150 1384 2185 verbo
1406 2149 1633 2193 intrinsecus,
1656 2162 1719 2184 ex—

235 2190 425 2232 trinsecum
448 2202 492 2226 ex
509 2191 594 2237 ipsis
606 2203 774 2226 murorum
786 2192 911 2237 pinnis,
924 2195 1048 2239 quibus
1062 2195 1142 2230 mali
1160 2197 1344 2243 scalaeque
1356 2196 1554 2231 Latinorum
1572 2209 1720 2243 superne

234 2236 500 2283 impendebant3
525 2238 612 2273 adeo
636 2243 676 2273 ut
697 2239 836 2274 heroica
860 2241 1029 2285 quaedam
1050 2253 1168 2288 pugna
1192 2243 1379 2287 existeret,
1403 2255 1480 2278 cum
1498 2243 1661 2290 utrinque
1681 2244 1719 2278 in

237 2295 290 2326 os,
315 2285 483 2318 consertis
499 2284 666 2327 manibus,
691 2290 727 2320 et
745 2286 902 2330 neglecta
922 2299 1066 2333 prorsus
1084 2289 1206 2324 salutis
1224 2302 1309 2325 cura
1330 2294 1558 2337 pugnaretur.
1598 2293 1648 2325 Ac
1664 2290 1718 2325 vi-

236 2330 324 2365 dere
342 2336 419 2365 erat
436 2331 573 2366 nivibus
592 2331 744 2366 hibernis
762 2344 876 2378 parem
894 2333 1045 2380 lapidum
1060 2336 1278 2383 telorumque
1293 2337 1363 2372 vim
1379 2349 1484 2372 ruere
1501 2337 1538 2371 in
1552 2336 1637 2372 illud
1649 2338 1720 2372 La-

237 2377 386 2411 tinorum
411 2389 532 2422 agmen
552 2377 718 2420 effusam,
742 2385 779 2414 et
796 2381 938 2414 crebros
958 2381 994 2416 in
1011 2394 1050 2417 se
1071 2382 1219 2418 invicem
1240 2383 1387 2426 cadere,
1411 2389 1448 2418 et
1467 2395 1509 2418 ex
1528 2383 1605 2418 aliis
1630 2383 1718 2418 alios

235 2423 392 2458 vicissim
419 2424 506 2459 ferri
532 2424 660 2470 agique
679 2425 866 2461 identidem
892 2439 955 2473 pro
977 2428 1068 2463 vivis
1093 2435 1265 2473 mortuos,
1290 2442 1331 2465 ac
1347 2442 1413 2477 pro
1431 2430 1573 2466 mortuis
1595 2430 1719 2465 vivos:

237 2469 379 2516 clypeos
401 2475 517 2506 autem
540 2477 578 2507 et
594 2471 753 2517 longiora
776 2478 875 2508 scuta
900 2475 1045 2510 subinde
1072 2477 1246 2522 confringi
1267 2478 1469 2523 conterique
1485 2488 1507 2511 a
1522 2476 1718 2522 Byzantiis,

238 2520 400 2562 tanquam
417 2517 514 2563 figuli
531 2529 627 2554 vasa.
670 2518 877 2566 Quicunque
893 2527 912 2555 e
925 2522 1058 2559 Latinis
1077 2524 1191 2558 adhuc
1210 2525 1361 2567 stabant,
1377 2535 1494 2559 eorum
1509 2524 1607 2566 alius,
1621 2528 1720 2570 post·

238 2574 342 2608 quam
362 2563 495 2610 lapsum
516 2564 677 2600 alicunde
702 2565 833 2600 socium
854 2568 1071 2613 arripuerat,
1097 2575 1134 2605 et
1152 2570 1325 2615 paululum
1347 2571 1392 2606 de
1415 2570 1526 2606 medio
1548 2574 1719 2613 traxerat,

239 2610 358 2644 statim
375 2614 412 2645 et
431 2610 518 2657 ipae
529 2611 693 2658 delapsus
710 2623 751 2647 eo
771 2613 909 2658 egebat,
927 2626 948 2649 a
961 2627 1028 2661 quo
1047 2617 1264 2659 traheretur3
1290 2617 1377 2652 alius
1392 2617 1529 2652 iamiam
1546 2622 1720 2652 tracturus

238 2656 398 2691 tabulato
419 2657 652 2704 affligebatur,
677 2670 875 2705 pronusque
890 2660 927 2695 in
944 2673 1040 2705 eum,
1062 2674 1165 2709 quem
1183 2664 1323 2698 trahere
1339 2668 1493 2711 pararet,
1517 2665 1719 2699 corruebat:

238 2702 327 2736 alius
347 2702 508 2750 denique,
531 2716 607 2740 cum
624 2705 811 2740 restitisset
828 2707 1014 2753 paulisper,
1030 2709 1118 2744 nihil
1129 2709 1219 2755 quod
1232 2716 1388 2757 cuperet,
1411 2710 1547 2757 quodve
1563 2710 1721 2745 obtinere

238 2749 436 2792 festinaret,
453 2752 727 2798 assequebatur3
750 2752 838 2787 nihil
857 2754 949 2800 quod
964 2760 1179 2801 praesentem
1191 2762 1332 2791 mortem
1344 2758 1503 2803 afferret,k
1509 2757 1698 2802 effugiebat
1709 2768 1720 2790 ε

238 2801 385 2842 eratque
396 2797 489 2832 illius
502 2810 640 2845 pugnae
656 2798 756 2834 varia
767 2809 809 2833 ac
826 2800 1006 2848 multiplex
1023 2803 1132 2838 forma
1143 2815 1154 2837 ι
1178 2814 1302 2849 magna
1311 2804 1473 2850 utrinque
1487 2803 1720 2845 contentione,

239 2853 365 2890 magno
390 2843 502 2880 auimo
528 2846 748 2891 certabam-3
770 2856 839 2883 uon
854 2848 925 2884 utri
945 2848 1035 2885 salvi
1051 2849 1262 2894 evaderent,
1285 2850 1348 2886 sed
1367 2851 1438 2889 utri
1458 2861 1522 2899 pro
1538 2850 1643 2887 laude
1659 2861 1719 2886 oc-
