1754 3164
197 106 220 152 1
228 107 290 154 29
297 107 326 153 8
714 111 1188 159 ANNOTATIONES.

193 234 244 259 ac
261 216 459 258 laudabili
479 218 705 258 curiositate
726 218 822 257 Divi
844 219 1004 259 Domini
1026 222 1152 260 nostri
1173 232 1207 260 et
1229 222 1478 275 imperatoris
1497 223 1615 262 Dom.
1635 221 1725 262 Ioa-

194 275 309 330 saphi
340 274 605 315 Catuacuzeni
621 277 903 329 perquisitum,
934 279 1051 318 unico
1080 278 1301 332 eoeemplari
1330 290 1500 331 reperto,
1531 294 1650 335 eoque
1675 279 1726 320 ob

194 343 418 371 vetustatem
444 331 657 372 admodum
687 344 894 387 corrupto,
926 350 975 374 ac
991 346 1189 388 praeterea
1211 335 1368 374 librarii
1398 338 1521 389 ipsius
1539 339 1727 390 ignoran-

195 393 249 428 st'fl
273 389 499 442 [lepfflvalos
531 392 570 428 in
596 407 706 428 usum
728 406 857 428 eorum
874 394 942 446 qui
963 391 1101 432 lecturi
1117 404 1205 431 sunt
1225 395 1503 446 transcriptum
1525 405 1593 444 est,
1623 411 1727 435 anno

194 446 333 485 mundi
366 445 442 486 VI.
467 445 884 490 MDCCCLXXVI.
919 465 1045 488 mense
1066 452 1240 501 Martio,
1272 449 1417 490 Indict.
1444 451 1519 491 VI.
1560 448 1728 506 (Christi

194 502 590 557 MGGCLXVIII.)
653 506 777 544 Vetus
800 509 1027 559 exemplar,
1059 522 1109 546 ex
1132 522 1211 558 quo
1233 508 1534 548 Cantacuzenus
1555 509 1728 548 describi

195 575 311 600 suum
339 561 519 612 curavit,
548 563 679 615 ipsum
710 577 870 615 quoque
892 571 1023 603 exstat
1052 565 1093 603 in
1119 565 1365 604 Bibliotheca
1389 566 1529 617 Regia,
1561 573 1601 605 et
1621 566 1727 605 hanc

194 619 499 672 inscriptionem
539 603 736 672 praefert:
792 624 867 662 TO
882 626 919 662 Y
950 627 1005 663 M
1018 627 1050 662 A
1063 626 1100 663 K
1112 628 1147 663 A
1163 626 1270 664 PIO
1286 626 1322 663 Y
1363 626 1397 664 Θ
1410 627 1447 663 Ε
1460 626 1540 664 ΟΔ
1552 626 1594 664 Ω
1610 627 1682 665 ΡΟ
1698 628 1735 664 ‘I‘

194 680 284 717 AA
314 706 512 717 .........
533 683 569 718 Υ
602 681 1031 720 ΘΕΟΦΑΝΟΥΣ
1068 684 1239 721 ΠΕΡΙ
1278 684 1405 721 ΤΗΣ
1430 683 1727 722 ΑΜΩΜΗ-

201 737 322 775 ΤΟΤ
348 737 471 774 ΚΑΙ
495 739 725 777 ΚΑΘΑΡ
734 765 1005 778 ............
1048 741 1370 779 ΠΙΣΤΕΩΣ
1397 742 1523 779 ΚΑΙ
1548 742 1727 779 ΚΑΤΑ

201 794 342 832 ΤΩΝ
376 792 861 836 ΔΟΞΑΖΟΝΤΩΝ
884 823 1095 837 .........
1128 799 1728 838 ΠΡΟΣΚΕΚῬΝΗΚΕ-

196 852 328 890 ΝΑΙ.
384 850 441 888 Ea
471 851 631 890 Codicis
659 853 883 904 pervetusti
907 853 1170 905 inscriptione
1198 854 1389 906 deceptus
1413 855 1727 905 Cantacuzenus,

195 907 398 946 Theodori
421 909 563 961 Grapti
585 910 708 948 libros
732 924 797 948 eos
820 925 904 950 esse
925 911 1109 960 credidit,
1141 912 1212 962 qui
1235 911 1454 964 Nicephori
1477 911 1728 964 patriarchae

196 971 326 1003 erant:
364 968 620 1018 manavitque
639 982 682 1007 ea
705 967 841 1019 opinio
863 969 914 1007 ad
943 983 1078 1007 omnes
1097 969 1207 1007 illius
1231 970 1382 1008 saeculi
1402 970 1592 1008 eruditos.
1626 970 1728 1007 Nam

197 1031 237 1060 et
256 1023 493 1073 Palamitae,
523 1025 627 1063 inter
647 1039 747 1077 quos
770 1026 994 1065 eminebant
1017 1027 1316 1066 Cantacuzenus
1338 1028 1445 1079 ipse,
1478 1026 1730 1065 Philotheus-

198 1094 275 1132 que
301 1081 550 1132 patriarclia3
583 1090 623 1121 et
651 1084 930 1122 Palamitarum
964 1085 1181 1123 adversarii
1207 1086 1424 1136 Gregoras‚
1457 1084 1730 1136 Cyparissiota

199 1138 316 1190 (cod.
343 1140 438 1189 Reg.
469 1140 592 1182 2408.
622 1142 692 1179 sol.
727 1142 818 1184 105.
854 1142 945 1184 154.
973 1143 1067 1184 175.
1103 1144 1196 1185 195.
1226 1146 1318 1185 196.
1348 1146 1442 1184 199.
1473 1145 1569 1184 263.
1597 1143 1728 1193 375),

198 1202 237 1234 et
259 1196 339 1245 atii,
371 1197 504 1248 Opera
524 1211 566 1235 ea
589 1198 790 1237 Theodori
811 1200 954 1251 Grapti
982 1201 1149 1250 genuina
1173 1214 1257 1239 esse
1277 1214 1358 1238 uno
1383 1214 1519 1238 omnes
1542 1213 1610 1238 ore
1633 1214 1729 1252 pro-

196 1254 447 1294 nuntiarunt.
508 1255 714 1294 Caeterum
738 1257 1061 1307 Cantacuzenus,
1090 1264 1127 1295 et
1152 1258 1325 1306 caeteri,
1356 1258 1390 1295 si
1410 1257 1629 1309 praefixum
1652 1270 1729 1295 ve-

198 1312 414 1350 tustissimo
429 1314 647 1364 exemplari
670 1315 828 1352 titulum
851 1315 1019 1367 propius
1031 1315 1591 1367 attentiusqueinspexissent,
1623 1328 1729 1353 com-

198 1369 357 1407 missam
381 1370 421 1407 in
451 1384 493 1407 ea
527 1379 638 1421 parte
669 1372 848 1410 fraudem
876 1373 1008 1411 statim
1033 1372 1429 1423 animadvertissent3
1460 1372 1628 1424 primam
1648 1373 1729 1410 sci-

199 1427 293 1465 licet
312 1426 435 1464 Tituli
463 1427 629 1478 lineam,
661 1430 703 1467 in
734 1443 813 1481 qua
842 1429 1043 1468 Theodori
1071 1444 1215 1468 nomen
1233 1436 1487 1479 occurreret,
1517 1444 1639 1469 manu
1662 1444 1729 1469 re-

200 1484 369 1523 centiori
398 1491 598 1525 exaratam
619 1501 714 1527 esse.
774 1487 848 1525 Cui
878 1488 937 1526 rei
966 1494 1196 1539 argumento
1233 1494 1292 1526 est
1323 1488 1494 1540 primum
1511 1487 1598 1539 ipsa
1620 1488 1729 1541 posi-

198 1543 256 1580 tio
288 1543 397 1581 illius
428 1542 580 1582 lineae:
625 1551 684 1583 est
712 1545 815 1584 enim
850 1546 968 1584 altior
997 1560 1116 1598 quam
1140 1559 1241 1597 quae
1272 1546 1331 1584 illi
1362 1545 1402 1584 in
1432 1545 1607 1584 eiusdem
1640 1546 1729 1583 folii

198 1600 304 1638 versi
335 1607 449 1651 tergo
483 1603 726 1654 respondet;
775 1602 903 1654 eoque
930 1603 974 1642 fit
1008 1610 1052 1642 ut
1085 1604 1212 1656 prima
1242 1603 1388 1656 pagina
1419 1603 1728 1654 subsequentem

199 1664 459 1709 caeterasque
492 1673 626 1698 omnes
648 1674 729 1698 uno
755 1674 878 1699 versu
898 1660 1090 1710 excedat,
1121 1661 1230 1713 quod
1252 1661 1361 1713 apud
1380 1660 1565 1699 librarios
1583 1662 1727 1700 vitium

199 1721 282 1765 est,
315 1717 536 1767 scripturae
567 1725 777 1757 accuratae
802 1718 956 1770 legibus
986 1719 1243 1760 contrarium.
1302 1718 1454 1758 Deinde
1478 1732 1618 1757 versus
1645 1719 1727 1769 ille,

198 1773 241 1811 in
265 1787 344 1825 quo
370 1773 572 1814 Theodori
591 1790 738 1814 nomen
757 1777 923 1826 legitur,
953 1791 1034 1815 non
1057 1777 1193 1815 eodem
1211 1776 1385 1828 scriptus
1411 1782 1471 1814 est
1493 1782 1728 1826 atramento,

200 1844 281 1882 quo
310 1832 458 1870 caeteri
484 1833 552 1883 qui
574 1834 750 1886 proximi
770 1841 1004 1886 sequuntur.
1057 1834 1232 1885 Denique
1256 1834 1345 1886 ipsa
1365 1834 1587 1887 scripturae
1605 1834 1729 1872 linea..

199 1896 331 1926 menta
352 1889 509 1928 diversa
529 1898 640 1942 sunt,
676 1898 720 1929 ut
741 1905 896 1929 mecum
917 1892 1108 1930 fatebitur
1127 1892 1309 1943 quisquis
1329 1892 1482 1930 litteras
1499 1891 1729 1940 contulerit,

199 1948 432 1997 praesertim
452 1951 511 1998 E,
547 1951 603 1999 Θ,
634 1953 707 1999 M,
740 1956 779 1988 et
804 1952 857 1998 Y,
889 1963 1059 2001 quarum
1090 1951 1257 1988 formam
1284 1950 1401 1987 aliam
1424 1963 1508 1988 esse
1528 1949 1567 1986 in
1594 1950 1728 2001 primo

199 2016 343 2053 verm,
384 2004 498 2043 aliam
539 2007 579 2044 in
616 2007 793 2044 secundo
822 2013 861 2044 et
883 2009 1021 2054 tertio,
1060 2007 1176 2046 facile
1200 2007 1287 2046 erit
1324 2006 1452 2045 cuivis
1483 2007 1726 2060 perspicere.

201 2061 344 2100 Eiusce
367 2062 554 2102 facinoris
577 2070 779 2102 auctorem
801 2065 993 2117 suspicari
1017 2065 1113 2104 licet
1132 2065 1199 2103 vel
1220 2065 1442 2114 Palamam,
1474 2063 1539 2103 vel
1563 2064 1730 2102 Palami-

201 2124 283 2156 tam
308 2119 502 2171 aliquem,
534 2135 656 2173 penes
679 2135 795 2173 quem
818 2123 992 2162 fueritis
1027 2123 1188 2171 Codex,
1219 2129 1431 2174 antequam
1451 2122 1500 2160 ad
1526 2122 1731 2160 Cantacu-

202 2183 347 2214 zenam
371 2179 645 2229 pervenisset:
675 2193 748 2218 nec
781 2179 884 2218 enim
914 2182 1233 2220 Cantacuzenum
1250 2181 1382 2233 ipsum
1410 2179 1536 2218 ausim
1554 2179 1642 2217 falsi
1665 2180 1731 2217 in·-

203 2234 401 2275 simulare.
464 2236 661 2287 Gregoras
685 2237 885 2276 Historiae
910 2239 981 2279 lib.
1002 2239 1112 2277 XXI.
1140 2238 1243 2276 infra
1264 2252 1349 2290 cap.
1374 2237 1441 2275 III.
1483 2238 1598 2284 (sect.
1621 2237 1728 2275 VIII.

203 2292 298 2330 vide
320 2298 357 2330 et
374 2292 445 2332 lib.
471 2295 616 2333 XXIII.
637 2309 725 2347 pag.
747 2298 841 2338 676.
861 2297 906 2335 E.
928 2303 967 2335 et
986 2300 1084 2338 677.
1105 2297 1171 2346 A.)
1202 2294 1578 2343 eiusmodifraudes,
1607 2295 1730 2332 immo

203 2350 374 2387 maiores
395 2350 533 2389 obiicit
556 2352 769 2394 Palamitis.
833 2353 967 2408 Neque
987 2354 1087 2392 enim
1106 2353 1147 2392 in
1170 2367 1241 2391 nos
1262 2349 1367 2390 solos
1391 2349 1557 2406 (inquit)
1589 2366 1730 2389 manus

203 2408 235 2445 ii
255 2417 413 2446 armant
439 2410 741 2462 sanguinarias‚·
770 2410 838 2449 sed
866 2427 918 2450 ex
946 2411 1041 2464 ipsis
1063 2410 1190 2449 sacris
1212 2407 1325 2448 libris
1349 2410 1473 2448 recisa
1502 2406 1630 2447 multa
1651 2423 1730 2446 au-

192 2463 360 2520 ferunt,
379 2463 494 2518 folia
516 2464 723 2505 chartacea
755 2467 848 2507 bina
879 2478 913 2506 et
933 2478 1120 2522 quaterna
1145 2468 1273 2505 acutis
1301 2464 1440 2504 cultris
1459 2463 1660 2509 desecant,
1694 2474 1731 2502 et

204 2536 260 2559 σω
277 2520 422 2560 divinis
441 2524 645 2576 scripturis
662 2539 706 2562 ea
725 2524 912 2570 avellunt,
942 2540 1041 2578 quae
1062 2521 1239 2562 validum
1252 2532 1287 2560 et
1305 2533 1535 2576 eae-pugnam
1561 2520 1731 2575 difficile

204 2577 325 2616 robur
358 2581 618 2632 opponenda,
665 2580 720 2618 ad
748 2598 859 2621 suum
886 2581 1041 2620 libitum
1075 2581 1221 2634 iniquis
1253 2578 1638 2634 interpretationibus
1664 2577 1731 2616 cle-

204 2645 382 2688 iorquere
410 2652 488 2676 non
507 2648 681 2691 possunt.
740 2641 866 2678 Porro
890 2640 1079 2678 intererat
1099 2637 1401 2686 Palamitarum,
1433 2643 1478 2676 ut
1502 2637 1615 2675 libris
1635 2637 1730 2683 illis,

205 2693 350 2743 quibus
376 2695 502 2733 multa
535 2695 832 2736 continerentur
864 2711 1003 2737 eorum
1037 2695 1238 2735 erroribus
1266 2695 1489 2743 contraria,
1528 2692 1729 2733 Theodori

204 2751 349 2802 Grapti
367 2753 501 2805 Potius
521 2767 640 2805 quam
662 2753 875 2806 Nicephori
897 2753 1166 2807 (patriarchae
1184 2752 1376 2791 videlicet
1396 2750 1731 2802 Constantinopo-

205 2806 332 2861 litani)
362 2824 507 2850 nomen
527 2810 825 2851 inscriberetur.
884 2812 1005 2852 Initio
1027 2817 1133 2851 certe
1162 2809 1397 2849 Theodorus
1419 2810 1593 2862 Graptus
1614 2807 1731 2861 parvi
