<?xml version="1.0" encoding="UTF-8"?>
<!DOCTYPE html PUBLIC "-//W3C//DTD XHTML 1.0 Transitional//EN"
    "http://www.w3.org/TR/xhtml1/DTD/xhtml1-transitional.dtd">
<html xmlns="http://www.w3.org/1999/xhtml" xml:lang="en" lang="en">
 <head>
  <title>
</title>
<meta http-equiv="Content-Type" content="text/html;charset=utf-8" />
  <meta name='ocr-system' content='tesseract 3.04.00' />
  <meta name='ocr-capabilities' content='ocr_page ocr_carea ocr_par ocr_line ocrx_word'/>
</head>
<body>
  <div class='ocr_page' id='page_1' title='image "./corpusscriptorum39niebuoft_0774.png"; bbox 0 0 1754 3164; ppageno 0'>
   <div class='ocr_carea' id='block_1_1' title="bbox 190 144 322 191">
    <p class='ocr_par' dir='ltr' id='par_1_1' title="bbox 190 144 322 191">
     <span class='ocr_line' id='line_1_1' title="bbox 190 144 322 191; baseline 0.008 -1"><span class='ocrx_word' id='word_1_1' title='bbox 190 144 322 191; x_wconf 83' lang='grc'>1332</span> 
     </span>
    </p>
   </div>
   <div class='ocr_carea' id='block_1_2' title="bbox 184 253 945 2873">
    <p class='ocr_par' dir='ltr' id='par_1_2' title="bbox 185 253 939 394">
     <span class='ocr_line' id='line_1_2' title="bbox 231 253 939 299; baseline 0.003 -9"><span class='ocrx_word' id='word_1_2' title='bbox 231 254 297 290; x_wconf 90' lang='lat' dir='ltr'>lem</span> <span class='ocrx_word' id='word_1_3' title='bbox 326 254 514 290; x_wconf 86' lang='lat' dir='ltr'>Andronici</span> <span class='ocrx_word' id='word_1_4' title='bbox 542 253 690 289; x_wconf 83' lang='lat' dir='ltr'>senioris</span> <span class='ocrx_word' id='word_1_5' title='bbox 720 254 829 290; x_wconf 83' lang='lat' dir='ltr'>filium</span> <span class='ocrx_word' id='word_1_6' title='bbox 858 257 939 299; x_wconf 86' lang='lat'><strong>193,</strong></span> 
     </span>
     <span class='ocr_line' id='line_1_3' title="bbox 234 301 866 347; baseline 0.002 -10"><span class='ocrx_word' id='word_1_7' title='bbox 234 304 289 338; x_wconf 91' lang='grc'>18.</span> <span class='ocrx_word' id='word_1_8' title='bbox 314 303 549 337; x_wconf 83' lang='lat' dir='ltr'>Armeniorum</span> <span class='ocrx_word' id='word_1_9' title='bbox 566 301 688 347; x_wconf 80' lang='lat' dir='ltr'>religio</span> <span class='ocrx_word' id='word_1_10' title='bbox 707 303 788 344; x_wconf 89' lang='lat'><strong>623,</strong></span> <span class='ocrx_word' id='word_1_11' title='bbox 811 304 866 338; x_wconf 89' lang='lat'>12.</span> 
     </span>
     <span class='ocr_line' id='line_1_4' title="bbox 185 346 939 394; baseline 0.001 -10"><span class='ocrx_word' id='word_1_12' title='bbox 185 346 390 384; x_wconf 75' lang='lat' dir='ltr'>Arseniatae</span> <span class='ocrx_word' id='word_1_13' title='bbox 413 350 493 391; x_wconf 84' lang='lat'><strong>128,</strong></span> <span class='ocrx_word' id='word_1_14' title='bbox 518 349 551 384; x_wconf 92' lang='grc'>7.</span> <span class='ocrx_word' id='word_1_15' title='bbox 578 349 754 394; x_wconf 84' lang='lat' dir='ltr'>postulant</span> <span class='ocrx_word' id='word_1_16' title='bbox 774 355 815 384; x_wconf 88' lang='lat' dir='ltr'>ut</span> <span class='ocrx_word' id='word_1_17' title='bbox 835 352 939 385; x_wconf 83' lang='lat' dir='ltr'>Arse·-</span> 
     </span>
    </p>

    <p class='ocr_par' dir='ltr' id='par_1_3' title="bbox 184 394 942 1883">
     <span class='ocr_line' id='line_1_5' title="bbox 231 394 939 439; baseline 0.004 -9"><span class='ocrx_word' id='word_1_18' title='bbox 231 396 281 430; x_wconf 87' lang='lat' dir='ltr'>nii</span> <span class='ocrx_word' id='word_1_19' title='bbox 306 406 431 439; x_wconf 87' lang='lat' dir='ltr'>corpus</span> <span class='ocrx_word' id='word_1_20' title='bbox 451 394 485 428; x_wconf 89' lang='lat' dir='ltr'>in</span> <span class='ocrx_word' id='word_1_21' title='bbox 514 396 632 430; x_wconf 88' lang='lat' dir='ltr'>urbem</span> <span class='ocrx_word' id='word_1_22' title='bbox 660 396 834 431; x_wconf 76' lang='lat' dir='ltr'>referatur</span> <span class='ocrx_word' id='word_1_23' title='bbox 859 398 939 439; x_wconf 91' lang='grc'>167,</span> 
     </span>
     <span class='ocr_line' id='line_1_6' title="bbox 230 442 939 487; baseline 0.001 -10"><span class='ocrx_word' id='word_1_24' title='bbox 230 445 264 478; x_wconf 92' lang='lat'>7.</span> <span class='ocrx_word' id='word_1_25' title='bbox 290 443 334 476; x_wconf 92' lang='lat' dir='ltr'>ob</span> <span class='ocrx_word' id='word_1_26' title='bbox 363 442 473 476; x_wconf 88' lang='lat' dir='ltr'>inanis</span> <span class='ocrx_word' id='word_1_27' title='bbox 492 442 627 487; x_wconf 82' lang='lat' dir='ltr'>gloriae</span> <span class='ocrx_word' id='word_1_28' title='bbox 651 443 799 478; x_wconf 87' lang='lat' dir='ltr'>studium</span> <span class='ocrx_word' id='word_1_29' title='bbox 826 443 939 479; x_wconf 80' lang='lat' dir='ltr'>avulsi</span> 
     </span>
     <span class='ocr_line' id='line_1_7' title="bbox 230 488 938 531; baseline 0.001 -7"><span class='ocrx_word' id='word_1_30' title='bbox 230 489 275 524; x_wconf 88' lang='lat' dir='ltr'>ab</span> <span class='ocrx_word' id='word_1_31' title='bbox 301 489 469 531; x_wconf 87' lang='lat' dir='ltr'>ecclesia,</span> <span class='ocrx_word' id='word_1_32' title='bbox 502 488 546 523; x_wconf 87' lang='lat' dir='ltr'>ad</span> <span class='ocrx_word' id='word_1_33' title='bbox 577 490 842 524; x_wconf 88' lang='lat' dir='ltr'>communionem</span> <span class='ocrx_word' id='word_1_34' title='bbox 874 490 938 525; x_wconf 83' lang='lat' dir='ltr'>ad-</span> 
     </span>
     <span class='ocr_line' id='line_1_8' title="bbox 230 535 935 583; baseline 0.003 -13"><span class='ocrx_word' id='word_1_35' title='bbox 230 535 413 570; x_wconf 85' lang='lat' dir='ltr'>mittuntur</span> <span class='ocrx_word' id='word_1_36' title='bbox 451 547 471 570; x_wconf 82' lang='lat' dir='ltr'>a</span> <span class='ocrx_word' id='word_1_37' title='bbox 510 537 710 581; x_wconf 78' lang='lat' dir='ltr'>patriarcha</span> <span class='ocrx_word' id='word_1_38' title='bbox 747 536 935 583; x_wconf 83' lang='lat' dir='ltr'>Niphone=</span> 
     </span>
     <span class='ocr_line' id='line_1_9' title="bbox 230 584 939 672; baseline 0.003 -8"><span class='ocrx_word' id='word_1_39' title='bbox 230 593 349 664; x_wconf 53' lang='lat' dir='ltr'>{31¹1ss</span> <span class='ocrx_word' id='word_1_40' title='bbox 360 584 939 672; x_wconf 50' lang='lat' dir='ltr'>.E1?‡;532”52„0².{¹5.31{z3353?ss</span> 
     </span>
     <span class='ocr_line' id='line_1_10' title="bbox 184 675 940 722; baseline 0.001 -11"><span class='ocrx_word' id='word_1_41' title='bbox 184 675 350 711; x_wconf 87' lang='lat' dir='ltr'>Arsenius</span> <span class='ocrx_word' id='word_1_42' title='bbox 370 676 513 721; x_wconf 86' lang='lat' dir='ltr'>eligitur</span> <span class='ocrx_word' id='word_1_43' title='bbox 528 677 744 722; x_wconf 82' lang='lat' dir='ltr'>patriarcha:</span> <span class='ocrx_word' id='word_1_44' title='bbox 770 677 844 712; x_wconf 89' lang='lat' dir='ltr'>eius</span> <span class='ocrx_word' id='word_1_45' title='bbox 868 679 940 712; x_wconf 88' lang='lat' dir='ltr'>elo-</span> 
     </span>
     <span class='ocr_line' id='line_1_11' title="bbox 229 722 941 766; baseline 0.004 -10"><span class='ocrx_word' id='word_1_46' title='bbox 229 722 320 766; x_wconf 75' lang='lat' dir='ltr'>gium</span> <span class='ocrx_word' id='word_1_47' title='bbox 339 723 397 764; x_wconf 89' lang='lat'>55,</span> <span class='ocrx_word' id='word_1_48' title='bbox 419 722 475 759; x_wconf 83' lang='grc'>14.</span> <span class='ocrx_word' id='word_1_49' title='bbox 501 728 598 758; x_wconf 90' lang='lat' dir='ltr'>tutor</span> <span class='ocrx_word' id='word_1_50' title='bbox 611 728 818 759; x_wconf 78' lang='lat' dir='ltr'>testamento</span> <span class='ocrx_word' id='word_1_51' title='bbox 838 724 941 759; x_wconf 82' lang='lat' dir='ltr'>datur</span> 
     </span>
     <span class='ocr_line' id='line_1_12' title="bbox 232 769 941 817; baseline 0.004 -14"><span class='ocrx_word' id='word_1_52' title='bbox 232 769 348 803; x_wconf 86' lang='lat' dir='ltr'>loanni</span> <span class='ocrx_word' id='word_1_53' title='bbox 375 770 518 805; x_wconf 86' lang='lat' dir='ltr'>Lascari</span> <span class='ocrx_word' id='word_1_54' title='bbox 545 772 602 808; x_wconf 86' lang='grc'>62.</span> <span class='ocrx_word' id='word_1_55' title='bbox 625 773 684 806; x_wconf 85' lang='grc'>20.</span> <span class='ocrx_word' id='word_1_56' title='bbox 711 771 766 804; x_wconf 91' lang='lat' dir='ltr'>vir</span> <span class='ocrx_word' id='word_1_57' title='bbox 794 771 941 817; x_wconf 80' lang='lat' dir='ltr'><strong>simplex</strong></span> 
     </span>
     <span class='ocr_line' id='line_1_13' title="bbox 231 817 940 864; baseline 0.006 -15"><span class='ocrx_word' id='word_1_58' title='bbox 231 822 267 850; x_wconf 85' lang='lat' dir='ltr'>et</span> <span class='ocrx_word' id='word_1_59' title='bbox 293 821 451 859; x_wconf 84' lang='lat' dir='ltr'>sanctus,</span> <span class='ocrx_word' id='word_1_60' title='bbox 485 817 780 853; x_wconf 80' lang='lat' dir='ltr'>administrandae</span> <span class='ocrx_word' id='word_1_61' title='bbox 805 818 940 864; x_wconf 77' lang='lat' dir='ltr'>reipub.</span> 
     </span>
     <span class='ocr_line' id='line_1_14' title="bbox 229 862 940 909; baseline 0.004 -13"><span class='ocrx_word' id='word_1_62' title='bbox 229 862 366 898; x_wconf 86' lang='lat' dir='ltr'>minime</span> <span class='ocrx_word' id='word_1_63' title='bbox 395 868 498 909; x_wconf 80' lang='lat' dir='ltr'>aptus</span> <span class='ocrx_word' id='word_1_64' title='bbox 527 866 586 907; x_wconf 87' lang='lat'>66,</span> <span class='ocrx_word' id='word_1_65' title='bbox 609 866 662 900; x_wconf 91' lang='lat'>12.</span> <span class='ocrx_word' id='word_1_66' title='bbox 688 865 775 899; x_wconf 87' lang='lat' dir='ltr'>male</span> <span class='ocrx_word' id='word_1_67' title='bbox 805 865 940 900; x_wconf 88' lang='lat' dir='ltr'>omnino</span> 
     </span>
     <span class='ocr_line' id='line_1_15' title="bbox 230 909 940 956; baseline 0.004 -13"><span class='ocrx_word' id='word_1_68' title='bbox 230 909 337 944; x_wconf 82' lang='lat' dir='ltr'>saluti</span> <span class='ocrx_word' id='word_1_69' title='bbox 357 910 480 956; x_wconf 79' lang='lat' dir='ltr'>pupilli</span> <span class='ocrx_word' id='word_1_70' title='bbox 506 911 652 946; x_wconf 88' lang='lat' dir='ltr'>consulit</span> <span class='ocrx_word' id='word_1_71' title='bbox 675 913 733 953; x_wconf 88' lang='grc'>67,</span> <span class='ocrx_word' id='word_1_72' title='bbox 750 913 807 947; x_wconf 87' lang='grc'>20.</span> <span class='ocrx_word' id='word_1_73' title='bbox 844 911 940 946; x_wconf 87' lang='lat' dir='ltr'>Fisci</span> 
     </span>
     <span class='ocr_line' id='line_1_16' title="bbox 231 957 941 1004; baseline 0.007 -14"><span class='ocrx_word' id='word_1_74' title='bbox 231 957 351 991; x_wconf 84' lang='lat' dir='ltr'>claves</span> <span class='ocrx_word' id='word_1_75' title='bbox 366 958 478 992; x_wconf 89' lang='lat' dir='ltr'>tradit</span> <span class='ocrx_word' id='word_1_76' title='bbox 496 958 702 1004; x_wconf 84' lang='lat' dir='ltr'>Palaeologo</span> <span class='ocrx_word' id='word_1_77' title='bbox 721 960 780 1001; x_wconf 87' lang='lat'>69,</span> <span class='ocrx_word' id='word_1_78' title='bbox 794 961 851 995; x_wconf 87' lang='lat'>21.</span> <span class='ocrx_word' id='word_1_79' title='bbox 867 959 941 994; x_wconf 86' lang='lat' dir='ltr'>Mi-</span> 
     </span>
     <span class='ocr_line' id='line_1_17' title="bbox 231 1003 940 1050; baseline 0.006 -13"><span class='ocrx_word' id='word_1_80' title='bbox 231 1003 382 1038; x_wconf 87' lang='lat' dir='ltr'>chaelem</span> <span class='ocrx_word' id='word_1_81' title='bbox 397 1004 640 1050; x_wconf 84' lang='lat' dir='ltr'>Palaeologum</span> <span class='ocrx_word' id='word_1_82' title='bbox 659 1005 844 1040; x_wconf 88' lang='lat' dir='ltr'>salutatum</span> <span class='ocrx_word' id='word_1_83' title='bbox 862 1018 940 1041; x_wconf 85' lang='lat' dir='ltr'>esse</span> 
     </span>
     <span class='ocr_line' id='line_1_18' title="bbox 229 1050 939 1136; baseline 0.006 -6"><span class='ocrx_word' id='word_1_84' title='bbox 229 1050 939 1136; x_wconf 48' lang='lat' dir='ltr'>{2335222231333{Ye‘assff‘ssoffisffzgff</span> 
     </span>
     <span class='ocr_line' id='line_1_19' title="bbox 231 1144 940 1191; baseline 0.004 -13"><span class='ocrx_word' id='word_1_85' title='bbox 231 1144 261 1178; x_wconf 84' lang='lat' dir='ltr'>it</span> <span class='ocrx_word' id='word_1_86' title='bbox 286 1145 353 1185; x_wconf 82' lang='lat'>88,</span> <span class='ocrx_word' id='word_1_87' title='bbox 378 1146 430 1180; x_wconf 90' lang='grc'>17.</span> <span class='ocrx_word' id='word_1_88' title='bbox 467 1145 676 1191; x_wconf 80' lang='lat' dir='ltr'>Palaeologo</span> <span class='ocrx_word' id='word_1_89' title='bbox 701 1146 810 1181; x_wconf 85' lang='lat' dir='ltr'>sacris</span> <span class='ocrx_word' id='word_1_90' title='bbox 829 1146 940 1181; x_wconf 87' lang='lat' dir='ltr'>inter—</span> 
     </span>
     <span class='ocr_line' id='line_1_20' title="bbox 231 1191 940 1238; baseline 0.004 -14"><span class='ocrx_word' id='word_1_91' title='bbox 231 1191 320 1225; x_wconf 86' lang='lat' dir='ltr'>dicit</span> <span class='ocrx_word' id='word_1_92' title='bbox 339 1192 397 1233; x_wconf 88' lang='lat'>93,</span> <span class='ocrx_word' id='word_1_93' title='bbox 420 1193 453 1227; x_wconf 85' lang='lat'><strong>8.</strong></span> <span class='ocrx_word' id='word_1_94' title='bbox 478 1192 611 1227; x_wconf 82' lang='lat' dir='ltr'>veniam</span> <span class='ocrx_word' id='word_1_95' title='bbox 631 1194 764 1238; x_wconf 87' lang='lat' dir='ltr'>petenti</span> <span class='ocrx_word' id='word_1_96' title='bbox 790 1193 940 1238; x_wconf 75' lang='lat' dir='ltr'><strong>denegat</strong></span> 
     </span>
     <span class='ocr_line' id='line_1_21' title="bbox 229 1237 939 1280; baseline 0 -6"><span class='ocrx_word' id='word_1_97' title='bbox 229 1238 290 1278; x_wconf 88' lang='lat'>93,</span> <span class='ocrx_word' id='word_1_98' title='bbox 326 1237 381 1273; x_wconf 85' lang='lat'>24.</span> <span class='ocrx_word' id='word_1_99' title='bbox 414 1244 617 1280; x_wconf 81' lang='lat' dir='ltr'>accusatus,</span> <span class='ocrx_word' id='word_1_100' title='bbox 651 1239 780 1274; x_wconf 90' lang='lat' dir='ltr'>iudicio</span> <span class='ocrx_word' id='word_1_101' title='bbox 809 1253 847 1274; x_wconf 83' lang='lat' dir='ltr'>se</span> <span class='ocrx_word' id='word_1_102' title='bbox 871 1252 939 1274; x_wconf 90' lang='lat' dir='ltr'>non</span> 
     </span>
     <span class='ocr_line' id='line_1_22' title="bbox 230 1283 941 1322; baseline 0.006 -5"><span class='ocrx_word' id='word_1_103' title='bbox 230 1283 340 1318; x_wconf 78' lang='lat' dir='ltr'>sistit:</span> <span class='ocrx_word' id='word_1_104' title='bbox 365 1285 806 1321; x_wconf 80' lang='lat' dir='ltr'>damnaturutcontumax:</span> <span class='ocrx_word' id='word_1_105' title='bbox 830 1287 941 1322; x_wconf 86' lang='lat' dir='ltr'>Prae-</span> 
     </span>
     <span class='ocr_line' id='line_1_23' title="bbox 232 1332 940 1378; baseline 0.003 -13"><span class='ocrx_word' id='word_1_106' title='bbox 232 1343 415 1366; x_wconf 85' lang='lat' dir='ltr'>connesum</span> <span class='ocrx_word' id='word_1_107' title='bbox 443 1332 652 1378; x_wconf 80' lang='lat' dir='ltr'>deportatur</span> <span class='ocrx_word' id='word_1_108' title='bbox 686 1333 744 1376; x_wconf 85' lang='lat'>94,</span> <span class='ocrx_word' id='word_1_109' title='bbox 772 1334 830 1370; x_wconf 84' lang='lat'>23.</span> <span class='ocrx_word' id='word_1_110' title='bbox 864 1333 940 1368; x_wconf 85' lang='lat' dir='ltr'>eius</span> 
     </span>
     <span class='ocr_line' id='line_1_24' title="bbox 231 1379 940 1426; baseline 0.004 -14"><span class='ocrx_word' id='word_1_111' title='bbox 231 1389 358 1422; x_wconf 84' lang='lat' dir='ltr'>corpus</span> <span class='ocrx_word' id='word_1_112' title='bbox 384 1379 422 1413; x_wconf 88' lang='lat' dir='ltr'>in</span> <span class='ocrx_word' id='word_1_113' title='bbox 441 1379 479 1413; x_wconf 90' lang='lat' dir='ltr'>S.</span> <span class='ocrx_word' id='word_1_114' title='bbox 503 1379 656 1426; x_wconf 82' lang='lat' dir='ltr'>Sophiae</span> <span class='ocrx_word' id='word_1_115' title='bbox 682 1380 809 1425; x_wconf 86' lang='lat' dir='ltr'>templo</span> <span class='ocrx_word' id='word_1_116' title='bbox 830 1380 940 1426; x_wconf 86' lang='lat' dir='ltr'>depo-</span> 
     </span>
     <span class='ocr_line' id='line_1_25' title="bbox 232 1425 940 1471; baseline 0.004 -13"><span class='ocrx_word' id='word_1_117' title='bbox 232 1425 346 1458; x_wconf 81' lang='lat' dir='ltr'>nitur:</span> <span class='ocrx_word' id='word_1_118' title='bbox 395 1437 539 1471; x_wconf 87' lang='lat' dir='ltr'>quonam</span> <span class='ocrx_word' id='word_1_119' title='bbox 575 1426 701 1461; x_wconf 86' lang='lat' dir='ltr'>deinde</span> <span class='ocrx_word' id='word_1_120' title='bbox 737 1427 940 1461; x_wconf 83' lang='lat' dir='ltr'>translatum</span> 
     </span>
     <span class='ocr_line' id='line_1_26' title="bbox 234 1471 941 1520; baseline 0.003 -14"><span class='ocrx_word' id='word_1_121' title='bbox 234 1471 313 1513; x_wconf 88' lang='lat'><strong>167,</strong></span> <span class='ocrx_word' id='word_1_122' title='bbox 339 1473 373 1507; x_wconf 90' lang='lat'>8.</span> <span class='ocrx_word' id='word_1_123' title='bbox 406 1472 574 1518; x_wconf 80' lang='lat' dir='ltr'><strong>reliquiae</strong></span> <span class='ocrx_word' id='word_1_124' title='bbox 603 1475 682 1511; x_wconf 82' lang='lat'><strong>262,</strong></span> <span class='ocrx_word' id='word_1_125' title='bbox 713 1476 743 1508; x_wconf 90' lang='lat'>1.</span> <span class='ocrx_word' id='word_1_126' title='bbox 776 1473 941 1520; x_wconf 87' lang='lat' dir='ltr'>simplici-</span> 
     </span>
     <span class='ocr_line' id='line_1_27' title="bbox 233 1519 793 1560; baseline 0.005 -8"><span class='ocrx_word' id='word_1_127' title='bbox 233 1523 289 1552; x_wconf 86' lang='lat' dir='ltr'>tas</span> <span class='ocrx_word' id='word_1_128' title='bbox 308 1519 389 1560; x_wconf 89' lang='lat'><strong>579,</strong></span> <span class='ocrx_word' id='word_1_129' title='bbox 407 1521 461 1554; x_wconf 84' lang='lat'><strong>19.</strong></span> <span class='ocrx_word' id='word_1_130' title='bbox 485 1520 644 1554; x_wconf 84' lang='lat' dir='ltr'>socordia</span> <span class='ocrx_word' id='word_1_131' title='bbox 662 1521 743 1560; x_wconf 87' lang='lat'><strong>759,</strong></span> <span class='ocrx_word' id='word_1_132' title='bbox 759 1522 793 1556; x_wconf 91' lang='lat'>7.</span> 
     </span>
     <span class='ocr_line' id='line_1_28' title="bbox 188 1565 823 1609; baseline -0.002 -8"><span class='ocrx_word' id='word_1_133' title='bbox 188 1567 398 1601; x_wconf 78' lang='lat' dir='ltr'><strong>Artaxerxes</strong></span> <span class='ocrx_word' id='word_1_134' title='bbox 417 1565 558 1601; x_wconf 82' lang='lat' dir='ltr'>Xerxae</span> <span class='ocrx_word' id='word_1_135' title='bbox 576 1567 667 1601; x_wconf 78' lang='lat' dir='ltr'>filius</span> <span class='ocrx_word' id='word_1_136' title='bbox 690 1569 772 1609; x_wconf 87' lang='lat'><strong>490,</strong></span> <span class='ocrx_word' id='word_1_137' title='bbox 790 1569 823 1603; x_wconf 89' lang='lat'>6.</span> 
     </span>
     <span class='ocr_line' id='line_1_29' title="bbox 186 1613 942 1660; baseline 0.001 -12"><span class='ocrx_word' id='word_1_138' title='bbox 186 1615 399 1648; x_wconf 81' lang='lat' dir='ltr'>Artaxerxes</span> <span class='ocrx_word' id='word_1_139' title='bbox 422 1613 603 1655; x_wconf 85' lang='lat' dir='ltr'><strong>Mnemon,</strong></span> <span class='ocrx_word' id='word_1_140' title='bbox 628 1614 737 1648; x_wconf 84' lang='lat' dir='ltr'>&#39;Darii</span> <span class='ocrx_word' id='word_1_141' title='bbox 765 1620 799 1649; x_wconf 89' lang='lat' dir='ltr'>et</span> <span class='ocrx_word' id='word_1_142' title='bbox 829 1614 942 1660; x_wconf 85' lang='lat' dir='ltr'>Pary-</span> 
     </span>
     <span class='ocr_line' id='line_1_30' title="bbox 234 1658 940 1742; baseline 0.006 -50"><span class='ocrx_word' id='word_1_143' title='bbox 234 1658 494 1742; x_wconf 57' lang='grc' dir='ltr'>εὲιὲάἰεόίὶίἰιιε,</span> <span class='ocrx_word' id='word_1_144' title='bbox 527 1660 614 1706; x_wconf 84' lang='lat' dir='ltr'>Cyri</span> <span class='ocrx_word' id='word_1_145' title='bbox 640 1661 750 1696; x_wconf 79' lang='lat' dir='ltr'>frater</span> <span class='ocrx_word' id='word_1_146' title='bbox 776 1660 855 1708; x_wconf 88' lang='lat'><strong>124,</strong></span> <span class='ocrx_word' id='word_1_147' title='bbox 887 1663 940 1699; x_wconf 88' lang='grc'>17.</span> 
     </span>
     <span class='ocr_line' id='line_1_31' title="bbox 186 1751 813 1799; baseline 0.008 -11"><span class='ocrx_word' id='word_1_148' title='bbox 186 1755 404 1788; x_wconf 82' lang='lat' dir='ltr'>Artaxerxae</span> <span class='ocrx_word' id='word_1_149' title='bbox 422 1757 635 1799; x_wconf 80' lang='lat' dir='ltr'>stratagema</span> <span class='ocrx_word' id='word_1_150' title='bbox 652 1751 732 1798; x_wconf 88' lang='lat'><strong>124,</strong></span> <span class='ocrx_word' id='word_1_151' title='bbox 756 1756 813 1792; x_wconf 86' lang='lat'>17.</span> 
     </span>
     <span class='ocr_line' id='line_1_32' title="bbox 187 1799 559 1844; baseline 0 -9"><span class='ocrx_word' id='word_1_152' title='bbox 187 1799 407 1836; x_wconf 82' lang='lat' dir='ltr'>Artemisium</span> <span class='ocrx_word' id='word_1_153' title='bbox 425 1800 505 1844; x_wconf 85' lang='lat'><strong>802,</strong></span> <span class='ocrx_word' id='word_1_154' title='bbox 526 1802 559 1837; x_wconf 85' lang='lat'>3.</span> 
     </span>
     <span class='ocr_line' id='line_1_33' title="bbox 187 1850 292 1883; baseline 0 -1"><span class='ocrx_word' id='word_1_155' title='bbox 187 1850 292 1883; x_wconf 86' lang='lat' dir='ltr'>Asan.</span> 
     </span>
    </p>

    <p class='ocr_par' dir='ltr' id='par_1_4' title="bbox 233 1893 944 2171">
     <span class='ocr_line' id='line_1_34' title="bbox 281 1893 941 1939; baseline 0.006 -12"><span class='ocrx_word' id='word_1_156' title='bbox 281 1893 499 1929; x_wconf 72' lang='lat' dir='ltr'>Andronicus</span> <span class='ocrx_word' id='word_1_157' title='bbox 525 1894 843 1939; x_wconf 83' lang='lat' dir='ltr'>Protovestiarius,</span> <span class='ocrx_word' id='word_1_158' title='bbox 866 1895 941 1930; x_wconf 86' lang='lat' dir='ltr'>dis·</span> 
     </span>
     <span class='ocr_line' id='line_1_35' title="bbox 234 1939 943 1986; baseline 0.007 -13"><span class='ocrx_word' id='word_1_159' title='bbox 234 1939 426 1974; x_wconf 85' lang='lat' dir='ltr'>sidentibus</span> <span class='ocrx_word' id='word_1_160' title='bbox 461 1941 753 1986; x_wconf 82' lang='lat' dir='ltr'>imperatoribus,</span> <span class='ocrx_word' id='word_1_161' title='bbox 802 1954 867 1977; x_wconf 85' lang='lat' dir='ltr'>avo</span> <span class='ocrx_word' id='word_1_162' title='bbox 907 1946 943 1978; x_wconf 84' lang='lat' dir='ltr'>et</span> 
     </span>
     <span class='ocr_line' id='line_1_36' title="bbox 233 1988 944 2040; baseline 0.006 -20"><span class='ocrx_word' id='word_1_163' title='bbox 233 1990 371 2032; x_wconf 85' lang='lat' dir='ltr'>nepote,</span> <span class='ocrx_word' id='word_1_164' title='bbox 393 1988 553 2022; x_wconf 80' lang='lat' dir='ltr'>Romanis</span> <span class='ocrx_word' id='word_1_165' title='bbox 567 1989 828 2035; x_wconf 86' lang='lat' dir='ltr'>Peloponnesiis</span> <span class='ocrx_word' id='word_1_166' title='bbox 839 2001 944 2040; x_wconf 87' lang='lat' dir='ltr'>prae-</span> 
     </span>
     <span class='ocr_line' id='line_1_37' title="bbox 234 2035 941 2079; baseline 0.004 -11"><span class='ocrx_word' id='word_1_167' title='bbox 234 2038 330 2068; x_wconf 68' lang='lat' dir='ltr'>erate</span> <span class='ocrx_word' id='word_1_168' title='bbox 374 2045 395 2068; x_wconf 90' lang='lat' dir='ltr'>a</span> <span class='ocrx_word' id='word_1_169' title='bbox 421 2035 618 2079; x_wconf 79' lang='lat' dir='ltr'>Syrgianne</span> <span class='ocrx_word' id='word_1_170' title='bbox 647 2041 821 2070; x_wconf 79' lang='lat' dir='ltr'>tentatur:</span> <span class='ocrx_word' id='word_1_171' title='bbox 864 2048 941 2071; x_wconf 86' lang='lat' dir='ltr'>eum</span> 
     </span>
     <span class='ocr_line' id='line_1_38' title="bbox 234 2080 942 2126; baseline 0.01 -13"><span class='ocrx_word' id='word_1_172' title='bbox 234 2080 350 2114; x_wconf 81' lang='lat' dir='ltr'>defert</span> <span class='ocrx_word' id='word_1_173' title='bbox 370 2081 450 2123; x_wconf 97' lang='lat'><strong>362,</strong></span> <span class='ocrx_word' id='word_1_174' title='bbox 470 2083 527 2117; x_wconf 89' lang='grc'>20.</span> <span class='ocrx_word' id='word_1_175' title='bbox 563 2082 654 2117; x_wconf 86' lang='lat' dir='ltr'>Vide</span> <span class='ocrx_word' id='word_1_176' title='bbox 679 2081 760 2125; x_wconf 90' lang='lat'><strong>394,</strong></span> <span class='ocrx_word' id='word_1_177' title='bbox 779 2085 836 2120; x_wconf 85' lang='lat'>23.</span> <span class='ocrx_word' id='word_1_178' title='bbox 859 2085 942 2126; x_wconf 82' lang='lat'><strong>396,</strong></span> 
     </span>
     <span class='ocr_line' id='line_1_39' title="bbox 233 2125 814 2171; baseline 0.007 -10"><span class='ocrx_word' id='word_1_179' title='bbox 233 2128 292 2162; x_wconf 87' lang='lat'>23.</span> <span class='ocrx_word' id='word_1_180' title='bbox 315 2125 398 2168; x_wconf 88' lang='grc'>409,</span> <span class='ocrx_word' id='word_1_181' title='bbox 416 2128 474 2163; x_wconf 91' lang='grc'>20.</span> <span class='ocrx_word' id='word_1_182' title='bbox 498 2128 580 2171; x_wconf 88' lang='grc'>410,</span> <span class='ocrx_word' id='word_1_183' title='bbox 597 2131 655 2164; x_wconf 89' lang='grc'>21.</span> <span class='ocrx_word' id='word_1_184' title='bbox 679 2129 761 2171; x_wconf 87' lang='grc'>411,</span> <span class='ocrx_word' id='word_1_185' title='bbox 780 2131 814 2165; x_wconf 89' lang='grc'>7.</span> 
     </span>
    </p>

    <p class='ocr_par' dir='ltr' id='par_1_5' title="bbox 234 2172 941 2308">
     <span class='ocr_line' id='line_1_40' title="bbox 282 2172 941 2221; baseline 0.008 -15"><span class='ocrx_word' id='word_1_186' title='bbox 282 2172 530 2208; x_wconf 81' lang='lat' dir='ltr'><strong>Constantinus</strong></span> <span class='ocrx_word' id='word_1_187' title='bbox 568 2175 611 2211; x_wconf 86' lang='lat' dir='ltr'>ad</span> <span class='ocrx_word' id='word_1_188' title='bbox 645 2176 941 2221; x_wconf 83' lang='lat' dir='ltr'>Mauropotamum</span> 
     </span>
     <span class='ocr_line' id='line_1_41' title="bbox 234 2218 941 2270; baseline 0.007 -16"><span class='ocrx_word' id='word_1_189' title='bbox 234 2218 347 2254; x_wconf 86' lang='lat' dir='ltr'>victus</span> <span class='ocrx_word' id='word_1_190' title='bbox 366 2226 402 2255; x_wconf 90' lang='lat' dir='ltr'>et</span> <span class='ocrx_word' id='word_1_191' title='bbox 419 2227 540 2266; x_wconf 85' lang='lat' dir='ltr'>captus</span> <span class='ocrx_word' id='word_1_192' title='bbox 559 2235 580 2257; x_wconf 87' lang='lat' dir='ltr'>a</span> <span class='ocrx_word' id='word_1_193' title='bbox 594 2223 852 2259; x_wconf 78' lang='lat' dir='ltr'>Protostratore</span> <span class='ocrx_word' id='word_1_194' title='bbox 872 2225 941 2270; x_wconf 83' lang='lat' dir='ltr'>Sy-</span> 
     </span>
     <span class='ocr_line' id='line_1_42' title="bbox 234 2265 526 2308; baseline -0.007 -6"><span class='ocrx_word' id='word_1_195' title='bbox 234 2265 372 2302; x_wconf 88' lang='lat' dir='ltr'>nadeno</span> <span class='ocrx_word' id='word_1_196' title='bbox 392 2267 472 2308; x_wconf 91' lang='grc'>415,</span> <span class='ocrx_word' id='word_1_197' title='bbox 493 2268 526 2301; x_wconf 91' lang='grc'>8.</span> 
     </span>
    </p>

    <p class='ocr_par' dir='ltr' id='par_1_6' title="bbox 234 2313 945 2588">
     <span class='ocr_line' id='line_1_43' title="bbox 282 2313 944 2363; baseline 0.006 -16"><span class='ocrx_word' id='word_1_198' title='bbox 282 2313 427 2347; x_wconf 88' lang='lat' dir='ltr'>Ioannes</span> <span class='ocrx_word' id='word_1_199' title='bbox 452 2313 480 2346; x_wconf 90' lang='grc' dir='ltr'>Ι.</span> <span class='ocrx_word' id='word_1_200' title='bbox 511 2314 740 2360; x_wconf 81' lang='lat' dir='ltr'>Bulgarorum</span> <span class='ocrx_word' id='word_1_201' title='bbox 769 2317 944 2363; x_wconf 87' lang='lat' dir='ltr'>princeps,</span> 
     </span>
     <span class='ocr_line' id='line_1_44' title="bbox 234 2359 945 2409; baseline 0.007 -16"><span class='ocrx_word' id='word_1_202' title='bbox 234 2359 382 2394; x_wconf 89' lang='lat' dir='ltr'>Latinos</span> <span class='ocrx_word' id='word_1_203' title='bbox 399 2359 584 2406; x_wconf 82' lang='lat' dir='ltr'>profligat3</span> <span class='ocrx_word' id='word_1_204' title='bbox 619 2362 822 2398; x_wconf 87' lang='lat' dir='ltr'>Balduinum</span> <span class='ocrx_word' id='word_1_205' title='bbox 849 2364 945 2409; x_wconf 80' lang='lat' dir='ltr'><strong>capit</strong></span> 
     </span>
     <span class='ocr_line' id='line_1_45' title="bbox 237 2405 944 2448; baseline 0.006 -6"><span class='ocrx_word' id='word_1_206' title='bbox 237 2405 294 2448; x_wconf 94' lang='lat'>14,</span> <span class='ocrx_word' id='word_1_207' title='bbox 319 2406 376 2441; x_wconf 87' lang='lat'>23.</span> <span class='ocrx_word' id='word_1_208' title='bbox 419 2406 607 2442; x_wconf 78' lang='lat' dir='ltr'>Thraciam</span> <span class='ocrx_word' id='word_1_209' title='bbox 643 2414 679 2442; x_wconf 90' lang='lat' dir='ltr'>et</span> <span class='ocrx_word' id='word_1_210' title='bbox 706 2409 944 2445; x_wconf 83' lang='lat' dir='ltr'>Macedoniam</span> 
     </span>
     <span class='ocr_line' id='line_1_46' title="bbox 236 2454 943 2503; baseline 0.01 -17"><span class='ocrx_word' id='word_1_211' title='bbox 236 2457 356 2487; x_wconf 81' lang='lat' dir='ltr'>vastat</span> <span class='ocrx_word' id='word_1_212' title='bbox 377 2454 431 2495; x_wconf 89' lang='grc'>16,</span> <span class='ocrx_word' id='word_1_213' title='bbox 454 2456 509 2489; x_wconf 90' lang='grc'>10.</span> <span class='ocrx_word' id='word_1_214' title='bbox 537 2454 758 2490; x_wconf 85' lang='lat' dir='ltr'>Theodorum</span> <span class='ocrx_word' id='word_1_215' title='bbox 777 2457 943 2503; x_wconf 83' lang='lat' dir='ltr'>Angelum</span> 
     </span>
     <span class='ocr_line' id='line_1_47' title="bbox 236 2499 945 2546; baseline 0.01 -12"><span class='ocrx_word' id='word_1_216' title='bbox 236 2499 345 2534; x_wconf 88' lang='lat' dir='ltr'>vincit</span> <span class='ocrx_word' id='word_1_217' title='bbox 358 2525 368 2540; x_wconf 93' lang='lat'>,</span> <span class='ocrx_word' id='word_1_218' title='bbox 395 2499 511 2546; x_wconf 84' lang='lat' dir='ltr'>capit,</span> <span class='ocrx_word' id='word_1_219' title='bbox 537 2507 702 2537; x_wconf 86' lang='lat' dir='ltr'>excoecat</span> <span class='ocrx_word' id='word_1_220' title='bbox 719 2505 778 2546; x_wconf 87' lang='lat'><strong>28,</strong></span> <span class='ocrx_word' id='word_1_221' title='bbox 796 2506 850 2541; x_wconf 89' lang='grc'>10.</span> <span class='ocrx_word' id='word_1_222' title='bbox 871 2516 945 2540; x_wconf 92' lang='lat' dir='ltr'>mo-</span> 
     </span>
     <span class='ocr_line' id='line_1_48' title="bbox 236 2545 457 2588; baseline 0.014 -8"><span class='ocrx_word' id='word_1_223' title='bbox 236 2545 326 2580; x_wconf 88' lang='lat' dir='ltr'>ritur</span> <span class='ocrx_word' id='word_1_224' title='bbox 347 2548 405 2588; x_wconf 88' lang='grc'>60,</span> <span class='ocrx_word' id='word_1_225' title='bbox 423 2547 457 2583; x_wconf 88' lang='grc'>4.</span> 
     </span>
    </p>

    <p class='ocr_par' dir='ltr' id='par_1_7' title="bbox 236 2592 944 2873">
     <span class='ocr_line' id='line_1_49' title="bbox 284 2592 941 2642; baseline 0.008 -16"><span class='ocrx_word' id='word_1_226' title='bbox 284 2592 432 2628; x_wconf 85' lang='lat' dir='ltr'>Ioannes</span> <span class='ocrx_word' id='word_1_227' title='bbox 452 2593 497 2628; x_wconf 90' lang='lat'>11.</span> <span class='ocrx_word' id='word_1_228' title='bbox 515 2592 744 2639; x_wconf 83' lang='lat' dir='ltr'>Bulgarorum</span> <span class='ocrx_word' id='word_1_229' title='bbox 766 2595 941 2642; x_wconf 85' lang='lat' dir='ltr'>princeps,</span> 
     </span>
     <span class='ocr_line' id='line_1_50' title="bbox 237 2638 943 2683; baseline 0.006 -10"><span class='ocrx_word' id='word_1_230' title='bbox 237 2638 382 2683; x_wconf 85' lang='lat' dir='ltr'>Mytzae</span> <span class='ocrx_word' id='word_1_231' title='bbox 401 2640 511 2682; x_wconf 90' lang='lat' dir='ltr'>filius;</span> <span class='ocrx_word' id='word_1_232' title='bbox 542 2639 644 2675; x_wconf 83' lang='lat' dir='ltr'>Irene</span> <span class='ocrx_word' id='word_1_233' title='bbox 668 2641 850 2676; x_wconf 83' lang='lat' dir='ltr'>Michaelis</span> <span class='ocrx_word' id='word_1_234' title='bbox 871 2643 943 2678; x_wconf 83' lang='lat' dir='ltr'>Pa-</span> 
     </span>
     <span class='ocr_line' id='line_1_51' title="bbox 236 2684 943 2735; baseline 0.007 -16"><span class='ocrx_word' id='word_1_235' title='bbox 236 2684 386 2731; x_wconf 87' lang='lat' dir='ltr'>laeologi</span> <span class='ocrx_word' id='word_1_236' title='bbox 418 2687 493 2724; x_wconf 85' lang='lat' dir='ltr'>filia</span> <span class='ocrx_word' id='word_1_237' title='bbox 518 2686 551 2721; x_wconf 87' lang='lat' dir='ltr'>ei</span> <span class='ocrx_word' id='word_1_238' title='bbox 579 2687 832 2734; x_wconf 82' lang='lat' dir='ltr'>despondetur=</span> <span class='ocrx_word' id='word_1_239' title='bbox 865 2689 943 2735; x_wconf 87' lang='lat' dir='ltr'>ipse</span> 
     </span>
     <span class='ocr_line' id='line_1_52' title="bbox 237 2733 943 2780; baseline 0.006 -14"><span class='ocrx_word' id='word_1_240' title='bbox 237 2743 313 2766; x_wconf 87' lang='lat' dir='ltr'>cum</span> <span class='ocrx_word' id='word_1_241' title='bbox 331 2733 466 2777; x_wconf 84' lang='lat' dir='ltr'>magnis</span> <span class='ocrx_word' id='word_1_242' title='bbox 481 2733 590 2780; x_wconf 91' lang='lat' dir='ltr'>copiis</span> <span class='ocrx_word' id='word_1_243' title='bbox 607 2734 640 2768; x_wconf 93' lang='lat' dir='ltr'>in</span> <span class='ocrx_word' id='word_1_244' title='bbox 657 2734 855 2779; x_wconf 83' lang='lat' dir='ltr'>Bulgariam</span> <span class='ocrx_word' id='word_1_245' title='bbox 866 2736 943 2771; x_wconf 88' lang='lat' dir='ltr'>mit-</span> 
     </span>
     <span class='ocr_line' id='line_1_53' title="bbox 237 2778 944 2823; baseline 0.008 -11"><span class='ocrx_word' id='word_1_246' title='bbox 237 2778 324 2812; x_wconf 80' lang='lat' dir='ltr'>titur</span> <span class='ocrx_word' id='word_1_247' title='bbox 358 2780 447 2822; x_wconf 85' lang='lat'><strong>132,</strong></span> <span class='ocrx_word' id='word_1_248' title='bbox 473 2782 507 2816; x_wconf 89' lang='grc'>6.</span> <span class='ocrx_word' id='word_1_249' title='bbox 543 2781 635 2823; x_wconf 88' lang='grc'>132,</span> <span class='ocrx_word' id='word_1_250' title='bbox 677 2782 732 2818; x_wconf 90' lang='grc'>15.</span> <span class='ocrx_word' id='word_1_251' title='bbox 779 2781 944 2818; x_wconf 85' lang='lat' dir='ltr'>Lachana</span> 
     </span>
     <span class='ocr_line' id='line_1_54' title="bbox 238 2825 943 2873; baseline 0.009 -14"><span class='ocrx_word' id='word_1_252' title='bbox 238 2825 374 2862; x_wconf 81' lang='lat' dir='ltr'>sublato</span> <span class='ocrx_word' id='word_1_253' title='bbox 395 2830 540 2873; x_wconf 82' lang='lat' dir='ltr'>regnat:</span> <span class='ocrx_word' id='word_1_254' title='bbox 564 2838 717 2865; x_wconf 86' lang='lat' dir='ltr'>sororem</span> <span class='ocrx_word' id='word_1_255' title='bbox 736 2838 830 2864; x_wconf 81' lang='lat' dir='ltr'>suam</span> <span class='ocrx_word' id='word_1_256' title='bbox 850 2829 943 2865; x_wconf 88' lang='lat' dir='ltr'>Ter-</span> 
     </span>
    </p>
   </div>
   <div class='ocr_carea' id='block_1_3' title="bbox 776 154 1172 205">
    <p class='ocr_par' dir='ltr' id='par_1_8' title="bbox 776 154 1172 205">
     <span class='ocr_line' id='line_1_55' title="bbox 776 154 1172 205; baseline 0.003 -13"><span class='ocrx_word' id='word_1_257' title='bbox 776 154 827 192; x_wconf 82' lang='lat' dir='ltr'>IN</span> <span class='ocrx_word' id='word_1_258' title='bbox 836 154 940 194; x_wconf 87' lang='lat' dir='ltr'>DEX</span> <span class='ocrx_word' id='word_1_259' title='bbox 969 154 1148 194; x_wconf 74' lang='lat' dir='ltr'>RERUM</span> <span class='ocrx_word' id='word_1_260' title='bbox 1161 186 1172 205; x_wconf 91' lang='lat'>,</span> 
     </span>
    </p>
   </div>
   <div class='ocr_carea' id='block_1_4' title="bbox 984 254 1743 2872">
    <p class='ocr_par' dir='ltr' id='par_1_9' title="bbox 1032 254 1741 395">
     <span class='ocr_line' id='line_1_56' title="bbox 1032 254 1741 303; baseline -0.001 -11"><span class='ocrx_word' id='word_1_261' title='bbox 1032 256 1100 292; x_wconf 87' lang='lat' dir='ltr'>teri</span> <span class='ocrx_word' id='word_1_262' title='bbox 1128 255 1343 303; x_wconf 83' lang='lat' dir='ltr'>despondet:</span> <span class='ocrx_word' id='word_1_263' title='bbox 1372 254 1432 302; x_wconf 90' lang='lat' dir='ltr'>qui</span> <span class='ocrx_word' id='word_1_264' title='bbox 1450 255 1592 292; x_wconf 80' lang='lat' dir='ltr'>exitium</span> <span class='ocrx_word' id='word_1_265' title='bbox 1614 256 1647 292; x_wconf 91' lang='lat' dir='ltr'>ei</span> <span class='ocrx_word' id='word_1_266' title='bbox 1670 267 1741 291; x_wconf 86' lang='lat' dir='ltr'>ma-</span> 
     </span>
     <span class='ocr_line' id='line_1_57' title="bbox 1032 303 1741 349; baseline -0.001 -10"><span class='ocrx_word' id='word_1_267' title='bbox 1032 303 1211 339; x_wconf 82' lang='lat' dir='ltr'>chinatur:</span> <span class='ocrx_word' id='word_1_268' title='bbox 1237 305 1330 338; x_wconf 77' lang='lat' dir='ltr'>Asan</span> <span class='ocrx_word' id='word_1_269' title='bbox 1342 314 1451 347; x_wconf 78' lang='lat' dir='ltr'>regno</span> <span class='ocrx_word' id='word_1_270' title='bbox 1461 303 1643 349; x_wconf 79' lang='lat' dir='ltr'>spoliatus,</span> <span class='ocrx_word' id='word_1_271' title='bbox 1668 304 1741 349; x_wconf 76' lang='lat' dir='ltr'>By-</span> 
     </span>
     <span class='ocr_line' id='line_1_58' title="bbox 1032 350 1521 395; baseline -0.004 -9"><span class='ocrx_word' id='word_1_272' title='bbox 1032 351 1185 386; x_wconf 82' lang='lat' dir='ltr'>zantium</span> <span class='ocrx_word' id='word_1_273' title='bbox 1208 350 1348 395; x_wconf 78' lang='lat' dir='ltr'>aufugit</span> <span class='ocrx_word' id='word_1_274' title='bbox 1367 351 1446 390; x_wconf 85' lang='lat'><strong>132,</strong></span> <span class='ocrx_word' id='word_1_275' title='bbox 1467 351 1521 387; x_wconf 89' lang='lat'>15.</span> 
     </span>
    </p>

    <p class='ocr_par' dir='ltr' id='par_1_10' title="bbox 1032 397 1743 954">
     <span class='ocr_line' id='line_1_59' title="bbox 1078 397 1741 442; baseline -0.002 -11"><span class='ocrx_word' id='word_1_276' title='bbox 1078 397 1245 438; x_wconf 83' lang='lat' dir='ltr'>Ioannes,</span> <span class='ocrx_word' id='word_1_277' title='bbox 1280 397 1397 431; x_wconf 88' lang='lat' dir='ltr'>lrenes</span> <span class='ocrx_word' id='word_1_278' title='bbox 1418 399 1596 442; x_wconf 80' lang='lat' dir='ltr'>Augustae</span> <span class='ocrx_word' id='word_1_279' title='bbox 1618 397 1741 437; x_wconf 80' lang='lat' dir='ltr'>frater,</span> 
     </span>
     <span class='ocr_line' id='line_1_60' title="bbox 1033 443 1743 478; baseline 0 0"><span class='ocrx_word' id='word_1_280' title='bbox 1033 443 1069 478; x_wconf 91' lang='lat' dir='ltr'>in</span> <span class='ocrx_word' id='word_1_281' title='bbox 1099 443 1289 478; x_wconf 82' lang='lat' dir='ltr'>custodiam</span> <span class='ocrx_word' id='word_1_282' title='bbox 1316 443 1504 478; x_wconf 81' lang='lat' dir='ltr'>includitur</span> <span class='ocrx_word' id='word_1_283' title='bbox 1527 455 1604 478; x_wconf 90' lang='lat' dir='ltr'>cum</span> <span class='ocrx_word' id='word_1_284' title='bbox 1632 443 1743 478; x_wconf 85' lang='lat' dir='ltr'>fratre</span> 
     </span>
     <span class='ocr_line' id='line_1_61' title="bbox 1032 489 1742 534; baseline -0.001 -10"><span class='ocrx_word' id='word_1_285' title='bbox 1032 490 1197 525; x_wconf 87' lang='lat' dir='ltr'>Manuele</span> <span class='ocrx_word' id='word_1_286' title='bbox 1224 489 1315 534; x_wconf 89' lang='lat'><strong>534,</strong></span> <span class='ocrx_word' id='word_1_287' title='bbox 1343 492 1379 526; x_wconf 87' lang='grc'>2.</span> <span class='ocrx_word' id='word_1_288' title='bbox 1418 501 1559 525; x_wconf 84' lang='lat' dir='ltr'>carcere</span> <span class='ocrx_word' id='word_1_289' title='bbox 1585 489 1742 524; x_wconf 86' lang='lat' dir='ltr'>educitur</span> 
     </span>
     <span class='ocr_line' id='line_1_62' title="bbox 1033 536 1743 582; baseline -0.003 -10"><span class='ocrx_word' id='word_1_290' title='bbox 1033 536 1115 580; x_wconf 83' lang='grc'>624,</span> <span class='ocrx_word' id='word_1_291' title='bbox 1134 538 1191 574; x_wconf 89' lang='grc'>23.</span> <span class='ocrx_word' id='word_1_292' title='bbox 1223 538 1303 581; x_wconf 88' lang='grc'>626,</span> <span class='ocrx_word' id='word_1_293' title='bbox 1330 540 1361 574; x_wconf 90' lang='grc'>1.</span> <span class='ocrx_word' id='word_1_294' title='bbox 1396 548 1511 572; x_wconf 89' lang='lat' dir='ltr'>comes</span> <span class='ocrx_word' id='word_1_295' title='bbox 1534 536 1743 582; x_wconf 80' lang='lat' dir='ltr'>longinquae</span> 
     </span>
     <span class='ocr_line' id='line_1_63' title="bbox 1033 583 1741 630; baseline -0.001 -12"><span class='ocrx_word' id='word_1_296' title='bbox 1033 583 1264 630; x_wconf 85' lang='lat' dir='ltr'>expeditionis</span> <span class='ocrx_word' id='word_1_297' title='bbox 1297 596 1318 618; x_wconf 88' lang='lat' dir='ltr'>a</span> <span class='ocrx_word' id='word_1_298' title='bbox 1354 583 1596 619; x_wconf 82' lang='lat' dir='ltr'>Cantacuzeno</span> <span class='ocrx_word' id='word_1_299' title='bbox 1624 594 1741 617; x_wconf 90' lang='lat' dir='ltr'>susce-</span> 
     </span>
     <span class='ocr_line' id='line_1_64' title="bbox 1034 629 1742 677; baseline -0.001 -13"><span class='ocrx_word' id='word_1_300' title='bbox 1034 635 1116 677; x_wconf 84' lang='lat' dir='ltr'>ptae</span> <span class='ocrx_word' id='word_1_301' title='bbox 1137 633 1218 672; x_wconf 90' lang='lat'><strong>628,</strong></span> <span class='ocrx_word' id='word_1_302' title='bbox 1235 633 1270 667; x_wconf 88' lang='grc'>6.</span> <span class='ocrx_word' id='word_1_303' title='bbox 1295 631 1436 665; x_wconf 83' lang='lat' dir='ltr'>iubetur</span> <span class='ocrx_word' id='word_1_304' title='bbox 1456 629 1577 666; x_wconf 79' lang='lat' dir='ltr'>Clu-eli</span> <span class='ocrx_word' id='word_1_305' title='bbox 1598 630 1742 665; x_wconf 83' lang='lat' dir='ltr'>tradere</span> 
     </span>
     <span class='ocr_line' id='line_1_65' title="bbox 1033 677 1741 721; baseline -0.003 -9"><span class='ocrx_word' id='word_1_306' title='bbox 1033 689 1146 713; x_wconf 83' lang='lat' dir='ltr'>arcem</span> <span class='ocrx_word' id='word_1_307' title='bbox 1170 677 1335 713; x_wconf 87' lang='lat' dir='ltr'>Melenici</span> <span class='ocrx_word' id='word_1_308' title='bbox 1355 677 1435 721; x_wconf 89' lang='grc'>654,</span> <span class='ocrx_word' id='word_1_309' title='bbox 1452 678 1485 713; x_wconf 92' lang='grc'>5.</span> <span class='ocrx_word' id='word_1_310' title='bbox 1517 683 1654 711; x_wconf 84' lang='lat' dir='ltr'>creatur</span> <span class='ocrx_word' id='word_1_311' title='bbox 1677 677 1741 711; x_wconf 85' lang='lat' dir='ltr'>Se-</span> 
     </span>
     <span class='ocr_line' id='line_1_66' title="bbox 1032 724 1741 770; baseline -0.003 -11"><span class='ocrx_word' id='word_1_312' title='bbox 1032 725 1274 759; x_wconf 81' lang='lat' dir='ltr'>bastocrator:</span> <span class='ocrx_word' id='word_1_313' title='bbox 1315 724 1490 770; x_wconf 81' lang='lat' dir='ltr'>Apocauci</span> <span class='ocrx_word' id='word_1_314' title='bbox 1524 724 1629 758; x_wconf 83' lang='lat' dir='ltr'>filiam</span> <span class='ocrx_word' id='word_1_315' title='bbox 1656 735 1741 758; x_wconf 87' lang='lat' dir='ltr'>uxo-</span> 
     </span>
     <span class='ocr_line' id='line_1_67' title="bbox 1034 770 1741 815; baseline -0.003 -10"><span class='ocrx_word' id='word_1_316' title='bbox 1034 783 1106 806; x_wconf 88' lang='lat' dir='ltr'>rem</span> <span class='ocrx_word' id='word_1_317' title='bbox 1137 771 1251 806; x_wconf 86' lang='lat' dir='ltr'>ducit:</span> <span class='ocrx_word' id='word_1_318' title='bbox 1289 770 1406 806; x_wconf 85' lang='lat' dir='ltr'>socrui</span> <span class='ocrx_word' id='word_1_319' title='bbox 1433 775 1637 815; x_wconf 86' lang='lat' dir='ltr'>suspectus,</span> <span class='ocrx_word' id='word_1_320' title='bbox 1679 770 1741 804; x_wconf 88' lang='lat' dir='ltr'>do-</span> 
     </span>
     <span class='ocr_line' id='line_1_68' title="bbox 1033 817 1739 858; baseline -0.001 -6"><span class='ocrx_word' id='word_1_321' title='bbox 1033 830 1122 853; x_wconf 91' lang='lat' dir='ltr'>mum</span> <span class='ocrx_word' id='word_1_322' title='bbox 1149 830 1224 853; x_wconf 89' lang='lat' dir='ltr'>cum</span> <span class='ocrx_word' id='word_1_323' title='bbox 1246 829 1354 853; x_wconf 90' lang='lat' dir='ltr'>uxore</span> <span class='ocrx_word' id='word_1_324' title='bbox 1380 817 1568 853; x_wconf 85' lang='lat' dir='ltr'>dimittitur</span> <span class='ocrx_word' id='word_1_325' title='bbox 1594 818 1675 858; x_wconf 85' lang='lat'><strong>797,</strong></span> <span class='ocrx_word' id='word_1_326' title='bbox 1705 818 1739 852; x_wconf 90' lang='grc'>2.</span> 
     </span>
     <span class='ocr_line' id='line_1_69' title="bbox 1032 863 1741 908; baseline -0.004 -8"><span class='ocrx_word' id='word_1_327' title='bbox 1032 866 1249 901; x_wconf 80' lang='lat' dir='ltr'>Matthaeum</span> <span class='ocrx_word' id='word_1_328' title='bbox 1274 863 1508 899; x_wconf 82' lang='lat' dir='ltr'>Cantucuzeni</span> <span class='ocrx_word' id='word_1_329' title='bbox 1533 863 1614 908; x_wconf 84' lang='lat' dir='ltr'>imp.</span> <span class='ocrx_word' id='word_1_330' title='bbox 1635 863 1741 898; x_wconf 89' lang='lat' dir='ltr'>filium</span> 
     </span>
     <span class='ocr_line' id='line_1_70' title="bbox 1034 910 1688 954; baseline -0.003 -8"><span class='ocrx_word' id='word_1_331' title='bbox 1034 912 1078 947; x_wconf 83' lang='lat' dir='ltr'>ad</span> <span class='ocrx_word' id='word_1_332' title='bbox 1106 911 1336 947; x_wconf 82' lang='lat' dir='ltr'>defectionem</span> <span class='ocrx_word' id='word_1_333' title='bbox 1353 911 1512 946; x_wconf 78' lang='lat' dir='ltr'>hortatur</span> <span class='ocrx_word' id='word_1_334' title='bbox 1530 912 1610 954; x_wconf 86' lang='lat'><strong>798,</strong></span> <span class='ocrx_word' id='word_1_335' title='bbox 1634 910 1688 946; x_wconf 87' lang='lat'>18.</span> 
     </span>
    </p>

    <p class='ocr_par' dir='ltr' id='par_1_11' title="bbox 1031 958 1743 1187">
     <span class='ocr_line' id='line_1_71' title="bbox 1080 958 1742 1001; baseline -0.003 -8"><span class='ocrx_word' id='word_1_336' title='bbox 1080 958 1243 1000; x_wconf 82' lang='lat' dir='ltr'>Manuel,</span> <span class='ocrx_word' id='word_1_337' title='bbox 1284 959 1374 993; x_wconf 84' lang='lat' dir='ltr'>alter</span> <span class='ocrx_word' id='word_1_338' title='bbox 1411 958 1531 992; x_wconf 86' lang='lat' dir='ltr'>Irenes</span> <span class='ocrx_word' id='word_1_339' title='bbox 1561 959 1742 1001; x_wconf 86' lang='lat' dir='ltr'>Augustae</span> 
     </span>
     <span class='ocr_line' id='line_1_72' title="bbox 1031 1002 1742 1048; baseline -0.004 -8"><span class='ocrx_word' id='word_1_340' title='bbox 1031 1005 1164 1048; x_wconf 85' lang='lat' dir='ltr'>frater,</span> <span class='ocrx_word' id='word_1_341' title='bbox 1195 1005 1231 1040; x_wconf 88' lang='lat' dir='ltr'>in</span> <span class='ocrx_word' id='word_1_342' title='bbox 1251 1003 1443 1040; x_wconf 80' lang='lat' dir='ltr'>custodiam</span> <span class='ocrx_word' id='word_1_343' title='bbox 1472 1004 1577 1038; x_wconf 82' lang='lat' dir='ltr'>datur</span> <span class='ocrx_word' id='word_1_344' title='bbox 1597 1002 1679 1046; x_wconf 87' lang='lat'><strong>534,</strong></span> <span class='ocrx_word' id='word_1_345' title='bbox 1706 1006 1742 1039; x_wconf 87' lang='lat'>2.</span> 
     </span>
     <span class='ocr_line' id='line_1_73' title="bbox 1034 1050 1743 1096; baseline -0.003 -9"><span class='ocrx_word' id='word_1_346' title='bbox 1034 1052 1195 1087; x_wconf 86' lang='lat' dir='ltr'>educitur</span> <span class='ocrx_word' id='word_1_347' title='bbox 1213 1051 1294 1094; x_wconf 88' lang='lat'><strong>624,</strong></span> <span class='ocrx_word' id='word_1_348' title='bbox 1316 1053 1374 1088; x_wconf 88' lang='grc'>23.</span> <span class='ocrx_word' id='word_1_349' title='bbox 1407 1050 1651 1096; x_wconf 81' lang='lat' dir='ltr'>Didymoticho</span> <span class='ocrx_word' id='word_1_350' title='bbox 1667 1062 1743 1085; x_wconf 92' lang='lat' dir='ltr'>cum</span> 
     </span>
     <span class='ocr_line' id='line_1_74' title="bbox 1033 1096 1741 1145; baseline 0 -12"><span class='ocrx_word' id='word_1_351' title='bbox 1033 1111 1151 1134; x_wconf 86' lang='lat' dir='ltr'>sorore</span> <span class='ocrx_word' id='word_1_352' title='bbox 1172 1100 1331 1144; x_wconf 76' lang='lat' dir='ltr'>Augusta</span> <span class='ocrx_word' id='word_1_353' title='bbox 1347 1098 1553 1145; x_wconf 81' lang='lat' dir='ltr'>praeficitur</span> <span class='ocrx_word' id='word_1_354' title='bbox 1576 1099 1658 1140; x_wconf 90' lang='grc'>627,</span> <span class='ocrx_word' id='word_1_355' title='bbox 1687 1096 1741 1133; x_wconf 87' lang='grc'>14.</span> 
     </span>
     <span class='ocr_line' id='line_1_75' title="bbox 1034 1146 1611 1187; baseline -0.002 -6"><span class='ocrx_word' id='word_1_356' title='bbox 1034 1151 1173 1182; x_wconf 85' lang='lat' dir='ltr'>creatur</span> <span class='ocrx_word' id='word_1_357' title='bbox 1191 1147 1460 1180; x_wconf 88' lang='lat' dir='ltr'>Sebastocrator</span> <span class='ocrx_word' id='word_1_358' title='bbox 1477 1146 1558 1187; x_wconf 83' lang='lat'><strong>797,</strong></span> <span class='ocrx_word' id='word_1_359' title='bbox 1576 1147 1611 1180; x_wconf 88' lang='lat'>2.</span> 
     </span>
    </p>

    <p class='ocr_par' dir='ltr' id='par_1_12' title="bbox 1031 1191 1741 1331">
     <span class='ocr_line' id='line_1_76' title="bbox 1079 1191 1741 1235; baseline -0.003 -8"><span class='ocrx_word' id='word_1_360' title='bbox 1079 1192 1232 1228; x_wconf 88' lang='lat' dir='ltr'>Michael</span> <span class='ocrx_word' id='word_1_361' title='bbox 1243 1191 1325 1235; x_wconf 87' lang='lat'><strong>394,</strong></span> <span class='ocrx_word' id='word_1_362' title='bbox 1334 1193 1392 1228; x_wconf 88' lang='grc'>23.</span> <span class='ocrx_word' id='word_1_363' title='bbox 1415 1194 1497 1234; x_wconf 86' lang='grc'>396,</span> <span class='ocrx_word' id='word_1_364' title='bbox 1508 1193 1566 1226; x_wconf 80' lang='grc'>23.</span> <span class='ocrx_word' id='word_1_365' title='bbox 1590 1191 1673 1233; x_wconf 87' lang='grc'>409,</span> <span class='ocrx_word' id='word_1_366' title='bbox 1684 1192 1741 1226; x_wconf 86' lang='lat'>21.</span> 
     </span>
     <span class='ocr_line' id='line_1_77' title="bbox 1031 1238 1741 1285; baseline -0.003 -11"><span class='ocrx_word' id='word_1_367' title='bbox 1031 1238 1114 1281; x_wconf 91' lang='grc'>411,</span> <span class='ocrx_word' id='word_1_368' title='bbox 1153 1241 1207 1275; x_wconf 91' lang='grc'>15.</span> <span class='ocrx_word' id='word_1_369' title='bbox 1242 1239 1443 1274; x_wconf 85' lang='lat' dir='ltr'>Prosiacum</span> <span class='ocrx_word' id='word_1_370' title='bbox 1485 1243 1656 1285; x_wconf 83' lang='lat' dir='ltr'>occupat:</span> <span class='ocrx_word' id='word_1_371' title='bbox 1698 1238 1741 1273; x_wconf 84' lang='lat' dir='ltr'>ad</span> 
     </span>
     <span class='ocr_line' id='line_1_78' title="bbox 1033 1285 1557 1331; baseline 0 -11"><span class='ocrx_word' id='word_1_372' title='bbox 1033 1286 1172 1321; x_wconf 87' lang='lat' dir='ltr'>Cralem</span> <span class='ocrx_word' id='word_1_373' title='bbox 1191 1298 1230 1321; x_wconf 89' lang='lat' dir='ltr'>se</span> <span class='ocrx_word' id='word_1_374' title='bbox 1249 1285 1377 1331; x_wconf 88' lang='lat' dir='ltr'>recipit</span> <span class='ocrx_word' id='word_1_375' title='bbox 1395 1286 1477 1327; x_wconf 88' lang='lat'><strong>413,</strong></span> <span class='ocrx_word' id='word_1_376' title='bbox 1502 1286 1557 1320; x_wconf 89' lang='lat'>17.</span> 
     </span>
    </p>

    <p class='ocr_par' dir='ltr' id='par_1_13' title="bbox 986 1331 1742 1471">
     <span class='ocr_line' id='line_1_79' title="bbox 986 1331 1742 1378; baseline -0.003 -10"><span class='ocrx_word' id='word_1_377' title='bbox 986 1333 1078 1368; x_wconf 74' lang='lat' dir='ltr'>Asan</span> <span class='ocrx_word' id='word_1_378' title='bbox 1091 1338 1250 1378; x_wconf 89' lang='lat' dir='ltr'>uterque,</span> <span class='ocrx_word' id='word_1_379' title='bbox 1263 1333 1408 1367; x_wconf 87' lang='lat' dir='ltr'>Ioannes</span> <span class='ocrx_word' id='word_1_380' title='bbox 1422 1337 1457 1366; x_wconf 87' lang='lat' dir='ltr'>et</span> <span class='ocrx_word' id='word_1_381' title='bbox 1468 1331 1620 1374; x_wconf 84' lang='lat' dir='ltr'>Manuel,</span> <span class='ocrx_word' id='word_1_382' title='bbox 1637 1343 1742 1376; x_wconf 83' lang='lat' dir='ltr'>saepe</span> 
     </span>
     <span class='ocr_line' id='line_1_80' title="bbox 1033 1379 1742 1415; baseline -0.001 -1"><span class='ocrx_word' id='word_1_383' title='bbox 1033 1380 1078 1414; x_wconf 91' lang='lat' dir='ltr'>ad</span> <span class='ocrx_word' id='word_1_384' title='bbox 1108 1379 1336 1414; x_wconf 81' lang='lat' dir='ltr'>defectionem</span> <span class='ocrx_word' id='word_1_385' title='bbox 1365 1379 1543 1415; x_wconf 84' lang='lat' dir='ltr'>sollicitati</span> <span class='ocrx_word' id='word_1_386' title='bbox 1570 1379 1613 1414; x_wconf 84' lang='lat' dir='ltr'>ab</span> <span class='ocrx_word' id='word_1_387' title='bbox 1643 1383 1742 1413; x_wconf 81' lang='lat' dir='ltr'>Anna</span> 
     </span>
     <span class='ocr_line' id='line_1_81' title="bbox 1031 1427 1366 1471; baseline 0.006 -11"><span class='ocrx_word' id='word_1_388' title='bbox 1031 1427 1191 1471; x_wconf 86' lang='lat' dir='ltr'>Augusta</span> <span class='ocrx_word' id='word_1_389' title='bbox 1207 1427 1288 1471; x_wconf 91' lang='lat'><strong>799,</strong></span> <span class='ocrx_word' id='word_1_390' title='bbox 1311 1428 1366 1462; x_wconf 86' lang='lat'>16.</span> 
     </span>
    </p>

    <p class='ocr_par' dir='ltr' id='par_1_14' title="bbox 984 1470 1347 1518">
     <span class='ocr_line' id='line_1_82' title="bbox 984 1470 1347 1518; baseline 0 -10"><span class='ocrx_word' id='word_1_391' title='bbox 984 1470 1150 1518; x_wconf 78' lang='grc' dir='ltr'><strong><em>Ἀσχέτως</em></strong></span> <span class='ocrx_word' id='word_1_392' title='bbox 1174 1475 1274 1514; x_wconf 85' lang='grc'>1313,</span> <span class='ocrx_word' id='word_1_393' title='bbox 1290 1475 1347 1510; x_wconf 89' lang='grc'>37.</span> 
     </span>
    </p>

    <p class='ocr_par' dir='ltr' id='par_1_15' title="bbox 986 1519 1742 1841">
     <span class='ocr_line' id='line_1_83' title="bbox 986 1519 1739 1565; baseline -0.004 -10"><span class='ocrx_word' id='word_1_394' title='bbox 986 1521 1070 1555; x_wconf 87' lang='lat' dir='ltr'>Asia</span> <span class='ocrx_word' id='word_1_395' title='bbox 1088 1520 1138 1554; x_wconf 89' lang='lat' dir='ltr'>cis</span> <span class='ocrx_word' id='word_1_396' title='bbox 1164 1520 1379 1565; x_wconf 82' lang='lat' dir='ltr'>Euphratem</span> <span class='ocrx_word' id='word_1_397' title='bbox 1401 1519 1459 1561; x_wconf 80' lang='lat'>81,</span> <span class='ocrx_word' id='word_1_398' title='bbox 1483 1519 1541 1555; x_wconf 88' lang='lat'>22.</span> <span class='ocrx_word' id='word_1_399' title='bbox 1580 1519 1658 1561; x_wconf 86' lang='lat'><strong>116,</strong></span> <span class='ocrx_word' id='word_1_400' title='bbox 1683 1519 1739 1554; x_wconf 90' lang='lat'>23.</span> 
     </span>
     <span class='ocr_line' id='line_1_84' title="bbox 1030 1565 1740 1614; baseline -0.001 -12"><span class='ocrx_word' id='word_1_401' title='bbox 1030 1567 1125 1602; x_wconf 81' lang='lat' dir='ltr'>intra</span> <span class='ocrx_word' id='word_1_402' title='bbox 1149 1567 1363 1614; x_wconf 82' lang='lat' dir='ltr'>Euphratem</span> <span class='ocrx_word' id='word_1_403' title='bbox 1387 1565 1490 1607; x_wconf 90' lang='lat'><strong>41,1.</strong></span> <span class='ocrx_word' id='word_1_404' title='bbox 1516 1565 1659 1600; x_wconf 85' lang='lat' dir='ltr'>inferior</span> <span class='ocrx_word' id='word_1_405' title='bbox 1683 1566 1740 1606; x_wconf 85' lang='grc'>38,</span> 
     </span>
     <span class='ocr_line' id='line_1_85' title="bbox 1035 1613 1740 1657; baseline -0.007 -7"><span class='ocrx_word' id='word_1_406' title='bbox 1035 1616 1091 1651; x_wconf 91' lang='grc'>16.</span> <span class='ocrx_word' id='word_1_407' title='bbox 1118 1613 1198 1655; x_wconf 88' lang='grc'>140,</span> <span class='ocrx_word' id='word_1_408' title='bbox 1224 1614 1278 1649; x_wconf 88' lang='grc'>17.</span> <span class='ocrx_word' id='word_1_409' title='bbox 1313 1613 1405 1648; x_wconf 83' lang='lat' dir='ltr'>intra</span> <span class='ocrx_word' id='word_1_410' title='bbox 1438 1613 1562 1657; x_wconf 83' lang='lat' dir='ltr'>Halym</span> <span class='ocrx_word' id='word_1_411' title='bbox 1597 1613 1675 1653; x_wconf 88' lang='lat'><strong>105,</strong></span> <span class='ocrx_word' id='word_1_412' title='bbox 1707 1613 1740 1646; x_wconf 89' lang='lat'>2.</span> 
     </span>
     <span class='ocr_line' id='line_1_86' title="bbox 1033 1658 1741 1707; baseline -0.008 -9"><span class='ocrx_word' id='word_1_413' title='bbox 1033 1660 1140 1698; x_wconf 86' lang='lat' dir='ltr'>Asiae</span> <span class='ocrx_word' id='word_1_414' title='bbox 1169 1665 1267 1707; x_wconf 87' lang='lat' dir='ltr'>prata</span> <span class='ocrx_word' id='word_1_415' title='bbox 1301 1658 1384 1703; x_wconf 87' lang='lat'><strong>324,</strong></span> <span class='ocrx_word' id='word_1_416' title='bbox 1415 1659 1450 1694; x_wconf 86' lang='lat'>4.</span> <span class='ocrx_word' id='word_1_417' title='bbox 1483 1658 1587 1694; x_wconf 79' lang='lat' dir='ltr'>Asiae</span> <span class='ocrx_word' id='word_1_418' title='bbox 1611 1659 1741 1705; x_wconf 86' lang='lat' dir='ltr'>princi-</span> 
     </span>
     <span class='ocr_line' id='line_1_87' title="bbox 1033 1705 1741 1755; baseline -0.004 -12"><span class='ocrx_word' id='word_1_419' title='bbox 1033 1720 1121 1755; x_wconf 86' lang='lat' dir='ltr'>pes,</span> <span class='ocrx_word' id='word_1_420' title='bbox 1156 1720 1200 1742; x_wconf 89' lang='lat' dir='ltr'>ex</span> <span class='ocrx_word' id='word_1_421' title='bbox 1225 1707 1366 1752; x_wconf 84' lang='lat' dir='ltr'>Scythis</span> <span class='ocrx_word' id='word_1_422' title='bbox 1389 1705 1547 1748; x_wconf 84' lang='lat' dir='ltr'>oriundi,</span> <span class='ocrx_word' id='word_1_423' title='bbox 1588 1705 1680 1740; x_wconf 90' lang='lat' dir='ltr'>inter</span> <span class='ocrx_word' id='word_1_424' title='bbox 1704 1718 1741 1740; x_wconf 87' lang='lat' dir='ltr'>se</span> 
     </span>
     <span class='ocr_line' id='line_1_88' title="bbox 1034 1751 1742 1802; baseline -0.004 -13"><span class='ocrx_word' id='word_1_425' title='bbox 1034 1754 1249 1802; x_wconf 80' lang='lat' dir='ltr'>praeliantur</span> <span class='ocrx_word' id='word_1_426' title='bbox 1272 1756 1354 1796; x_wconf 77' lang='lat'><strong>639,</strong></span> <span class='ocrx_word' id='word_1_427' title='bbox 1388 1751 1423 1788; x_wconf 90' lang='grc'>4.</span> <span class='ocrx_word' id='word_1_428' title='bbox 1455 1752 1561 1788; x_wconf 84' lang='lat' dir='ltr'>Asiae</span> <span class='ocrx_word' id='word_1_429' title='bbox 1588 1764 1742 1798; x_wconf 82' lang='lat' dir='ltr'>recupe-</span> 
     </span>
     <span class='ocr_line' id='line_1_89' title="bbox 1034 1799 1740 1841; baseline -0.006 -4"><span class='ocrx_word' id='word_1_430' title='bbox 1034 1802 1165 1837; x_wconf 89' lang='lat' dir='ltr'>randae</span> <span class='ocrx_word' id='word_1_431' title='bbox 1189 1801 1325 1836; x_wconf 86' lang='lat' dir='ltr'>occasio</span> <span class='ocrx_word' id='word_1_432' title='bbox 1351 1811 1413 1834; x_wconf 89' lang='lat' dir='ltr'>cur</span> <span class='ocrx_word' id='word_1_433' title='bbox 1437 1799 1562 1835; x_wconf 87' lang='lat' dir='ltr'>omissa</span> <span class='ocrx_word' id='word_1_434' title='bbox 1591 1801 1673 1841; x_wconf 89' lang='lat'><strong>221,</strong></span> <span class='ocrx_word' id='word_1_435' title='bbox 1707 1800 1740 1835; x_wconf 90' lang='lat'><strong>7.</strong></span> 
     </span>
    </p>

    <p class='ocr_par' dir='ltr' id='par_1_16' title="bbox 988 1848 1372 1895">
     <span class='ocr_line' id='line_1_90' title="bbox 988 1848 1372 1895; baseline -0.005 -11"><span class='ocrx_word' id='word_1_436' title='bbox 988 1850 1125 1895; x_wconf 77' lang='lat' dir='ltr'>Asopus</span> <span class='ocrx_word' id='word_1_437' title='bbox 1149 1848 1184 1883; x_wconf 86' lang='lat' dir='ltr'><strong>fl.</strong></span> <span class='ocrx_word' id='word_1_438' title='bbox 1209 1850 1290 1890; x_wconf 87' lang='lat'><strong>251,</strong></span> <span class='ocrx_word' id='word_1_439' title='bbox 1316 1849 1372 1883; x_wconf 88' lang='lat'>17.</span> 
     </span>
    </p>

    <p class='ocr_par' dir='ltr' id='par_1_17' title="bbox 989 1891 1673 1941">
     <span class='ocr_line' id='line_1_91' title="bbox 989 1891 1673 1941; baseline -0.007 -10"><span class='ocrx_word' id='word_1_440' title='bbox 989 1895 1124 1941; x_wconf 86' lang='lat' dir='ltr'>Assyrii</span> <span class='ocrx_word' id='word_1_441' title='bbox 1146 1897 1205 1937; x_wconf 89' lang='grc'>38,</span> <span class='ocrx_word' id='word_1_442' title='bbox 1230 1896 1286 1931; x_wconf 88' lang='grc'>12.</span> <span class='ocrx_word' id='word_1_443' title='bbox 1309 1894 1368 1935; x_wconf 87' lang='lat'>40,</span> <span class='ocrx_word' id='word_1_444' title='bbox 1393 1895 1428 1930; x_wconf 90' lang='lat'>3.</span> <span class='ocrx_word' id='word_1_445' title='bbox 1453 1891 1511 1935; x_wconf 89' lang='grc'>40,</span> <span class='ocrx_word' id='word_1_446' title='bbox 1536 1894 1580 1928; x_wconf 91' lang='grc'>10</span> <span class='ocrx_word' id='word_1_447' title='bbox 1605 1896 1673 1927; x_wconf 87' lang='lat' dir='ltr'>etc.</span> 
     </span>
    </p>

    <p class='ocr_par' dir='ltr' id='par_1_18' title="bbox 989 1938 1743 2034">
     <span class='ocr_line' id='line_1_92' title="bbox 989 1938 1742 1986; baseline -0.007 -9"><span class='ocrx_word' id='word_1_448' title='bbox 989 1942 1194 1986; x_wconf 84' lang='lat' dir='ltr'>Astrologus</span> <span class='ocrx_word' id='word_1_449' title='bbox 1213 1942 1337 1976; x_wconf 88' lang='lat' dir='ltr'>Gallus</span> <span class='ocrx_word' id='word_1_450' title='bbox 1349 1940 1522 1986; x_wconf 77' lang='lat' dir='ltr'>placentia</span> <span class='ocrx_word' id='word_1_451' title='bbox 1538 1941 1659 1973; x_wconf 91' lang='lat' dir='ltr'>Annae</span> <span class='ocrx_word' id='word_1_452' title='bbox 1674 1938 1742 1973; x_wconf 89' lang='lat' dir='ltr'>Au-</span> 
     </span>
     <span class='ocr_line' id='line_1_93' title="bbox 1036 1985 1743 2034; baseline -0.004 -11"><span class='ocrx_word' id='word_1_453' title='bbox 1036 1995 1161 2033; x_wconf 84' lang='lat' dir='ltr'>gustae</span> <span class='ocrx_word' id='word_1_454' title='bbox 1194 1987 1365 2034; x_wconf 85' lang='lat' dir='ltr'>praedicit</span> <span class='ocrx_word' id='word_1_455' title='bbox 1393 1989 1476 2029; x_wconf 81' lang='lat'><strong>722,</strong></span> <span class='ocrx_word' id='word_1_456' title='bbox 1493 1988 1551 2022; x_wconf 89' lang='grc'>21.</span> <span class='ocrx_word' id='word_1_457' title='bbox 1586 1985 1675 2022; x_wconf 84' lang='lat' dir='ltr'>Vide</span> <span class='ocrx_word' id='word_1_458' title='bbox 1707 1991 1743 2020; x_wconf 89' lang='lat' dir='ltr'>et</span> 
     </span>
    </p>

    <p class='ocr_par' dir='ltr' id='par_1_19' title="bbox 987 2080 1743 2220">
     <span class='ocr_line' id='line_1_94' title="bbox 987 2080 1743 2128; baseline -0.003 -11"><span class='ocrx_word' id='word_1_459' title='bbox 987 2083 1086 2128; x_wconf 83' lang='lat' dir='ltr'>Asyli</span> <span class='ocrx_word' id='word_1_460' title='bbox 1108 2082 1161 2117; x_wconf 88' lang='lat' dir='ltr'>ius</span> <span class='ocrx_word' id='word_1_461' title='bbox 1185 2081 1478 2122; x_wconf 76' lang='lat' dir='ltr'>vetustissimum3</span> <span class='ocrx_word' id='word_1_462' title='bbox 1509 2080 1604 2126; x_wconf 85' lang='lat' dir='ltr'>apud</span> <span class='ocrx_word' id='word_1_463' title='bbox 1627 2092 1743 2116; x_wconf 88' lang='lat' dir='ltr'>omnes</span> 
     </span>
     <span class='ocr_line' id='line_1_95' title="bbox 1035 2127 1741 2174; baseline -0.003 -10"><span class='ocrx_word' id='word_1_464' title='bbox 1035 2134 1156 2174; x_wconf 83' lang='lat' dir='ltr'>gentes</span> <span class='ocrx_word' id='word_1_465' title='bbox 1190 2134 1370 2171; x_wconf 76' lang='lat' dir='ltr'>sanctum3</span> <span class='ocrx_word' id='word_1_466' title='bbox 1404 2140 1425 2163; x_wconf 81' lang='lat' dir='ltr'>a</span> <span class='ocrx_word' id='word_1_467' title='bbox 1449 2127 1657 2163; x_wconf 82' lang='lat' dir='ltr'>Christianis</span> <span class='ocrx_word' id='word_1_468' title='bbox 1682 2139 1741 2162; x_wconf 88' lang='lat' dir='ltr'>ne·</span> 
     </span>
     <span class='ocr_line' id='line_1_96' title="bbox 1034 2175 1371 2220; baseline 0 -10"><span class='ocrx_word' id='word_1_469' title='bbox 1034 2177 1184 2220; x_wconf 86' lang='lat' dir='ltr'>glectum</span> <span class='ocrx_word' id='word_1_470' title='bbox 1208 2175 1290 2219; x_wconf 91' lang='grc'>748,</span> <span class='ocrx_word' id='word_1_471' title='bbox 1316 2178 1371 2210; x_wconf 88' lang='grc'>11.</span> 
     </span>
    </p>

    <p class='ocr_par' dir='ltr' id='par_1_20' title="bbox 989 2220 1742 2872">
     <span class='ocr_line' id='line_1_97' title="bbox 989 2220 1741 2268; baseline -0.005 -10"><span class='ocrx_word' id='word_1_472' title='bbox 989 2222 1199 2259; x_wconf 84' lang='lat' dir='ltr'>Athanasius</span> <span class='ocrx_word' id='word_1_473' title='bbox 1222 2222 1443 2268; x_wconf 85' lang='lat' dir='ltr'>patriarcha,</span> <span class='ocrx_word' id='word_1_474' title='bbox 1475 2220 1643 2265; x_wconf 83' lang='lat' dir='ltr'>Gregorii</span> <span class='ocrx_word' id='word_1_475' title='bbox 1668 2221 1741 2266; x_wconf 84' lang='lat' dir='ltr'>cy-</span> 
     </span>
     <span class='ocr_line' id='line_1_98' title="bbox 1036 2267 1740 2316; baseline -0.003 -12"><span class='ocrx_word' id='word_1_476' title='bbox 1036 2270 1103 2316; x_wconf 84' lang='lat' dir='ltr'>prii</span> <span class='ocrx_word' id='word_1_477' title='bbox 1127 2280 1328 2310; x_wconf 82' lang='lat' dir='ltr'>successor,</span> <span class='ocrx_word' id='word_1_478' title='bbox 1361 2268 1417 2303; x_wconf 91' lang='lat' dir='ltr'>vir</span> <span class='ocrx_word' id='word_1_479' title='bbox 1439 2267 1643 2309; x_wconf 83' lang='lat' dir='ltr'>illiteratus,</span> <span class='ocrx_word' id='word_1_480' title='bbox 1680 2268 1740 2302; x_wconf 85' lang='lat' dir='ltr'>sed</span> 
     </span>
     <span class='ocr_line' id='line_1_99' title="bbox 1036 2313 1742 2359; baseline -0.004 -8"><span class='ocrx_word' id='word_1_481' title='bbox 1036 2316 1184 2352; x_wconf 81' lang='lat' dir='ltr'>austeris</span> <span class='ocrx_word' id='word_1_482' title='bbox 1208 2315 1378 2350; x_wconf 84' lang='lat' dir='ltr'>moribus:</span> <span class='ocrx_word' id='word_1_483' title='bbox 1416 2313 1559 2348; x_wconf 84' lang='lat' dir='ltr'>clericos</span> <span class='ocrx_word' id='word_1_484' title='bbox 1590 2313 1742 2359; x_wconf 83' lang='lat' dir='ltr'>castigat</span> 
     </span>
     <span class='ocr_line' id='line_1_100' title="bbox 1038 2360 1739 2407; baseline -0.007 -7"><span class='ocrx_word' id='word_1_485' title='bbox 1038 2365 1119 2405; x_wconf 91' lang='lat'><strong>180,</strong></span> <span class='ocrx_word' id='word_1_486' title='bbox 1153 2362 1207 2398; x_wconf 90' lang='lat'>15.</span> <span class='ocrx_word' id='word_1_487' title='bbox 1247 2373 1311 2396; x_wconf 90' lang='lat' dir='ltr'>nec</span> <span class='ocrx_word' id='word_1_488' title='bbox 1343 2360 1564 2407; x_wconf 88' lang='lat' dir='ltr'>pontificibus</span> <span class='ocrx_word' id='word_1_489' title='bbox 1606 2362 1739 2405; x_wconf 87' lang='lat' dir='ltr'>parcit:</span> 
     </span>
     <span class='ocr_line' id='line_1_101' title="bbox 1036 2407 1741 2452; baseline -0.006 -8"><span class='ocrx_word' id='word_1_490' title='bbox 1036 2409 1081 2444; x_wconf 87' lang='lat' dir='ltr'>iis</span> <span class='ocrx_word' id='word_1_491' title='bbox 1114 2408 1291 2444; x_wconf 88' lang='lat' dir='ltr'>residendi</span> <span class='ocrx_word' id='word_1_492' title='bbox 1324 2407 1563 2442; x_wconf 83' lang='lat' dir='ltr'>necessitatem</span> <span class='ocrx_word' id='word_1_493' title='bbox 1597 2407 1741 2452; x_wconf 88' lang='lat' dir='ltr'>imponit</span> 
     </span>
     <span class='ocr_line' id='line_1_102' title="bbox 1039 2454 1741 2501; baseline -0.004 -10"><span class='ocrx_word' id='word_1_494' title='bbox 1039 2457 1118 2498; x_wconf 87' lang='lat'><strong>181,</strong></span> <span class='ocrx_word' id='word_1_495' title='bbox 1152 2457 1207 2490; x_wconf 88' lang='lat'>12.</span> <span class='ocrx_word' id='word_1_496' title='bbox 1239 2454 1334 2500; x_wconf 86' lang='lat' dir='ltr'>ipsos</span> <span class='ocrx_word' id='word_1_497' title='bbox 1366 2454 1541 2501; x_wconf 87' lang='lat' dir='ltr'>principes</span> <span class='ocrx_word' id='word_1_498' title='bbox 1575 2465 1741 2488; x_wconf 86' lang='lat' dir='ltr'>censurae</span> 
     </span>
     <span class='ocr_line' id='line_1_103' title="bbox 1037 2500 1740 2547; baseline -0.004 -10"><span class='ocrx_word' id='word_1_499' title='bbox 1037 2509 1129 2537; x_wconf 84' lang='lat' dir='ltr'>metu</span> <span class='ocrx_word' id='word_1_500' title='bbox 1162 2502 1333 2537; x_wconf 88' lang='lat' dir='ltr'>continet:</span> <span class='ocrx_word' id='word_1_501' title='bbox 1366 2513 1453 2547; x_wconf 89' lang='lat' dir='ltr'>quas</span> <span class='ocrx_word' id='word_1_502' title='bbox 1486 2512 1542 2535; x_wconf 84' lang='lat' dir='ltr'>res</span> <span class='ocrx_word' id='word_1_503' title='bbox 1566 2500 1740 2535; x_wconf 86' lang='lat' dir='ltr'>monachis</span> 
     </span>
     <span class='ocr_line' id='line_1_104' title="bbox 1037 2546 1742 2593; baseline -0.004 -10"><span class='ocrx_word' id='word_1_504' title='bbox 1037 2547 1277 2583; x_wconf 81' lang='lat' dir='ltr'>interdixerit:</span> <span class='ocrx_word' id='word_1_505' title='bbox 1319 2547 1364 2582; x_wconf 87' lang='lat' dir='ltr'>de</span> <span class='ocrx_word' id='word_1_506' title='bbox 1406 2546 1616 2593; x_wconf 86' lang='lat' dir='ltr'>equitatione</span> <span class='ocrx_word' id='word_1_507' title='bbox 1656 2547 1742 2592; x_wconf 81' lang='lat' dir='ltr'>quid</span> 
     </span>
     <span class='ocr_line' id='line_1_105' title="bbox 1038 2594 1740 2640; baseline -0.006 -9"><span class='ocrx_word' id='word_1_508' title='bbox 1038 2595 1199 2631; x_wconf 81' lang='lat' dir='ltr'>statuerit</span> <span class='ocrx_word' id='word_1_509' title='bbox 1222 2596 1302 2637; x_wconf 89' lang='lat'><strong>182,</strong></span> <span class='ocrx_word' id='word_1_510' title='bbox 1327 2595 1383 2631; x_wconf 87' lang='grc'>13.</span> <span class='ocrx_word' id='word_1_511' title='bbox 1407 2594 1442 2628; x_wconf 88' lang='lat' dir='ltr'>in</span> <span class='ocrx_word' id='word_1_512' title='bbox 1467 2595 1648 2628; x_wconf 83' lang='lat' dir='ltr'>monachos</span> <span class='ocrx_word' id='word_1_513' title='bbox 1672 2594 1740 2640; x_wconf 75' lang='lat' dir='ltr'>hy-</span> 
     </span>
     <span class='ocr_line' id='line_1_106' title="bbox 1035 2638 1740 2689; baseline -0.004 -12"><span class='ocrx_word' id='word_1_514' title='bbox 1035 2641 1190 2689; x_wconf 80' lang='lat' dir='ltr'>pocritas</span> <span class='ocrx_word' id='word_1_515' title='bbox 1211 2653 1333 2676; x_wconf 87' lang='lat' dir='ltr'>severe</span> <span class='ocrx_word' id='word_1_516' title='bbox 1367 2640 1628 2682; x_wconf 80' lang='lat' dir='ltr'>animadvertit3</span> <span class='ocrx_word' id='word_1_517' title='bbox 1659 2638 1740 2675; x_wconf 88' lang='lat' dir='ltr'>item</span> 
     </span>
     <span class='ocr_line' id='line_1_107' title="bbox 1033 2687 1740 2733; baseline -0.006 -9"><span class='ocrx_word' id='word_1_518' title='bbox 1033 2690 1072 2724; x_wconf 88' lang='lat' dir='ltr'>in</span> <span class='ocrx_word' id='word_1_519' title='bbox 1084 2687 1272 2723; x_wconf 83' lang='lat' dir='ltr'>fanaticos:</span> <span class='ocrx_word' id='word_1_520' title='bbox 1297 2699 1428 2733; x_wconf 87' lang='lat' dir='ltr'>poenae</span> <span class='ocrx_word' id='word_1_521' title='bbox 1445 2687 1641 2732; x_wconf 88' lang='lat' dir='ltr'>impositae:</span> <span class='ocrx_word' id='word_1_522' title='bbox 1666 2687 1740 2721; x_wconf 83' lang='lat' dir='ltr'>eius</span> 
     </span>
     <span class='ocr_line' id='line_1_108' title="bbox 1036 2733 1742 2778; baseline -0.007 -7"><span class='ocrx_word' id='word_1_523' title='bbox 1036 2734 1300 2771; x_wconf 86' lang='lat' dir='ltr'>constitutiones</span> <span class='ocrx_word' id='word_1_524' title='bbox 1338 2746 1406 2769; x_wconf 86' lang='lat' dir='ltr'>non</span> <span class='ocrx_word' id='word_1_525' title='bbox 1452 2733 1510 2768; x_wconf 91' lang='lat' dir='ltr'>diu</span> <span class='ocrx_word' id='word_1_526' title='bbox 1560 2733 1742 2778; x_wconf 83' lang='lat' dir='ltr'>viguerunt</span> 
     </span>
     <span class='ocr_line' id='line_1_109' title="bbox 1037 2781 1741 2824; baseline -0.007 -6"><span class='ocrx_word' id='word_1_527' title='bbox 1037 2783 1132 2824; x_wconf 90' lang='lat'><strong>183,</strong></span> <span class='ocrx_word' id='word_1_528' title='bbox 1158 2782 1212 2817; x_wconf 86' lang='lat'>17.</span> <span class='ocrx_word' id='word_1_529' title='bbox 1243 2781 1364 2817; x_wconf 88' lang='lat' dir='ltr'>mirum</span> <span class='ocrx_word' id='word_1_530' title='bbox 1387 2781 1556 2815; x_wconf 86' lang='lat' dir='ltr'>ecclesiae</span> <span class='ocrx_word' id='word_1_531' title='bbox 1580 2781 1741 2814; x_wconf 81' lang='lat' dir='ltr'>Graecae</span> 
     </span>
     <span class='ocr_line' id='line_1_110' title="bbox 1037 2826 1741 2872; baseline -0.007 -8"><span class='ocrx_word' id='word_1_532' title='bbox 1037 2827 1282 2865; x_wconf 84' lang='lat' dir='ltr'>desolationem</span> <span class='ocrx_word' id='word_1_533' title='bbox 1313 2828 1350 2864; x_wconf 90' lang='lat' dir='ltr'>in</span> <span class='ocrx_word' id='word_1_534' title='bbox 1382 2826 1563 2865; x_wconf 78' lang='lat' dir='ltr'>Athanasii</span> <span class='ocrx_word' id='word_1_535' title='bbox 1586 2830 1741 2872; x_wconf 86' lang='lat' dir='ltr'>tempora</span> 
     </span>
    </p>
   </div>
  </div>
 </body>
</html>
