1794 3172
300 196 305 201 --
322 159 655 242 'HISTQRIAE
682 166 1058 212 BYZANTtNAE
1085 164 1278 214 XV11.5.
1435 159 1536 208 859

59 297 178 337 πιγγι.
213 275 540 336 σπουδαιότερον
559 279 636 334 μὲν
657 273 732 322 οὖν
752 278 825 322 τὸν
863 276 1038 321 ἔκπλουν
1066 273 1332 332 ποιησάμενοι
1361 273 1536 333 τάχιστα
1562 285 1598 318 Α.
1613 285 1651 318 c.
1669 260 1774 320 1349*

58 350 135 406 τὴν
165 347 323 393 ὁλκάδα
353 346 665 406 περιεκύκλουν,
697 349 765 391 καὶ
798 347 876 403 τὴν
905 343 1064 402 ὀθόνην
1091 345 1307 389 καθέλκειν
1338 332 1751 414 ἐκέλευον.ι““3ζέἕῑ“οἒ““

57 417 84 462 ’ἷ-
103 419 162 462 δ”
181 418 258 475 οὔχ
284 416 467 475 ὑπήκουε
499 417 553 462 τὰ
580 421 750 476 πρῶτα,
790 413 1054 471 ἀλλὰμάχης
1071 413 1223 471 ἥπτετο
1250 417 1319 458 καὶ
1339 417 1534 472 πολέμου.
1673 402 1682 411 ·

60 490 144 532 ἐπεὶ
168 490 213 532 δὲ
233 486 287 532 τά
305 505 350 546 γε
372 488 474 544 βέλη
494 487 602 531 κατὰ
624 491 791 543 πλῆθος
809 482 1075 541 πανταχόθεν
1095 482 1272 543 ἐπῄεσάν
1288 501 1407 543 σφισι
1419 519 1433 539 ,
1468 488 1538 530 καὶ

28 559 203 617 ὅπεριῆν
225 566 313 609 τοῖς
332 556 517 608 ὁπλίταις
535 559 760 613 εἶσπηδῶσι
783 553 968 614 φονεύειν
986 558 1113 612 σφᾶς,
1137 552 1331 598 ἐνέδυσάν
1348 572 1392 598 τε
1411 555 1538 600 ἄκον-

58 645 124 679 τες
150 629 218 671 καὶ
243 635 385 684 χεῖρας
420 626 573 684 ὤρεγον
604 629 662 677 εἷς
690 625 827 670 οἶκτον
856 627 1203 683 παρακαλοῦντες.
1242 623 1342 667 ἀλλ’
1378 623 1538 670 ὤναντο

58 702 133 754 τῆς
162 695 460 753 παρακλήσεως
492 696 636 740 οὐδέν·
673 698 757 740 ἐπεὶ
789 693 1034 754 φθάσαντες
1064 693 1161 736 ἔνιοι
1190 697 1272 736 τῶν
1304 699 1468 738 ναυτῶν
1494 696 1579 739 {xc

57 773 133 823 τῆς
150 765 344 825 τριήρους
371 764 449 823 τήν
476 783 519 810 τε
557 763 716 810 ὁλκάδα
748 763 987 823 ὑφάπτουσι
1019 765 1088 807 καὶ
1125 761 1225 814 τοὺς
1255 762 1373 807 ἔνδον
1403 762 1540 808 ἅπαν-

57 855 135 888 τας
165 838 418 894 ἓμπιπρῶσι,
447 834 568 892 ,καὶὴ
598 836 706 895 φλὸξ
734 835 856 893 ἤρετο
880 831 1071 890 πελάγιος
1089 833 1152 876 ἐπὶ
1173 835 1306 891 πολλῇ
1336 837 1389 892 τῇ
1406 836 1534 879 νυκτί.

2 910 48 946 10
60 905 149 964 (Γ.)
181 904 357 950 Τούτων
385 904 431 949 δ’
458 905 774 962 ἀσχολουμένων
799 906 890 963 περὶ
916 908 1076 957 ταῦτα,
1113 902 1221 946 κατὰ
1242 906 1354 960 σφᾶς
1385 902 1539 955 αὐτοὺς

57 974 326 1031 ἐβουλεύοντο
360 976 400 1019 οἳ
435 978 619 1020 Λατῖνοι
635 1009 648 1028 ,
693 975 852 1031 πολλὴν
886 974 1105 1031 τρικυμίαν
1142 970 1302 1028 ἔχοντες
1330 976 1539 1028 λογισμῶν

57 1048 125 1090 καὶ
158 1046 258 1097 τούς
286 1043 486 1101 ἐσχάτους
515 1043 731 1096 κινδύνους
749 1048 869 1103 σφῶν
901 1043 1038 1087 αὐτῶν
1058 1041 1239 1098 μονονοὺ
1262 1041 1343 1099 πρὸ
1365 1042 1537 1099 ὀφθαλ-

55 1120 147 1172 μῶν
169 1115 413 1171 ἱσταμένους
433 1113 622 1173 ὁρῶντες.
661 1115 701 1159 οἶ
721 1115 798 1171 μὲν
826 1108 899 1158 οὖν
920 1112 1038 1156 ἄλλοι
1060 1110 1210 1163 πάντες
1228 1111 1581 1170 ἆσφαλέστερονῙ)

58 1184 158 1229 εἶναι
190 1186 442 1242 ἐψηφίζοντο
452 1218 465 1239 ,
509 1182 815 1235 καταλιπόντας
853 1182 930 1239 τὴν
962 1180 1186 1226 θάλατταν
1229 1179 1452 1239 φυλάττειν
1487 1182 1536 1226 τὸ

1 1257 46 1295 15
59 1252 260 1314 φρούριον
274 1269 285 1279 ·
320 1255 428 1312 μηδὲ
452 1255 532 1314 γὰρ
555 1253 766 1299 δύνασθαι
786 1253 845 1297 δι’
872 1252 1135 1310 ὀλιγανδρίαν
1154 1250 1258 1310 πρὸς
1280 1249 1355 1294 δύο
1378 1253 1538 1309 μερίζε-

57 1330 163 1369 σθαι
182 1323 344 1381 μάχας,
387 1323 493 1381 ὁμοῦ
526 1325 633 1369 κατὰ
663 1328 782 1382 σφῶν
811 1321 1009 1373 ἐπιούσας
1038 1321 1083 1366 ἕκ
1109 1339 1152 1365 τε
1180 1325 1256 1378 γῆς
1281 1322 1349 1364 καὶ
1369 1320 1538 1365 θαλάτ-

55 1408 156 1451 της·
193 1399 358 1439 θᾶττον
393 1393 547 1451 μεντᾶν
578 1393 780 1450 ἑκατέρων
807 1393 1049 1449 ἀποτυχεῖν,
1088 1390 1116 1448 ἢ
1150 1395 1250 1446 μιᾶς
1277 1407 1388 1441 τινος
1417 1391 1537 1446 εὐμε-

54 1469 153 1515 νοῦς
171 1468 434 1522 πειραθῆναι.
471 1463 600 1521 μόνος
619 1465 662 1508 δ’
688 1462 710 1508 ὅ
743 1461 952 1521 ναύαρχος
982 1461 1088 1517 μετὰ
1121 1464 1334 1513 σταθεροῦ
1355 1462 1424 1502 καὶ
1443 1477 1535 1517 γεν-

55 1536 174 1578 ναίου
192 1539 268 1578 τοῦ
290 1539 368 1590 τῆς
386 1540 527 1591 ψυχῆς
556 1532 886 1592 παραστήματος
914 1538 1006 1582 ταῖς
1036 1528 1204 1573 πάντων
1236 1528 1419 1585 ἀντέλεγε
1446 1528 1537 1585 ψή-
1593 1581 1599 1585 ⁵

0 1609 47 1645 20
58 1621 163 1662 φοις,
201 1604 552 1659 κατασκέψασθαι
571 1604 649 1663 γὰρ
672 1603 824 1662 ἔφασκε
842 1603 911 1645 καὶ
929 1603 1188 1656 καταγνῶναι
1208 1602 1282 1641 τοῦ
1297 1596 1527 1653 Ῥωμαϊκοῦ
1540 1602 1583 1638 V.
1604 1600 1677 1639 438

56 1672 208 1717 στόλου
230 1674 388 1729 πολλὴν
401 1674 612 1731 ἀπειρίαν,
645 1672 899 1730 ἀναγομένου
916 1687 960 1714 τε
980 1670 1048 1713 καὶ
1066 1669 1336 1723 καταίροντος
1355 1672 1407 1725 τῇ
1427 1686 1534 1725 προ-
1546 1672 1580 1708 Ε

55 1744 200 1803 τεραία
220 1742 279 1799 μὴ
304 1743 412 1786 κατὰ
441 1742 596 1798 νόμους
624 1740 946 1800 στρατηγικοὺς,
978 1740 1046 1782 καὶ
1075 1737 1124 1782 οὗ
1146 1735 1289 1796 πόρῥω
1309 1737 1377 1780 διὰ
1400 1742 1536 1781 ταῦτα

51 1817 247 1870 χρηστῶν
279 1810 379 1856 εἶναι
408 1814 596 1858 ἐλπίδων.
633 1817 709 1869 τῆς
739 1816 839 1868 γοῦν
868 1810 1052 1859 πλείονος
1079 1809 1257 1864 μοίρας,
1291 1810 1455 1861 μᾶλλον
1488 1808 1535 1851 δὲ

55 1887 131 1926 τοῦ
155 1882 310 1933 παντὸς
335 1881 516 1940 κράτους
549 1884 592 1926 ἔν
614 1887 666 1941 τῇ
687 1878 883 1938 θαλάττῃ
913 1878 1097 1934 κειμένου
1110 1910 1124 1931 ,
1158 1874 1258 1920 εἶναι
1280 1875 1432 1934 ἔφασκε
1450 1878 1534 1919 δεῖν

0 1953 246 1996 25ἒνταῦθα
259 1985 274 2006 ,
307 1953 342 1995 εἰ
365 1953 425 2009 μὴ
459 1952 535 2009 τὴν
565 1957 727 2006 πᾶσαν,
753 1949 830 2007 τὴν
853 1953 953 2007 γοῦν
978 1947 1145 1992 πλείονα
1172 1950 1310 1990 θεῖναι
1331 1944 1532 2003 σπουδήν.

55 2039 242 2085 ligentiore
263 2039 383 2085 itaque
411 2039 635 2085 navigatione
658 2037 819 2085 provecti
842 2035 1034 2072 onerariam
1059 2045 1160 2082 quam
1178 2032 1357 2069 celerrime
1388 2033 1535 2069 circum-

56 2087 225 2128 veniunt,
249 2090 285 2121 et
301 2087 459 2121 contrahi
479 2087 557 2121 vela
572 2087 756 2132 imperant.
803 2085 850 2119 At
874 2084 926 2118 illi
951 2094 1077 2129 parere
1095 2081 1197 2116 initio
1221 2081 1363 2123 nolunt,
1387 2080 1451 2114 sed
1468 2092 1536 2126 pu-

57 2145 158 2179 gnam
179 2145 221 2168 ac
239 2133 364 2168 bellum
382 2132 513 2168 ineunt.
561 2134 646 2168 Mox
664 2132 767 2167 iidem
788 2131 907 2166 densis
924 2129 1075 2175 undique
1091 2128 1173 2164 telis
1190 2127 1328 2172 obruti,
1352 2139 1429 2162 eum
1449 2126 1535 2162 lice·

56 2186 114 2215 ret
133 2179 298 2214 militibus
325 2180 420 2214 facta
442 2180 635 2226 irruptione
656 2191 716 2214 eos
734 2178 934 2218 trucidare,
957 2178 1086 2211 cedunt
1108 2174 1227 2217 inviti,
1252 2179 1289 2209 et
1311 2185 1430 2208 manus
1455 2178 1535 2208 ten-

57 2226 171 2262 dendo
190 2226 455 2261 misericordiam
477 2230 680 2273 exposcunt.
728 2224 799 2259 Sed
816 2236 875 2259 eos
892 2223 978 2258 nihil
992 2223 1052 2257 illa
1067 2222 1158 2257 iuvit
1171 2220 1399 2267 supplicatio:
1424 2219 1535 2265 siqui—

57 2273 135 2307 dem
157 2277 282 2308 n‘autae
303 2272 437 2319 aliquot
459 2274 504 2308 de
520 2272 655 2308 triremi
677 2270 869 2306 onerariam
885 2270 1073 2306 incendere
1092 2273 1281 2314 occupant,
1307 2271 1344 2302 et
1364 2267 1535 2312 quidquid

57 2320 228 2355 hominum
247 2319 341 2354 intus
367 2325 445 2355 erat
464 2321 684 2361 comburunt,
708 2319 759 2353 ita
779 2322 819 2353 ut
836 2318 970 2352 flamma
986 2317 1030 2352 ad
1048 2317 1185 2351 multam
1203 2320 1337 2349 noctem
1358 2325 1420 2360 per
1440 2323 1534 2347 mare

58 2378 192 2401 sursum
214 2366 350 2401 sublata
367 2367 545 2402 reluxerit.
594 2366 697 2411 (111.)
720 2365 808 2400 Dum
828 2364 887 2399 isti
909 2364 946 2399 in
971 2363 1026 2398 his
1044 2367 1277 2409 occupantur,
1300 2359 1418 2395 Latini
1442 2360 1535 2393 inter

59 2424 98 2447 se
121 2413 333 2457 deliberant,
358 2425 482 2460 magno
502 2424 659 2448 curarum
677 2417 775 2447 aestu
794 2411 1022 2454 fluctuantes,
1046 2416 1084 2446 et
1103 2415 1291 2445 extremum
1310 2407 1432 2441 salutis
1447 2416 1534 2439 suae

59 2459 243 2494 discrimen
264 2463 396 2495 tantum
416 2472 484 2495 non
502 2461 547 2495 ob
566 2460 682 2495 oculos
707 2458 856 2505 positum
875 2458 1061 2493 intuentes.
1107 2456 1176 2492 Alii
1197 2455 1319 2500 itaque
1340 2463 1457 2488 omnes
1475 2456 1534 2485 tu·-

58 2506 130 2541 tius
151 2518 229 2541 esse
258 2507 459 2541 statuebant
474 2507 559 2542 mari
577 2506 745 2542 excedere
768 2509 805 2540 et
829 2504 1008 2539 castellum
1025 2503 1151 2539 tutari=
1173 2513 1240 2537 nec
1261 2500 1351 2536 enim
1371 2509 1474 2544 posse
1493 2509 1534 2532 se

58 2564 144 2599 prae
159 2552 326 2588 homiuum
343 2553 519 2599 paucitate
538 2554 575 2588 in
597 2553 665 2588 duo
684 2552 775 2587 bella
793 2550 962 2594 distrahi,
985 2555 1082 2586 terra
1096 2549 1197 2584 simul
1213 2547 1368 2592 marique
1386 2545 1535 2579 infesta:

58 2611 210 2645 pugnam
236 2599 365 2646 quippe
392 2599 572 2635 adversam
597 2605 778 2645 utramque
797 2598 930 2645 potins,
956 2609 1056 2644 qnam
1075 2596 1219 2631 alteram
1242 2592 1424 2628 secundam
1445 2590 1534 2625 fore.

59 2647 163 2680 Solus
191 2647 384 2681 navarchus
410 2647 584 2682 constanti
605 2659 647 2682 ao
676 2656 846 2692 generosa
882 2644 986 2679 animi
1006 2642 1206 2690 praesentia
1237 2639 1385 2674 omnium
1406 2636 1535 2672 adver-

59 2697 159 2727 satus
182 2697 238 2727 est
263 2692 465 2728 sententiis:
497 2694 767 2729 animadversam
788 2691 877 2727 enim
894 2703 916 2726 a
935 2703 974 2726 se
996 2694 1034 2725 et
1053 2689 1278 2735 improbatam
1296 2685 1406 2720 fuisse
1426 2684 1534 2728 impe·

58 2739 173 2775 titiam
189 2740 361 2775 Romanae
377 2739 495 2775 classis
506 2766 516 2783 ‚
542 2752 634 2787 quae
649 2738 821 2786 superiori
838 2738 896 2773 die
913 2748 1127 2783 nequaquam
1147 2734 1334 2770 secundum
1352 2729 1534 2765 militarem

60 2785 171 2840 legem
192 2791 229 2821 et
245 2786 406 2821 solvisset
424 2792 460 2821 et
479 2788 524 2823 ad
543 2792 679 2834 portum
699 2785 842 2832 appulsa
858 2789 970 2840 esset=
994 2794 1038 2819 ea
1057 2787 1201 2830 propter
1221 2791 1286 2814 non
1303 2778 1408 2823 longe
1425 2787 1448 2810 a
1464 2787 1536 2830 me-

58 2831 137 2866 lion
158 2844 221 2879 spe
243 2833 364 2868 abesse
382 2845 434 2870 se.
479 2835 567 2869 Cum
582 2833 691 2880 igitur
708 2832 837 2867 virium
861 2842 1008 2866 maxima
1028 2841 1113 2877 pars
1134 2832 1197 2863 aut
1213 2836 1330 2861 omues
1346 2822 1461 2869 potins
1476 2833 1533 2856 vi·—

59 2889 116 2913 res
134 2878 172 2915 in
189 2879 276 2916 mari
291 2879 381 2916 sitae
397 2885 528 2924 essent,
550 2881 589 2916 in
605 2892 648 2917 eo
669 2879 785 2916 aiebat
801 2882 976 2926 oportere,
999 2877 1029 2913 si
1046 2887 1116 2913 non
1131 2886 1240 2916 omne,
1265 2875 1303 2907 at
1318 2869 1533 2918 potissimum
