1794 3172
258 124 362 173 934
618 131 620 133 ’
663 130 980 176 NICEPHORI
1013 131 1337 176 GREGORAE

963 239 1028 257 ²2!

35 254 72 285 A.
93 253 137 286 M.
155 252 246 290 6859
259 247 384 287 πᾶσιν
408 242 552 299 ἐπίσης
585 239 732 298 ὁμοίαν
755 240 843 296 ἀεὶ,
881 240 932 284 ἀλ
1000 240 1145 284 αλλοτ’
1171 241 1307 294 ἄλλως
1332 244 1401 286 καὶ
1431 242 1572 295 ἄλλοις
1603 242 1740 295 ἄλλως

88 302 157 334 Ind.
172 300 198 336 4

262 313 274 328 5

218 314 461 383 Βἔχουσαν·
498 313 574 368 τὴν
608 313 684 366 μὲν
718 307 792 354 οὖν
822 315 905 355 τῶν
933 311 1112 366 εὐσεβῶν
1143 313 1281 355 πίστιν
1310 311 1484 369 πάτριον
1504 321 1592 363 τοῖς
1612 314 1741 370 ἀναγ-

260 386 390 435 καίοις
410 380 673 436 ἀποδιδόναι,
710 382 785 438 τὴν
807 382 852 424 δὲ
871 385 952 425 τῶν
973 379 1190 438 δογμάτων
1214 384 1367 440 σοφίαν
1388 387 1447 442 τῷ
1469 387 1545 439 τῆς
1566 385 1740 433 πίστεως

257 455 537 507 ἐποικοδομεῖν
556 453 761 510 θεμελίῳ,
799 449 988 494 καθόσον
1017 453 1083 494 καὶ
1106 451 1211 494 ὅπου
1234 447 1300 495 καὶ
1321 452 1387 495 ὅτε
1410 454 1477 495 καὶ
1506 451 1566 503 οἷς
1598 452 1649 495 ἂν
1673 454 1738 495 ἓν-

257 524 430 579 δὲχοιτο.
470 521 566 564 ἄνευ
585 522 660 577 μὲν
675 521 752 579 γὰρ
773 526 847 576 τῆς
868 519 1098 577 ἁπλότητος
1118 526 1192 577 τῆς
1212 523 1256 564 ἐκ
1273 525 1347 565 τοῦ
1368 523 1483 565 θειόυ
1495 523 1768 577 βαπτίσμα-5

256 611 329 643 τος
359 594 556 644 πίστεως,
624 592 850 649 ”ριστιανόν
878 589 1084 634 ἀδύνατον
1116 590 1237 634 εἶναι·
1274 593 1424 649 σοφίας
1456 591 1499 634 δ’
1536 591 1632 635 ἄνευ
1664 594 1739 634 δο-

254 661 446 721 γμάτων,
484 660 603 704 οὐδὲν
635 659 792 704 κωλύει.
831 656 920 714 ,,ἾΙ
936 661 1014 718 γὰρ
1038 661 1155 704 οὐδὲν
1179 660 1230 704 ἂν
1247 656 1298 717 ἦν
1320 666 1397 716 τῆς
1417 663 1592 711 πίστεως
1620 659 1738 717 ἦιιιῦν

255 730 529 788 ἀδικώτερον,
574 732 609 774 εἴ
627 731 730 788 πρὸς
750 731 846 781 τούς
866 731 1023 788 σοφοὺς
1045 730 1181 774 ἔπιπτε
1201 729 1329 786 μόνον
1340 731 1379 784 ”,
1420 733 1546 788 φησὶν
1570 729 1591 773 ὅ
1622 735 1738 781 θεῖος

254 806 296 846 Γ
294 799 496 860 ρηγόριος.
543 800 642 851 τοὺς
666 801 744 857 γὰρ
773 799 986 851 τοιούτους
1014 803 1324 856 λαβυρίνθους,
1362 801 1457 842 κατ’
1489 802 1638 843 ἐκεῖνον
1668 800 1740 843 τὸν

215 880 246 915 C
260 871 370 930 ὅφιν,
384 873 451 913 καὶ
470 869 491 914 ὃ
507 874 590 913 τῶν
602 871 813 931 αξρετικῶν
829 868 1110 925 ὑποδυόμενος
1128 872 1294 923 θίασος,
1307 872 1372 911 καὶ
1393 872 1448 920 εἷς
1466 868 1739 920 διδασκάλους
1753 879 1794 913 10

259 934 375 986 ἕνεκα
396 941 628 991 κενοδοξίας
647 938 1115 996 μετασχηματιζόμενοι,
1155 938 1461 996 συναρπάζουσι
1481 941 1739 995 κακουργίαις

258 1009 456 1070 ῥημάτων
472 1012 661 1060 διανοίας
681 1009 998 1068 ἀπειροκάλους,
1037 1011 1081 1053 ἐκ
1099 1015 1182 1053 τῶν
1211 1011 1402 1053 ἐντεῦθεν
1431 1007 1739 1066 ὑποδειγμάτων

257 1077 546 1136 λυμαινόμενοι
573 1080 649 1135 τὴν
673 1078 873 1136 ἀλήθειαν
894 1082 960 1124 καὶ
980 1081 1027 1124 τὸ
1049 1085 1122 1136 τῆς
1138 1081 1357 1135 θεολογίας
1383 1079 1739 1138 καταρῥυπαίνον-

258 1167 348 1203 τες,
389 1148 445 1200 ὡς
465 1147 485 1193 ὃ
506 1150 632 1206 με’γας
654 1148 732 1207 ἔφη
755 1152 984 1200 Βασίλειος.
1032 1153 1100 1193 καὶ
1131 1155 1278 1193 τοῦτον
1305 1148 1412 1192 εἷναί
1431 1166 1536 1206 φημι
1557 1151 1623 1191 καὶ
1647 1147 1692 1191 ὃν
1715 1145 1736 1191 ὅ

257 1225 375 1270 θεῖος
396 1217 629 1277 πεφόβηται
651 1217 785 1277 φόβον
808 1218 1055 1272 ἀπόστολος,
1082 1253 1094 1273 ,
1101 1219 1263 1275 ,μήπως
1285 1217 1492 1278 (φάσκων)
1515 1222 1664 1276 φθαρῇ
1685 1217 1738 1261 τὰ
1751 1225 1794 1262 15

217 1288 450 1346 Βνοήματα
469 1287 588 1345 ἡμῶν
606 1289 686 1333 ἀπὸ
699 1294 773 1346 τῆς
787 1287 1018 1344 ἁπλότητος
1035 1295 1110 1344 τῆς
1129 1291 1171 1332 ἐν
1190 1292 1363 1347 λ’ριστῷ
1376 1285 1412 1332 ”.
1436 1289 1591 1346 ,,εῗγὰρ
1613 1287 1739 1338 αὐτὸς

257 1358 279 1403 ὃ
305 1363 498 1409 Σατανᾶς
516 1361 909 1415 μετασχηματίζεται
922 1359 962 1413 ⁹⁷,
990 1361 1129 1417 φησὶν,
1159 1359 1244 1412 ,,οὖ
1265 1359 1368 1414 με’γα
1392 1360 1427 1400 εἲ
1444 1360 1512 1400 καὶ
1533 1359 1571 1400 οἱ
1595 1355 1738 1400 διάκο-

255 1447 321 1473 νοι
353 1429 481 1472 αῧτοῦ
507 1431 932 1485 μετασχηματίζονται
961 1428 1017 1480 ὡς
1048 1427 1228 1472 διάκονοι
1257 1425 1561 1483 δίκαιοσύνης.”
1586 1426 1636 1470 Ἄ
1661 1427 1737 1482 μὲν

258 1494 332 1542 οὖν
352 1498 466 1549 εἰκὸς
497 1493 550 1554 ἦν
577 1497 765 1549 εἷπόντας
797 1501 887 1556 περὶ
917 1504 991 1555 τῆς
1019 1500 1214 1551 πίστεως,
1252 1500 1378 1548 δεῖξαι
1407 1496 1504 1540 ὅσον
1532 1496 1578 1540 τὸ
1611 1496 1738 1553 ἀναγ-

256 1575 397 1622 καῖον,
437 1569 531 1624 δίχα
551 1567 799 1626 προσθήκης
821 1571 888 1611 καὶ
910 1568 1166 1627 ἀφαιρέσεως
1191 1567 1369 1625 στέργειν
1394 1566 1515 1624 αὐτῇ,
1543 1568 1609 1609 καὶ
1638 1565 1794 1609 ὅσονὲο

263 1633 391 1689 αὖθις
421 1642 505 1681 τῶν
527 1637 744 1693 δογμάτων
765 1638 813 1681 τὸ
834 1637 1107 1694 ἐνδεχόμενον,
1144 1639 1211 1680 καὶ
1244 1636 1300 1688 ὡς
1327 1635 1454 1680 ἅπασι
1481 1637 1556 1690 μὲν
1579 1633 1736 1692 ἀνάγκη

217 1711 530 1766 ΕΧριστιανοῒς
561 1709 643 1765 τὴν,
667 1708 844 1752 δέουσαν
871 1709 1017 1752 εἰδέναι
1046 1713 1121 1765 τῆς
1147 1709 1321 1758 πίστεως
1349 1703 1649 1764 προσκύνησιν,
1687 1704 1736 1748 οὗ

257 1782 358 1822 πᾶσι
380 1780 405 1821 δ
414 1778 424 1793 ’
450 1776 556 1833 ὃμοῦ
577 1780 645 1822 καὶ
668 1778 745 1835 τὴν
767 1783 850 1822 τῶν
870 1777 1087 1835 δογμάτων
1110 1776 1255 1833 ὁμοίαν
1288 1779 1439 1835 σοφίαν
1468 1777 1535 1819 καὶ
1557 1775 1605 1819 τὸ
1633 1780 1737 1819 θεο-

259 1965 324 1989 nec
345 1966 421 1989 esse
447 1954 658 1998 uniusmodi,
681 1967 746 1990 nec
768 1953 922 1990 omnibus
949 1965 993 1988 ex
1009 1965 1119 1999 aequo
1142 1956 1201 1988 aut
1221 1953 1362 1988 eandem
1382 1963 1538 1999 semper,
1564 1951 1625 1988 sed
1649 1952 1735 1987 alias

258 2001 362 2036 aliter
388 2007 424 2036 et
442 2001 518 2036 aliis
549 2002 647 2036 aliam
672 2002 856 2037 obvenire:
881 2012 922 2035 ac
941 2002 1206 2035 orthodoxorum
1233 2001 1370 2046 quidem
1393 2000 1512 2034 Fidem
1532 1999 1677 2046 patriam
1698 1999 1734 2034 in

257 2059 317 2082 res
343 2048 555 2082 necessarias
581 2049 704 2084 referri
730 2048 872 2083 debere:
897 2048 1087 2092 dogmatum
1112 2054 1222 2082 autem
1242 2047 1418 2082 scientiam
1440 2046 1595 2081 eximiam
1613 2057 1736 2092 super-

236 2125 239 2127 .
259 2093 506 2129 aedificandam
532 2095 633 2129 Fidei
654 2096 895 2135 fundamento,
919 2094 954 2128 iu
979 2101 1164 2140 quantum,
1189 2099 1225 2128 et
1244 2095 1323 2136 ubi,
1348 2098 1384 2128 et
1413 2095 1570 2139 quando,
1596 2099 1631 2127 et
1657 2093 1735 2139 qui-

259 2141 326 2175 bus
344 2152 425 2174 usus
445 2142 560 2175 suerit.
607 2143 699 2177 Nam
723 2142 799 2176 sine
822 2141 923 2175 Fidei
950 2153 992 2175 ex
1012 2153 1110 2176 sacro
1137 2142 1342 2187 baptismate
1359 2140 1540 2187 pendentis
1569 2139 1736 2186 simplici-

258 2190 334 2222 tate
357 2187 434 2221 fieri
458 2199 525 2221 non
545 2192 683 2233 potest,
710 2192 750 2222 ut
776 2188 952 2234 quisquam
978 2188 1024 2222 sit
1042 2188 1280 2229 Christianus;
1303 2189 1379 2222 sine
1398 2187 1522 2221 eximia
1539 2186 1734 2232 dogmatum

259 2233 418 2275 scientia,
437 2233 521 2268 nihil
538 2236 664 2271 obstat.
712 2235 888 2280 „Alioqui,
908 2234 1021 2280 inquit
1042 2235 1141 2269 divus
1160 2234 1386 2280 Gregorius,⁷'
1410 2233 1522 2276 „nihil
1540 2240 1634 2267 esset
1645 2233 1735 2267 Fide

258 2284 379 2315 nostra
403 2280 586 2323 iniustius,
613 2282 645 2315 si
669 2293 711 2317 ea
737 2281 771 2316 in
789 2283 878 2315 solos
906 2282 1079 2327 sapientes
1101 2282 1274 2317 caderet.''
1322 2281 1463 2326 Quippe
1487 2280 1617 2315 veteris
1643 2279 1736 2314 illius

259 2327 440 2373 Serpentis
466 2326 535 2361 ritu
561 2327 597 2362 in
625 2328 790 2363 eiusmodi
815 2328 1029 2373 labyrinthos
1057 2330 1174 2363 furtim
1193 2341 1270 2363 sese
1290 2328 1465 2362 insinuans
1484 2327 1631 2372 profana
1651 2326 1736 2360 hae-

258 2374 443 2408 reticorum
459 2374 579 2416 turba,
606 2379 642 2408 et
659 2375 771 2409 inanis
788 2375 920 2419 gloriae
943 2387 1049 2410 causa
1070 2376 1190 2410 habitu
1216 2375 1453 2420 magistrorum
1471 2373 1610 2415 induto,
1635 2373 1736 2407 falla-

258 2420 357 2455 cibus
376 2420 492 2456 verbis
511 2420 690 2466 imperitas
708 2429 838 2455 mentes
855 2423 1045 2463 seducunt,
1072 2422 1250 2456 humilibus
1270 2420 1581 2467 comparationibus
1607 2419 1736 2454 violata

257 2467 429 2510 veritate,
453 2467 652 2513 pollutaque
665 2468 858 2513 theologia,
883 2474 923 2503 ut
940 2469 1053 2514 inquit
1069 2469 1217 2513 Magnus
1236 2468 1396 2502 Basilius.
1443 2467 1494 2501 Et
1518 2467 1609 2500 hunc
1633 2466 1736 2500 timo-

256 2525 329 2549 rem
359 2515 413 2548 aio
442 2513 516 2548 divi
539 2514 699 2560 Apostoli
723 2515 848 2557 fuisse,
881 2527 954 2550 cum
974 2516 1093 2550 timere
1118 2528 1156 2549 se
1185 2515 1338 2557 diceret,
1362 2526 1405 2548 ne
1431 2518 1735 2559 corrumperentur

257 2572 379 2595 sensus
395 2560 518 2602 nostri,
541 2566 579 2596 et
596 2562 829 2596 exciderenta
847 2561 1087 2608 simplicitate,
1106 2573 1194 2607 quae
1214 2567 1268 2596 est
1287 2561 1324 2595 in
1341 2560 1491 2595 Christo.
1532 2556 1733 2602 „E}tenim,’'

254 2606 394 2653 inquit,
419 2607 476 2649 „si
501 2607 578 2654 ipse
601 2609 749 2643 Satanas
777 2609 1002 2653 transfigurat
1028 2621 1083 2651 se,
1106 2620 1174 2643 non
1202 2613 1256 2642 est
1287 2619 1444 2652 magnum
1474 2605 1504 2640 si
1530 2612 1567 2640 et
1585 2603 1734 2640 ministri

257 2653 332 2687 eius
355 2653 646 2700 transfigurentur
662 2655 757 2690 velut
775 2655 920 2689 ministri
939 2654 1125 2690 iustitiae.”
1173 2655 1273 2696 Quae
1296 2655 1403 2700 igitur
1428 2653 1472 2688 de
1489 2652 1575 2687 Fide
1594 2664 1615 2686 a
1635 2651 1735 2685 nobis

257 2699 328 2734 dici
345 2711 408 2745 par
428 2707 524 2743 erat,
549 2706 590 2736 ut
606 2701 861 2737 ostenderemus
881 2714 979 2747 quam
999 2713 1140 2736 necesse
1165 2706 1258 2736 esset
1282 2713 1355 2735 eam
1377 2712 1437 2735 nos
1457 2699 1542 2734 nihil
1562 2697 1735 2739 addendo,

257 2745 344 2779 nihil
363 2747 596 2793 detrahendo,
621 2749 776 2784 volentes
805 2753 1010 2794 acceptat-<23
1036 2754 1106 2782 tum
1132 2760 1232 2794 quam
1258 2747 1455 2782 inconstans
1476 2747 1569 2781 foret
1591 2745 1734 2790 dogma-

257 2791 403 2828 ticarum
424 2794 659 2849 quaestionum
681 2806 783 2837 usus,
807 2800 910 2840 atque
928 2802 968 2829 ut
990 2807 1134 2830 necesse
1155 2801 1248 2829 esset
1274 2795 1462 2840 legitimum
1481 2791 1583 2826 Fidei
1605 2791 1733 2825 cultum

257 2848 374 2874 omues
402 2851 514 2884 scu-e,
538 2845 576 2878 at
598 2853 667 2879 non
694 2842 776 2878 item
804 2853 919 2878 omnes
946 2853 1063 2888 parem
1085 2842 1212 2878 habere
1228 2842 1424 2886 dogmatum
1442 2838 1645 2878 scientiam,
1669 2847 1733 2871 nec
