1794 3172
240 151 342 200 662
654 152 972 201 NICEPHORI
1000 150 1328 198 GREGORAE

17 278 58 309 Δ.
75 274 121 307 Μ.
141 272 232 310 6351
242 266 467 329 μαντικὸς,
503 268 584 326 ἐρῶ
617 282 684 311 σοι
712 265 804 323 περὶ
834 264 1020 319 ε’μαυτοῧ
1047 262 1124 318 μέν
1144 260 1317 318 ἥκιστα,
1356 263 1449 322 περὶ
1479 266 1558 307 σοῦ
1578 263 1628 307 δέ
1650 260 1737 319 μᾶ-

64 322 135 356 Iud.
151 323 379 404 11Βλιστα.
417 345 505 389 τοῖς
523 339 600 393 μὲν
623 337 702 395 γὰρ
720 339 805 378 τῶν
830 331 1070 391 ἀνθρώπων
1093 330 1389 384 οἷωνοσκόποις
1415 333 1563 390 τέχνην
1582 333 1736 393 ἀθροί-

245 412 324 464 ζειν
350 410 394 460 ἐξ
413 407 595 465 ὀρνίθων
614 408 681 450 ἐπὶ
711 404 760 448 τὸ
785 401 977 459 ἐσόμενον
1001 403 1218 458 συμβαίνει
1247 401 1446 455 πολλάκις
1478 401 1548 446 διά
1581 421 1626 447 τε
1656 421 1735 446 κα·-

242 480 402 537 θέδρας
436 477 575 521 αὐτῶν
609 478 678 520 καὶ
719 472 906 531 πτήσεως
940 474 1008 516 καὶ
1051 476 1254 529 κλαγγῆς,
1305 473 1382 517 οὐκ
1421 475 1575 517 ἐπίπαν
1609 476 1736 517 amnt

243 549 287 600 ἐς
317 548 530 606 τάσφαλὲς
557 549 769 601 πανταχοῦ
789 548 866 600 τῆς
883 540 1042 586 τούτων
1064 544 1250 593 διανοίας
1271 542 1351 587 ἀπὸ
1375 547 1617 600 στοχασμοῦ
1639 546 1765 590 δια-5

243 616 384 672 σώζειν
405 617 686 673 ἐξικνουμένης
705 614 782 671 τὴν
801 615 1023 672 κρίνουσαν
1042 616 1203 670 ψῆφον.
1244 613 1322 671 ἐγὼ
1345 613 1389 658 δ’
1429 613 1541 673 ὅρνις
1569 613 1627 658 ὢν
1662 614 1738 657 οὖκ

246 688 329 734 ἀπὸ
366 687 580 746 καθέδρας
608 688 678 730 καὶ
713 681 900 741 πτήσεως
936 683 1003 726 καὶ
1035 686 1216 740 κλαγγῆς
1251 682 1473 743 ἀνάρθρου
1503 684 1552 728 τὸ
1586 684 1738 741 μέλλον

247 755 538 816 ἀναγινώσκειν
567 772 634 800 σοι
663 752 813 808 δώσω,
851 752 956 812 πρὸς
987 751 1170 810 ἀνάγκας
1189 752 1371 811 ἀδήλους
1394 772 1438 798 τε
1460 757 1528 798 καὶ
1548 755 1608 811 μὴ
1629 753 1738 798 πάνυ

211 834 397 886 Οσαφεῖς
417 831 624 871 συνωθῶν
642 844 709 881 σε,
748 823 854 868 ἀλλὰ
886 820 1105 882 φωνήεντα
1121 824 1237 880 χείλη
1273 827 1343 868 καὶ
1373 823 1507 883 λόγων
1529 825 1739 884 ἔναρθρον

196 929 199 933 -
245 896 434 954 δύναμιν.
473 896 595 941 ἄκουε
611 901 723 955 γοῦν.
761 895 796 938 εἰ
813 894 888 949 μὲν
912 892 1125 936 ἀπολῦσαί
1138 911 1190 950 με
1219 897 1560 953 προθυμηθειής,
1600 893 1738 946 δ’παΐς
1751 906 1794 942 1ο

244 985 314 1014 σοι
333 965 577 1024 τεθνήξεται
594 981 605 992 ·
642 970 678 1011 εἷ
702 966 748 1010 δὲ
776 970 941 1022 κρατεῖν
965 963 1151 1018 ἐθέλοις,
1192 963 1267 1008 οὐκ
1300 964 1352 1009 ἂν
1378 964 1564 1025 φθάνοις
1583 970 1741 1022 τεθνη-

245 1045 364 1083 κυῖαν
383 1042 557 1096 θρηνῶν
580 1036 657 1094 τὴν
673 1041 860 1094 γυναῖκα.
899 1031 1055 1090 ἐπλήγη
1078 1033 1155 1090 τὴν
1185 1034 1315 1092 ἀκοὴν
1338 1034 1360 1080 ὅ
1384 1034 1489 1094 ἀνήρ
1505 1050 1515 1060 ·
1557 1038 1626 1079 καὶ
1648 1038 1742 1093 διη-

246 1106 365 1167 πόρει
396 1108 502 1152 καθ’
538 1105 708 1161 ἑαυτὸν,
752 1105 947 1162 μεγίστην
977 1102 1236 1162 ἑκατέρωθεν
1268 1103 1377 1165 δρῶν
1398 1107 1474 1163 τὴν
1497 1107 1743 1165 ἐμβρίθειαν

244 1183 323 1222 τοῦ
343 1178 447 1237 παρ’
469 1179 615 1221 ἐλπίδα
635 1180 783 1221 δεινοῦ.
822 1173 935 1230 ὅμως
952 1174 995 1217 ἐν
1012 1175 1158 1233 ἐκλογῇ
1178 1177 1293 1220 δυοῖν
1309 1175 1525 1234 γενόμενος
1544 1175 1742 1236 ἀφύκτων

247 1253 385 1292 κακῶν
419 1248 467 1292 τὸ
505 1246 759 1306 κουφότερον
802 1242 824 1289 ὃ
857 1245 1123 1302 ταλαίπωρος
1154 1246 1306 1301 εἵλετο,
1347 1249 1415 1291 καὶ
1443 1246 1562 1291 λύσιν
1582 1252 1640 1291 τῶ
1665 1246 1738 1305 ἴρ-
1755 1256 1794 1293 15

1617 1292 1627 1307 t

199 1323 336 1363 Βνιθι
368 1318 596 1377 παρασχών
625 1318 765 1369 εὐθὺς
796 1312 962 1374 ἐθρήνει
997 1314 1071 1358 τὸν
1102 1317 1235 1360 παῖδα
1265 1318 1460 1373 κείμενον.
1498 1322 1574 1362 τοῦ
1595 1315 1741 1373 μύθου

246 1389 387 1433 τοίνυν
417 1387 551 1440 οὕτως
584 1388 772 1445 ἔχοντος,
809 1384 931 1430 ἄκουε
959 1387 1027 1428 καὶ
1051 1385 1112 1428 δι’
1146 1385 1194 1430 ὃν
1219 1385 1402 1444 ὁμῢθος
1425 1389 1583 1446 εἴρηται
1602 1386 1739 1446 λόγον.

243 1458 355 1503 ’.Επεὶ
388 1463 473 1502 τῶν
509 1462 815 1515 στρατιωτικῶν
845 1457 887 1499 ἐν
923 1457 1045 1517 πείρα
1073 1456 1289 1514 γεγένημαι
1317 1457 1447 1503 πάλαι
1467 1456 1740 1517 πραγμάτων,

247 1527 306 1580 ὥς
324 1546 368 1586 γε
387 1530 456 1572 καὶ
489 1528 616 1580 αὐτὸς
639 1527 792 1583 οἶσθα,
842 1524 936 1570 οἶδα
960 1525 1151 1584 καὶ,ὅσην
1185 1528 1262 1586 τὴν
1287 1527 1513 1589 ἡμερήσιον
1534 1528 1662 1580 αὐτὸς
1682 1528 1745 1572 ἀεὶ

249 1596 442 1656 δαπάνην
464 1604 562 1659 ποιῇ
582 1604 667 1644 τῶν
683 1594 912 1656 χρημάτων
938 1598 1034 1655 περί
1052 1614 1096 1640 τε
1119 1597 1198 1654 τὴν
1221 1597 1426 1657 ἑπομένην
1459 1617 1525 1644 σοι
1543 1599 1741 1656 ναυτικὴν
1753 1607 1794 1643 2:

250 1667 426 1726 δύναμιν
461 1671 558 1729 περί
593 1687 638 1714 τε
672 1670 749 1721 τὰς
769 1667 930 1721 πεζικὰς
951 1665 1192 1725 φάλαγγας,
1231 1672 1299 1714 καὶ
1326 1672 1391 1714 ἐπὶ
1412 1668 1575 1722 τούτοις
1596 1669 1678 1714 ὅσα
1698 1687 1743 1713 τε

215 1738 488 1791 Εᾶναλίσκεις
523 1741 591 1784 καὶ
630 1739 710 1785 ὅσα
742 1741 784 1792 ἐς
823 1738 886 1781 ἀεὶ
919 1735 1171 1793 ἀναλώσεις,
1219 1740 1351 1797 συχνὰ
1384 1742 1477 1799 περὶ
1507 1741 1747 1798 συμμαχίας

250 1808 578 1869 πρεσβευόμενος
607 1811 713 1869 πρὸς
744 1810 817 1855 τὸν
835 1806 1016 1866 ἡγεμόνα
1047 1813 1132 1852 τῶν
1155 1812 1431 1869 Τριβαλλῶν·
1468 1813 1536 1855 καὶ
1561 1811 1622 1868 μὴ
1644 1808 1748 1869 πρός

252 1896 294 1936 γε
313 1877 442 1935 μόνον
463 1880 612 1924 ἐκεῖνον
632 1881 735 1937 ἔχων
754 1884 828 1924 τοῦ
843 1879 995 1938 χρέους
1015 1877 1063 1922 τὸ
1086 1879 1225 1934 βίαιον
1247 1882 1552 1940 δαψιλεστέραν
1575 1882 1747 1937 πέμπειν

250 1949 327 2005 τὴν
358 1949 518 2004 δεξιὰν,
554 1950 613 2007 μὴ
640 1953 685 1994 δὲ
713 1949 818 2010 πρός
853 1966 898 2007 γε
931 1946 1068 2006 δήπου
1099 1950 1199 2005 μετ’
1232 1952 1382 1996 ἐκεΐνον
1413 1952 1489 2009 τὴν
1521 1950 1794 2011 ἧγεμονίδαὲξ

251 2035 331 2082 ipsa.
354 2035 491 2083 quidem
510 2037 666 2081 minime3
691 2038 735 2074 de
756 2042 793 2074 te
815 2042 929 2074 autem
953 2036 1147 2074 verissime.
1195 2040 1243 2075 At
1258 2052 1301 2076 ex
1320 2040 1517 2076 hominibus
1535 2040 1574 2083 ii,
1598 2039 1659 2086 qui
1685 2050 1748 2074 au-

282 2095 361 2118 ures
382 2088 480 2127 sunt,
503 2085 695 2121 futurorum
713 2087 888 2122 scientiam
910 2097 954 2120 ex
973 2085 1097 2120 avibus
1117 2097 1223 2132 saepe
1245 2088 1432 2134 colligunt3
1457 2100 1501 2124 ex
1521 2089 1657 2123 illarum
1679 2086 1750 2122 sci-

254 2095 338 2165 ficet
357 2129 453 2172 sede,
477 2131 607 2175 volatu,
627 2138 729 2179 atque
746 2135 920 2180 clangore,
946 2132 999 2167 ita
1016 2136 1142 2175 tamen,
1161 2141 1201 2168 ut
1215 2135 1399 2171 veritatem
1417 2135 1620 2171 coniectura
1637 2133 1750 2169 omni-

253 2188 299 2212 no
321 2179 357 2211 et
374 2176 501 2223 ubique
518 2183 613 2214 certa
632 2181 769 2227 assequi
785 2192 879 2216 mens
899 2190 1017 2214 eorum
1043 2179 1136 2213 haud
1162 2181 1283 2227 possit.
1331 2183 1411 2229 Ego
1430 2195 1513 2218 vero
1525 2209 1536 2226 ‚
1566 2181 1641 2216 avis
1659 2192 1750 2227 quae

254 2235 354 2266 sum,
384 2235 452 2258 non
478 2225 544 2259 tibi
572 2238 614 2260 ex
639 2228 744 2270 sede,
778 2231 838 2262 aut
861 2227 1004 2262 confuso
1026 2226 1213 2272 clangore,
1244 2241 1287 2265 ea
1306 2242 1396 2276 quae
1414 2231 1536 2265 futura
1558 2234 1639 2263 sunt
1658 2228 1750 2262 dabo

255 2270 519 2317 cognoscenda,
554 2273 720 2310 obscurae
744 2278 781 2310 et
811 2275 966 2309 incertae
992 2275 1212 2310 necessitatis
1240 2277 1376 2323 legibus
1401 2282 1439 2312 te
1461 2276 1662 2323 implicans,
1688 2274 1751 2310 sed

255 2317 379 2352 vocale
401 2329 440 2351 os
460 2322 496 2353 et
514 2318 713 2356 distinctam
733 2321 889 2357 articulis
912 2320 1103 2356 orationem
1125 2322 1310 2359 adhibebo.
1357 2324 1448 2359 Audi
1468 2324 1588 2370 igitur.
1637 2322 1678 2356 Si
1698 2333 1752 2357 me

256 2363 451 2406 dimiseris,
473 2368 553 2400 tuus
579 2367 740 2402 morietur
766 2369 880 2411 filius3
912 2368 968 2402 sin
986 2367 1193 2413 retinueris,
1217 2375 1384 2406 mortuam
1405 2383 1544 2406 uxorem
1564 2370 1679 2405 statim
1699 2369 1752 2403 lu-

256 2410 368 2456 gebis.
416 2411 484 2447 His
503 2412 602 2447 homo
620 2414 749 2450 auditis
773 2415 951 2462 perculsus
970 2417 1042 2458 θείς
1067 2417 1104 2449 et
1123 2427 1236 2453 secum
1254 2430 1385 2465 anceps
1407 2417 1643 2460 deliberabat,
1669 2428 1754 2462 gra-

253 2457 428 2493 vissimam
446 2458 570 2494 videns
589 2460 750 2507 utrinque
770 2461 996 2497 calamitatem
1014 2467 1156 2507 praeter
1176 2477 1269 2511 spem
1288 2466 1357 2500 sibi
1374 2465 1586 2511 impendere.
1618 2464 1754 2499 Tamen

256 2515 333 2539 cum
353 2516 397 2539 ex
419 2503 551 2541 duobus
573 2505 830 2543 inevitabilibus
850 2509 948 2543 malis
973 2508 1116 2543 alterum
1135 2509 1205 2558 ipsi
1228 2516 1321 2550 esset
1343 2512 1559 2557 eligendum,
1583 2510 1667 2545 illud
1687 2510 1754 2544 mi-

255 2561 313 2585 ser
341 2551 466 2596 elegit,
491 2553 584 2598 quod
610 2560 686 2589 erat
711 2555 846 2599 levius,
877 2567 918 2591 ac
936 2555 1077 2590 dimissa
1095 2558 1171 2601 avi,
1195 2559 1363 2595 iacentem
1387 2559 1502 2594 subito
1524 2558 1631 2593 filium
1651 2557 1752 2592 luxit-

254 2598 307 2633 Ac
326 2598 446 2632 fabula
465 2599 601 2644 quidem
619 2601 669 2636 ita
688 2614 726 2636 se
739 2602 855 2640 habet.
901 2602 1031 2647 Accipe
1049 2603 1130 2646 iam,
1148 2617 1312 2651 quorsum
1327 2605 1466 2640 fabulae
1477 2605 1653 2640 sententia
1672 2615 1755 2651 per-

255 2643 378 2681 tineat.
426 2645 521 2687 Quia
537 2647 591 2682 rei
605 2648 763 2683 militaris
782 2661 878 2684 usum
897 2649 1006 2684 habeo
1022 2650 1238 2696 iampridem,
1259 2658 1300 2688 ut
1317 2653 1395 2699 ipse
1417 2653 1506 2695 scis3
1531 2664 1599 2687 non
1617 2653 1754 2697 ignoro,

255 2694 404 2737 quantos
422 2690 500 2738 ipse
520 2692 664 2729 diurnos
690 2701 843 2741 sumptus
871 2696 1001 2738 facias,
1031 2701 1102 2732 tum
1125 2699 1162 2735 in
1188 2700 1307 2747 copias
1327 2700 1492 2741 navales,
1525 2711 1615 2745 quae
1635 2706 1672 2733 te
1697 2709 1755 2732 se·
1783 2703 1786 2705 ’

251 2742 428 2783 quuntur‚
451 2744 523 2775 tum
543 2739 580 2775 in
603 2742 786 2787 pedestres
814 2743 988 2789 legiones:
1025 2755 1066 2778 ac
1092 2752 1296 2790 praeterea,
1325 2751 1487 2794 quantum
1506 2746 1684 2792 impendas
1712 2756 1754 2780 ac

255 2795 395 2831 semper
419 2784 638 2831 impensurus
663 2788 711 2823 sis
741 2792 908 2835 pecuniae
929 2790 966 2824 in
988 2789 1056 2825 illis
1077 2790 1333 2837 legationibus,
1358 2803 1445 2840 quas
1467 2793 1608 2839 petendi
1635 2790 1757 2827 auxilii

253 2842 361 2867 causa
381 2831 426 2867 ad
445 2832 679 2870 Triballorum
699 2837 888 2884 principem
915 2839 1116 2884 frequentes
1138 2842 1267 2884 mittin
1293 2846 1434 2876 coactus
1456 2852 1524 2875 non
1547 2837 1657 2875 solum
1681 2849 1757 2873 mu-

251 2887 339 2914 nera
356 2878 410 2914 illi
428 2878 613 2927 pinguiora
631 2882 769 2921 mittere
780 2908 792 2928 ,
817 2889 923 2932 atque
938 2885 1007 2933 ipsi
1025 2886 1150 2923 deinde
1167 2888 1312 2934 reginae
1330 2888 1404 2924 eius
1424 2887 1545 2923 uxori:
1569 2887 1634 2922 sed
1654 2897 1758 2934 prae-
