<?xml version="1.0" encoding="UTF-8"?>
<!DOCTYPE html PUBLIC "-//W3C//DTD XHTML 1.0 Transitional//EN"
    "http://www.w3.org/TR/xhtml1/DTD/xhtml1-transitional.dtd">
<html xmlns="http://www.w3.org/1999/xhtml" xml:lang="en" lang="en">
 <head>
  <title>
</title>
<meta http-equiv="Content-Type" content="text/html;charset=utf-8" />
  <meta name='ocr-system' content='tesseract 3.04.00' />
  <meta name='ocr-capabilities' content='ocr_page ocr_carea ocr_par ocr_line ocrx_word'/>
</head>
<body>
  <div class='ocr_page' id='page_1' title='image "./corpusscriptorum39niebuoft_0545.png"; bbox 0 0 1794 3172; ppageno 0'>
   <div class='ocr_carea' id='block_1_1' title="bbox 289 155 1532 208">
    <p class='ocr_par' dir='ltr' id='par_1_1' title="bbox 289 155 1532 208">
     <span class='ocr_line' id='line_1_1' title="bbox 289 155 1532 208; baseline -0.002 -2"><span class='ocrx_word' id='word_1_1' title='bbox 289 159 608 206; x_wconf 84' lang='lat' dir='ltr'><strong>HISTORIAE</strong></span> <span class='ocrx_word' id='word_1_2' title='bbox 629 159 1004 207; x_wconf 84' lang='lat' dir='ltr'><strong>BYZANTINAE</strong></span> <span class='ocrx_word' id='word_1_3' title='bbox 1034 158 1198 205; x_wconf 88' lang='lat' dir='ltr'>XXIII.</span> <span class='ocrx_word' id='word_1_4' title='bbox 1218 165 1260 208; x_wconf 81' lang='lat'>2.</span> <span class='ocrx_word' id='word_1_5' title='bbox 1395 155 1532 203; x_wconf 79' lang='lat'>1103</span> 
     </span>
    </p>
   </div>
   <div class='ocr_carea' id='block_1_2' title="bbox 0 269 1752 1790">
    <p class='ocr_par' dir='ltr' id='par_1_2' title="bbox 0 269 1752 1790">
     <span class='ocr_line' id='line_1_2' title="bbox 49 269 1751 331; baseline -0.001 -15"><span class='ocrx_word' id='word_1_6' title='bbox 49 284 157 316; x_wconf 63' lang='grc' dir='ltr'><em>των·</em></span> <span class='ocrx_word' id='word_1_7' title='bbox 189 272 257 315; x_wconf 79' lang='grc' dir='ltr'><em>καὶ</em></span> <span class='ocrx_word' id='word_1_8' title='bbox 278 269 375 322; x_wconf 85' lang='grc' dir='ltr'><em>ὅλος</em></span> <span class='ocrx_word' id='word_1_9' title='bbox 393 272 598 327; x_wconf 80' lang='grc' dir='ltr'><em>μεθεκτός</em></span> <span class='ocrx_word' id='word_1_10' title='bbox 615 269 637 316; x_wconf 83' lang='grc' dir='ltr'>ὅ</span> <span class='ocrx_word' id='word_1_11' title='bbox 662 270 792 323; x_wconf 74' lang='grc' dir='ltr'><em>αὐτὸς</em></span> <span class='ocrx_word' id='word_1_12' title='bbox 807 272 874 316; x_wconf 78' lang='grc' dir='ltr'><em>καὶ</em></span> <span class='ocrx_word' id='word_1_13' title='bbox 897 269 994 322; x_wconf 82' lang='grc' dir='ltr'>ὅλος</span> <span class='ocrx_word' id='word_1_14' title='bbox 1016 269 1255 325; x_wconf 78' lang='grc' dir='ltr'><em>ἆμὲθεκτος.</em></span> <span class='ocrx_word' id='word_1_15' title='bbox 1293 269 1386 331; x_wconf 82' lang='grc' dir='ltr'>(Ζ.)</span> <span class='ocrx_word' id='word_1_16' title='bbox 1407 270 1532 315; x_wconf 82' lang='grc' dir='ltr'><em>Ἀλλὰ</em></span> <span class='ocrx_word' id='word_1_17' title='bbox 1542 286 1581 320; x_wconf 72' lang='grc' dir='ltr'>Α.</span> <span class='ocrx_word' id='word_1_18' title='bbox 1603 287 1642 322; x_wconf 78' lang='grc' dir='ltr'>ο,</span> <span class='ocrx_word' id='word_1_19' title='bbox 1662 287 1751 324; x_wconf 77' lang='lat'>1351</span> 
     </span>
     <span class='ocr_line' id='line_1_3' title="bbox 50 334 1752 417; baseline 0 -33"><span class='ocrx_word' id='word_1_20' title='bbox 50 345 201 384; x_wconf 86' lang='grc' dir='ltr'><em>τοῦτον</em></span> <span class='ocrx_word' id='word_1_21' title='bbox 228 338 249 385; x_wconf 84' lang='grc' dir='ltr'><strong><em>ὅ</em></strong></span> <span class='ocrx_word' id='word_1_22' title='bbox 271 342 527 398; x_wconf 82' lang='grc' dir='ltr'><em>Χριστιανὸς</em></span> <span class='ocrx_word' id='word_1_23' title='bbox 555 339 785 398; x_wconf 73' lang='grc' dir='ltr'><em>ἐμιμήσατο</em></span> <span class='ocrx_word' id='word_1_24' title='bbox 812 344 1027 397; x_wconf 84' lang='grc' dir='ltr'><em>Παλαμᾶς</em></span> <span class='ocrx_word' id='word_1_25' title='bbox 1046 340 1229 395; x_wconf 78' lang='grc' dir='ltr'><em>ἀμαθῶς</em></span> <span class='ocrx_word' id='word_1_26' title='bbox 1248 357 1291 384; x_wconf 89' lang='grc' dir='ltr'>τε</span> <span class='ocrx_word' id='word_1_27' title='bbox 1309 342 1377 384; x_wconf 77' lang='grc' dir='ltr'><em>καὶ</em></span> <span class='ocrx_word' id='word_1_28' title='bbox 1405 334 1752 417; x_wconf 48' lang='grc' dir='ltr'><em>κακο-Ῑωῑῐζέξέοέὼ</em></span> 
     </span>
     <span class='ocr_line' id='line_1_4' title="bbox 49 402 1677 468; baseline -0.001 -14"><span class='ocrx_word' id='word_1_29' title='bbox 49 409 234 468; x_wconf 85' lang='grc' dir='ltr'><em>τρόπως,</em></span> <span class='ocrx_word' id='word_1_30' title='bbox 281 412 350 454; x_wconf 81' lang='grc' dir='ltr'><em>καὶ</em></span> <span class='ocrx_word' id='word_1_31' title='bbox 386 409 673 467; x_wconf 81' lang='grc' dir='ltr'><em>μιμησάμενος</em></span> <span class='ocrx_word' id='word_1_32' title='bbox 711 411 786 454; x_wconf 83' lang='grc' dir='ltr'>οὒκ</span> <span class='ocrx_word' id='word_1_33' title='bbox 815 411 1008 468; x_wconf 77' lang='grc' dir='ltr'><em>ἠνέσχετο</em></span> <span class='ocrx_word' id='word_1_34' title='bbox 1036 410 1156 467; x_wconf 80' lang='grc' dir='ltr'><em>μέχρι</em></span> <span class='ocrx_word' id='word_1_35' title='bbox 1190 408 1401 467; x_wconf 86' lang='grc' dir='ltr'><em>μιμήσεως</em></span> <span class='ocrx_word' id='word_1_36' title='bbox 1429 409 1531 454; x_wconf 73' lang='grc' dir='ltr'><em>εἶναι</em></span> <span class='ocrx_word' id='word_1_37' title='bbox 1587 402 1596 412; x_wconf 65' lang='grc'><strong>’</strong></span> <span class='ocrx_word' id='word_1_38' title='bbox 1668 405 1677 414; x_wconf 72' lang='grc'><strong>’</strong></span> 
     </span>
     <span class='ocr_line' id='line_1_5' title="bbox 49 478 1564 538; baseline -0.001 -15"><span class='ocrx_word' id='word_1_39' title='bbox 49 478 309 535; x_wconf 82' lang='grc' dir='ltr'><em>τάγώνισμα·</em></span> <span class='ocrx_word' id='word_1_40' title='bbox 342 479 449 523; x_wconf 82' lang='grc' dir='ltr'><em>ἀλλὰ</em></span> <span class='ocrx_word' id='word_1_41' title='bbox 471 479 688 538; x_wconf 85' lang='grc' dir='ltr'><em>φιλότιμος</em></span> <span class='ocrx_word' id='word_1_42' title='bbox 708 479 766 524; x_wconf 81' lang='grc' dir='ltr'><em>ὢν</em></span> <span class='ocrx_word' id='word_1_43' title='bbox 783 482 826 523; x_wconf 72' lang='grc' dir='ltr'><em>ἐν</em></span> <span class='ocrx_word' id='word_1_44' title='bbox 842 488 984 532; x_wconf 80' lang='grc' dir='ltr'><strong><em>κακοῖς</em></strong></span> <span class='ocrx_word' id='word_1_45' title='bbox 1006 481 1156 523; x_wconf 75' lang='grc' dir='ltr'><em>ἐκείνου</em></span> <span class='ocrx_word' id='word_1_46' title='bbox 1178 480 1252 529; x_wconf 72' lang='grc' dir='ltr'><em>μὲν</em></span> <span class='ocrx_word' id='word_1_47' title='bbox 1274 481 1317 532; x_wconf 73' lang='grc' dir='ltr'>ἐξ</span> <span class='ocrx_word' id='word_1_48' title='bbox 1335 480 1524 535; x_wconf 79' lang='grc' dir='ltr'><em>ἀμαθίας</em></span> <span class='ocrx_word' id='word_1_49' title='bbox 1534 495 1564 529; x_wconf 85' lang='lat' dir='ltr'>B</span> 
     </span>
     <span class='ocr_line' id='line_1_6' title="bbox 19 549 1533 610; baseline 0.001 -18"><span class='ocrx_word' id='word_1_50' title='bbox 19 550 280 607; x_wconf 67' lang='grc' dir='ltr'><em>εδιίφθαρκε</em></span> <span class='ocrx_word' id='word_1_51' title='bbox 301 549 378 605; x_wconf 81' lang='grc' dir='ltr'><em>τὴν</em></span> <span class='ocrx_word' id='word_1_52' title='bbox 396 550 526 604; x_wconf 65' lang='grc' dir='ltr'><em>λε’ξιν,</em></span> <span class='ocrx_word' id='word_1_53' title='bbox 565 550 692 601; x_wconf 77' lang='grc' dir='ltr'><em>αὐτὸς</em></span> <span class='ocrx_word' id='word_1_54' title='bbox 710 551 756 594; x_wconf 75' lang='grc' dir='ltr'>δὲ</span> <span class='ocrx_word' id='word_1_55' title='bbox 779 554 831 608; x_wconf 87' lang='grc' dir='ltr'>τῇ</span> <span class='ocrx_word' id='word_1_56' title='bbox 852 552 974 610; x_wconf 80' lang='grc' dir='ltr'><strong><em>κακίᾳ</em></strong></span> <span class='ocrx_word' id='word_1_57' title='bbox 993 551 1139 593; x_wconf 81' lang='grc' dir='ltr'><strong><em>κακίαν</em></strong></span> <span class='ocrx_word' id='word_1_58' title='bbox 1160 551 1414 607; x_wconf 77' lang='grc' dir='ltr'><em>προστίθησι</em></span> <span class='ocrx_word' id='word_1_59' title='bbox 1438 552 1533 593; x_wconf 73' lang='grc' dir='ltr'><em>δια·</em></span> 
     </span>
     <span class='ocr_line' id='line_1_7' title="bbox 49 617 1532 677; baseline 0.002 -16"><span class='ocrx_word' id='word_1_60' title='bbox 49 620 176 670; x_wconf 87' lang='grc' dir='ltr'><em>νοίας.</em></span> <span class='ocrx_word' id='word_1_61' title='bbox 224 620 372 670; x_wconf 72' lang='grc' dir='ltr'><em>ἐκεῖνος</em></span> <span class='ocrx_word' id='word_1_62' title='bbox 401 620 478 675; x_wconf 76' lang='grc' dir='ltr'><em>μὲν</em></span> <span class='ocrx_word' id='word_1_63' title='bbox 501 619 581 677; x_wconf 77' lang='grc' dir='ltr'>γὰρ</span> <span class='ocrx_word' id='word_1_64' title='bbox 614 619 778 676; x_wconf 74' lang='grc' dir='ltr'><em>οὐδαμῆ</em></span> <span class='ocrx_word' id='word_1_65' title='bbox 809 621 1064 676; x_wconf 78' lang='grc' dir='ltr'><em>δογματίζων</em></span> <span class='ocrx_word' id='word_1_66' title='bbox 1085 618 1289 663; x_wconf 84' lang='grc' dir='ltr'><em>ἀκτίστων</em></span> <span class='ocrx_word' id='word_1_67' title='bbox 1316 617 1532 676; x_wconf 83' lang='grc' dir='ltr'><em>θεοτήτων</em></span> 
     </span>
     <span class='ocr_line' id='line_1_8' title="bbox 47 686 1679 747; baseline 0.002 -16"><span class='ocrx_word' id='word_1_68' title='bbox 47 686 204 744; x_wconf 23' lang='grc' dir='ltr'><em>ἡλώκει,</em></span> <span class='ocrx_word' id='word_1_69' title='bbox 218 692 406 745; x_wconf 74' lang='grc' dir='ltr'><em>πλῆθος·</em></span> <span class='ocrx_word' id='word_1_70' title='bbox 440 691 547 745; x_wconf 76' lang='grc' dir='ltr'><em>μηδὲ</em></span> <span class='ocrx_word' id='word_1_71' title='bbox 565 689 642 747; x_wconf 77' lang='grc' dir='ltr'>γὰρ</span> <span class='ocrx_word' id='word_1_72' title='bbox 665 690 856 747; x_wconf 72' lang='grc' dir='ltr'>ἐγχωρεῖν</span> <span class='ocrx_word' id='word_1_73' title='bbox 877 690 1032 746; x_wconf 75' lang='grc' dir='ltr'>ἐνεργεῖ</span> <span class='ocrx_word' id='word_1_74' title='bbox 1045 693 1097 747; x_wconf 83' lang='grc' dir='ltr'>τῇ</span> <span class='ocrx_word' id='word_1_75' title='bbox 1118 687 1262 747; x_wconf 82' lang='grc' dir='ltr'><em>φύσει·</em></span> <span class='ocrx_word' id='word_1_76' title='bbox 1309 687 1332 733; x_wconf 81' lang='grc' dir='ltr'><strong>ὅ</strong></span> <span class='ocrx_word' id='word_1_77' title='bbox 1357 689 1401 732; x_wconf 72' lang='grc' dir='ltr'>δ’</span> <span class='ocrx_word' id='word_1_78' title='bbox 1424 689 1527 743; x_wconf 73' lang='grc' dir='ltr'><em>ἁμέ·</em></span> <span class='ocrx_word' id='word_1_79' title='bbox 1549 700 1595 738; x_wconf 84' lang='lat' dir='ltr'>V.</span> <span class='ocrx_word' id='word_1_80' title='bbox 1610 701 1679 738; x_wconf 83' lang='lat'>558</span> 
     </span>
     <span class='ocr_line' id='line_1_9' title="bbox 47 756 1531 820; baseline 0 -19"><span class='ocrx_word' id='word_1_81' title='bbox 47 756 199 802; x_wconf 78' lang='grc' dir='ltr'><em>θεκτόν</em></span> <span class='ocrx_word' id='word_1_82' title='bbox 220 775 262 801; x_wconf 87' lang='grc' dir='ltr'>τε</span> <span class='ocrx_word' id='word_1_83' title='bbox 292 760 358 801; x_wconf 76' lang='grc' dir='ltr'><em>καὶ</em></span> <span class='ocrx_word' id='word_1_84' title='bbox 390 756 676 815; x_wconf 73' lang='grc' dir='ltr'>ὑπερκείμενον</span> <span class='ocrx_word' id='word_1_85' title='bbox 701 759 851 817; x_wconf 67' lang='grc' dir='ltr'><em>ἔφησεν</em></span> <span class='ocrx_word' id='word_1_86' title='bbox 878 757 978 802; x_wconf 76' lang='grc' dir='ltr'><em>εἶναι</em></span> <span class='ocrx_word' id='word_1_87' title='bbox 1003 763 1170 815; x_wconf 84' lang='grc' dir='ltr'><em>πρῶτον</em></span> <span class='ocrx_word' id='word_1_88' title='bbox 1195 756 1321 801; x_wconf 84' lang='grc' dir='ltr'><em>θεόν·</em></span> <span class='ocrx_word' id='word_1_89' title='bbox 1359 759 1531 820; x_wconf 73' lang='grc' dir='ltr'><em>δευτέρᾳ</em></span> 
     </span>
     <span class='ocr_line' id='line_1_10' title="bbox 48 826 1529 885; baseline 0.001 -15"><span class='ocrx_word' id='word_1_90' title='bbox 48 827 93 870; x_wconf 71' lang='grc' dir='ltr'>δ’</span> <span class='ocrx_word' id='word_1_91' title='bbox 119 827 256 871; x_wconf 68' lang='grc' dir='ltr'><em>ἔπειτα</em></span> <span class='ocrx_word' id='word_1_92' title='bbox 278 829 423 871; x_wconf 76' lang='grc' dir='ltr'><em>δίδωσι</em></span> <span class='ocrx_word' id='word_1_93' title='bbox 441 827 551 879; x_wconf 78' lang='grc' dir='ltr'><em>τάξει</em></span> <span class='ocrx_word' id='word_1_94' title='bbox 571 829 619 872; x_wconf 83' lang='grc' dir='ltr'>τὸ</span> <span class='ocrx_word' id='word_1_95' title='bbox 642 833 725 873; x_wconf 79' lang='grc' dir='ltr'><em>τῶν</em></span> <span class='ocrx_word' id='word_1_96' title='bbox 741 833 956 884; x_wconf 86' lang='grc' dir='ltr'><em>μεθεκτῶν</em></span> <span class='ocrx_word' id='word_1_97' title='bbox 977 830 1044 871; x_wconf 81' lang='grc' dir='ltr'><em>καὶ</em></span> <span class='ocrx_word' id='word_1_98' title='bbox 1065 826 1294 885; x_wconf 80' lang='grc' dir='ltr'><em>ὖφειμένων</em></span> <span class='ocrx_word' id='word_1_99' title='bbox 1313 826 1529 884; x_wconf 82' lang='grc' dir='ltr'><em>θεοτήτων</em></span> 
     </span>
     <span class='ocr_line' id='line_1_11' title="bbox 0 895 1564 956; baseline 0.001 -17"><span class='ocrx_word' id='word_1_100' title='bbox 0 908 37 945; x_wconf 79' lang='grc' dir='ltr'>ιο</span> <span class='ocrx_word' id='word_1_101' title='bbox 51 895 237 952; x_wconf 80' lang='grc' dir='ltr'><em>πλῆθος·</em></span> <span class='ocrx_word' id='word_1_102' title='bbox 287 899 430 954; x_wconf 81' lang='grc' dir='ltr'><em>τρίτην</em></span> <span class='ocrx_word' id='word_1_103' title='bbox 460 899 506 941; x_wconf 76' lang='grc' dir='ltr'>δὲ</span> <span class='ocrx_word' id='word_1_104' title='bbox 531 896 676 956; x_wconf 82' lang='grc' dir='ltr'><em>χώραν</em></span> <span class='ocrx_word' id='word_1_105' title='bbox 711 897 838 954; x_wconf 67' lang='grc' dir='ltr'><em>ἔνειμε</em></span> <span class='ocrx_word' id='word_1_106' title='bbox 874 905 963 949; x_wconf 76' lang='grc' dir='ltr'><em>τοῖς</em></span> <span class='ocrx_word' id='word_1_107' title='bbox 988 915 1031 945; x_wconf 83' lang='grc' dir='ltr'>τε</span> <span class='ocrx_word' id='word_1_108' title='bbox 1063 895 1304 953; x_wconf 83' lang='grc' dir='ltr'><em>ἀνθρώποις</em></span> <span class='ocrx_word' id='word_1_109' title='bbox 1339 899 1407 941; x_wconf 82' lang='grc' dir='ltr'><em>καὶ</em></span> <span class='ocrx_word' id='word_1_110' title='bbox 1445 897 1564 944; x_wconf 79' lang='grc' dir='ltr'><em>ὅσαο</em></span> 
     </span>
     <span class='ocr_line' id='line_1_12' title="bbox 46 964 1528 1025; baseline 0.001 -16"><span class='ocrx_word' id='word_1_111' title='bbox 46 964 128 1009; x_wconf 70' lang='grc' dir='ltr'>ὑπὸ</span> <span class='ocrx_word' id='word_1_112' title='bbox 149 967 226 1022; x_wconf 83' lang='grc' dir='ltr'><em>τὴν</em></span> <span class='ocrx_word' id='word_1_113' title='bbox 247 967 446 1023; x_wconf 74' lang='grc' dir='ltr'><em>αἴσθησιν</em></span> <span class='ocrx_word' id='word_1_114' title='bbox 467 967 638 1024; x_wconf 75' lang='grc' dir='ltr'><em>ἐνάρετα</em></span> <span class='ocrx_word' id='word_1_115' title='bbox 661 967 888 1025; x_wconf 87' lang='grc' dir='ltr'><em>πράγματα</em></span> <span class='ocrx_word' id='word_1_116' title='bbox 901 1001 915 1021; x_wconf 89' lang='grc'><em>,</em></span> <span class='ocrx_word' id='word_1_117' title='bbox 951 967 1068 1011; x_wconf 80' lang='grc' dir='ltr'><em>καθὰ</em></span> <span class='ocrx_word' id='word_1_118' title='bbox 1088 965 1284 1017; x_wconf 82' lang='grc' dir='ltr'>πολλάκις</span> <span class='ocrx_word' id='word_1_119' title='bbox 1304 967 1467 1023; x_wconf 71' lang='grc' dir='ltr'><em>εἴρηταί</em></span> <span class='ocrx_word' id='word_1_120' title='bbox 1483 986 1528 1012; x_wconf 86' lang='grc' dir='ltr'>τε</span> 
     </span>
     <span class='ocr_line' id='line_1_13' title="bbox 45 1034 1527 1095; baseline 0 -16"><span class='ocrx_word' id='word_1_121' title='bbox 45 1037 115 1079; x_wconf 86' lang='grc' dir='ltr'><em>καὶ</em></span> <span class='ocrx_word' id='word_1_122' title='bbox 148 1034 351 1093; x_wconf 74' lang='grc' dir='ltr'><em>εἰρήσεται</em></span> <span class='ocrx_word' id='word_1_123' title='bbox 383 1034 508 1091; x_wconf 64' lang='grc' dir='ltr'>ἧμΐνῖ</span> <span class='ocrx_word' id='word_1_124' title='bbox 543 1038 612 1080; x_wconf 82' lang='grc' dir='ltr'><em>καὶ</em></span> <span class='ocrx_word' id='word_1_125' title='bbox 641 1036 728 1091; x_wconf 83' lang='grc' dir='ltr'><em>ἅμα</em></span> <span class='ocrx_word' id='word_1_126' title='bbox 761 1034 922 1094; x_wconf 77' lang='grc' dir='ltr'><em>ἄναρχά</em></span> <span class='ocrx_word' id='word_1_127' title='bbox 943 1054 988 1080; x_wconf 85' lang='grc' dir='ltr'>τε</span> <span class='ocrx_word' id='word_1_128' title='bbox 1007 1038 1075 1079; x_wconf 80' lang='grc' dir='ltr'><em>καὶ</em></span> <span class='ocrx_word' id='word_1_129' title='bbox 1099 1036 1273 1079; x_wconf 75' lang='grc' dir='ltr'><em>ἅκτιστα</em></span> <span class='ocrx_word' id='word_1_130' title='bbox 1301 1035 1401 1079; x_wconf 76' lang='grc' dir='ltr'><em>εἶναι</em></span> <span class='ocrx_word' id='word_1_131' title='bbox 1427 1035 1527 1095; x_wconf 76' lang='grc' dir='ltr'><em>ὠρί-</em></span> 
     </span>
     <span class='ocr_line' id='line_1_14' title="bbox 44 1104 1522 1163; baseline 0.002 -15"><span class='ocrx_word' id='word_1_132' title='bbox 44 1122 150 1148; x_wconf 86' lang='grc' dir='ltr'><em>σατο</em></span> <span class='ocrx_word' id='word_1_133' title='bbox 159 1141 171 1159; x_wconf 84' lang='lat'>,</span> <span class='ocrx_word' id='word_1_134' title='bbox 209 1105 315 1160; x_wconf 79' lang='grc' dir='ltr'><em>μετὰ</em></span> <span class='ocrx_word' id='word_1_135' title='bbox 334 1109 489 1161; x_wconf 83' lang='grc' dir='ltr'><em>πολλῆς</em></span> <span class='ocrx_word' id='word_1_136' title='bbox 508 1110 584 1161; x_wconf 84' lang='grc' dir='ltr'>τῆς</span> <span class='ocrx_word' id='word_1_137' title='bbox 612 1106 836 1157; x_wconf 83' lang='grc' dir='ltr'><em>αὐθεντίας</em></span> <span class='ocrx_word' id='word_1_138' title='bbox 854 1104 1130 1161; x_wconf 80' lang='grc' dir='ltr'><em>ποιησάμενος</em></span> <span class='ocrx_word' id='word_1_139' title='bbox 1154 1106 1230 1161; x_wconf 87' lang='grc' dir='ltr'><em>τὴν</em></span> <span class='ocrx_word' id='word_1_140' title='bbox 1259 1104 1522 1163; x_wconf 73' lang='grc' dir='ltr'><em>προσθήκην.</em></span> 
     </span>
     <span class='ocr_line' id='line_1_15' title="bbox 45 1172 1522 1233; baseline 0.001 -16"><span class='ocrx_word' id='word_1_141' title='bbox 45 1173 156 1218; x_wconf 72' lang='grc' dir='ltr'><em>οὕτω</em></span> <span class='ocrx_word' id='word_1_142' title='bbox 186 1172 207 1218; x_wconf 82' lang='grc' dir='ltr'>ὅ</span> <span class='ocrx_word' id='word_1_143' title='bbox 237 1173 453 1233; x_wconf 84' lang='grc' dir='ltr'><em>φιλότιμος</em></span> <span class='ocrx_word' id='word_1_144' title='bbox 490 1175 594 1233; x_wconf 82' lang='grc' dir='ltr'><em>ἀνὴρ</em></span> <span class='ocrx_word' id='word_1_145' title='bbox 626 1177 778 1232; x_wconf 86' lang='grc' dir='ltr'><em>γίνεται</em></span> <span class='ocrx_word' id='word_1_146' title='bbox 804 1175 983 1231; x_wconf 83' lang='grc' dir='ltr'><em>χορηγὸς</em></span> <span class='ocrx_word' id='word_1_147' title='bbox 1011 1179 1095 1218; x_wconf 86' lang='grc' dir='ltr'><em>τῶν</em></span> <span class='ocrx_word' id='word_1_148' title='bbox 1122 1173 1227 1230; x_wconf 74' lang='grc' dir='ltr'><em>μήτ’</em></span> <span class='ocrx_word' id='word_1_149' title='bbox 1258 1175 1388 1219; x_wconf 74' lang='grc' dir='ltr'><em>ὄντων</em></span> <span class='ocrx_word' id='word_1_150' title='bbox 1414 1174 1522 1232; x_wconf 76' lang='grc' dir='ltr'><em>μήτ’</em></span> 
     </span>
     <span class='ocr_line' id='line_1_16' title="bbox 0 1243 1522 1304; baseline 0.001 -17"><span class='ocrx_word' id='word_1_151' title='bbox 0 1256 33 1293; x_wconf 72' lang='grc'>[5</span> <span class='ocrx_word' id='word_1_152' title='bbox 45 1244 263 1299; x_wconf 72' lang='grc' dir='ltr'><em>ἐσομένων,</em></span> <span class='ocrx_word' id='word_1_153' title='bbox 291 1244 492 1302; x_wconf 82' lang='grc' dir='ltr'><em>ἀναρχίαν</em></span> <span class='ocrx_word' id='word_1_154' title='bbox 511 1246 578 1288; x_wconf 78' lang='grc' dir='ltr'><em>καὶ</em></span> <span class='ocrx_word' id='word_1_155' title='bbox 598 1244 785 1288; x_wconf 83' lang='grc' dir='ltr'><em>ἇκτισίαν</em></span> <span class='ocrx_word' id='word_1_156' title='bbox 805 1246 1052 1298; x_wconf 77' lang='grc' dir='ltr'><em>ἐπευωνίζων</em></span> <span class='ocrx_word' id='word_1_157' title='bbox 1075 1243 1207 1295; x_wconf 77' lang='grc' dir='ltr'><em>οὕτως</em></span> <span class='ocrx_word' id='word_1_158' title='bbox 1226 1243 1403 1304; x_wconf 81' lang='grc' dir='ltr'><em>ἀφθόνῳ</em></span> <span class='ocrx_word' id='word_1_159' title='bbox 1419 1248 1522 1303; x_wconf 80' lang='grc' dir='ltr'><em>χειρὶ</em></span> 
     </span>
     <span class='ocr_line' id='line_1_17' title="bbox 42 1313 1559 1373; baseline 0 -16"><span class='ocrx_word' id='word_1_160' title='bbox 42 1321 131 1364; x_wconf 81' lang='grc' dir='ltr'><em>τοῖς</em></span> <span class='ocrx_word' id='word_1_161' title='bbox 152 1315 371 1368; x_wconf 84' lang='grc' dir='ltr'><em>κτίσμασι,</em></span> <span class='ocrx_word' id='word_1_162' title='bbox 402 1316 471 1357; x_wconf 81' lang='grc' dir='ltr'><em>καὶ</em></span> <span class='ocrx_word' id='word_1_163' title='bbox 493 1314 568 1365; x_wconf 81' lang='grc' dir='ltr'>τὰς</span> <span class='ocrx_word' id='word_1_164' title='bbox 585 1316 661 1370; x_wconf 77' lang='grc' dir='ltr'><em>μὲν</em></span> <span class='ocrx_word' id='word_1_165' title='bbox 684 1313 740 1365; x_wconf 81' lang='grc' dir='ltr'>ὥς</span> <span class='ocrx_word' id='word_1_166' title='bbox 757 1314 873 1373; x_wconf 69' lang='grc' dir='ltr'><em>ὕδωρ</em></span> <span class='ocrx_word' id='word_1_167' title='bbox 891 1316 1093 1371; x_wconf 84' lang='grc' dir='ltr'><em>σπείρων,</em></span> <span class='ocrx_word' id='word_1_168' title='bbox 1131 1313 1208 1364; x_wconf 83' lang='grc' dir='ltr'>τὰς</span> <span class='ocrx_word' id='word_1_169' title='bbox 1229 1314 1273 1356; x_wconf 70' lang='grc' dir='ltr'>δ’</span> <span class='ocrx_word' id='word_1_170' title='bbox 1297 1313 1354 1364; x_wconf 82' lang='grc' dir='ltr'>ὥς</span> <span class='ocrx_word' id='word_1_171' title='bbox 1381 1313 1559 1370; x_wconf 56' lang='lat' dir='ltr'>&amp;mmm</span> 
     </span>
     <span class='ocr_line' id='line_1_18' title="bbox 43 1381 1519 1441; baseline 0.001 -15"><span class='ocrx_word' id='word_1_172' title='bbox 43 1385 354 1441; x_wconf 79' lang='grc' dir='ltr'><em>διασκορπίζων.</em></span> <span class='ocrx_word' id='word_1_173' title='bbox 391 1382 623 1440; x_wconf 79' lang='grc' dir='ltr'><em>θαυμάσειε</em></span> <span class='ocrx_word' id='word_1_174' title='bbox 652 1384 695 1428; x_wconf 78' lang='lat'>&lt;5³</span> <span class='ocrx_word' id='word_1_175' title='bbox 721 1383 772 1428; x_wconf 72' lang='grc' dir='ltr'><em>ἄν</em></span> <span class='ocrx_word' id='word_1_176' title='bbox 792 1401 877 1438; x_wconf 84' lang='grc' dir='ltr'><em>τις,</em></span> <span class='ocrx_word' id='word_1_177' title='bbox 907 1388 995 1434; x_wconf 80' lang='grc' dir='ltr'>πῶς</span> <span class='ocrx_word' id='word_1_178' title='bbox 1016 1382 1044 1426; x_wconf 75' lang='grc' dir='ltr'><em>ἃ</em></span> <span class='ocrx_word' id='word_1_179' title='bbox 1069 1383 1145 1438; x_wconf 75' lang='grc' dir='ltr'><em>μὲν</em></span> <span class='ocrx_word' id='word_1_180' title='bbox 1166 1381 1270 1438; x_wconf 81' lang='grc' dir='ltr'><em>μήτ’</em></span> <span class='ocrx_word' id='word_1_181' title='bbox 1297 1383 1376 1438; x_wconf 56' lang='grc' dir='ltr'><em>ἥξει</em></span> <span class='ocrx_word' id='word_1_182' title='bbox 1403 1382 1519 1440; x_wconf 74' lang='grc' dir='ltr'><em>μήθ’</em></span> 
     </span>
     <span class='ocr_line' id='line_1_19' title="bbox 42 1445 1520 1511; baseline 0 -15"><span class='ocrx_word' id='word_1_183' title='bbox 42 1453 119 1505; x_wconf 67' lang='grc' dir='ltr'><em>ἔξει</em></span> <span class='ocrx_word' id='word_1_184' title='bbox 150 1455 342 1506; x_wconf 77' lang='grc' dir='ltr'><em>δίδωσιν,</em></span> <span class='ocrx_word' id='word_1_185' title='bbox 380 1445 516 1511; x_wconf 83' lang='grc' dir='ltr'><em>ὥσπερ</em></span> <span class='ocrx_word' id='word_1_186' title='bbox 549 1453 833 1510; x_wconf 69' lang='grc' dir='ltr'><em>αὗτοματιζων</em></span> <span class='ocrx_word' id='word_1_187' title='bbox 859 1456 944 1505; x_wconf 82' lang='grc' dir='ltr'><em>τῶν</em></span> <span class='ocrx_word' id='word_1_188' title='bbox 969 1450 1073 1508; x_wconf 77' lang='grc' dir='ltr'><em>μήτ’</em></span> <span class='ocrx_word' id='word_1_189' title='bbox 1097 1451 1228 1496; x_wconf 72' lang='grc' dir='ltr'><em>ὄντων</em></span> <span class='ocrx_word' id='word_1_190' title='bbox 1248 1450 1353 1508; x_wconf 84' lang='grc' dir='ltr'><em>μήτ’</em></span> <span class='ocrx_word' id='word_1_191' title='bbox 1374 1453 1520 1507; x_wconf 73' lang='grc' dir='ltr'><em>ἐσομέ-</em></span> 
     </span>
     <span class='ocr_line' id='line_1_20' title="bbox 41 1519 1519 1581; baseline -0.001 -16"><span class='ocrx_word' id='word_1_192' title='bbox 41 1540 124 1566; x_wconf 90' lang='grc' dir='ltr'>νων</span> <span class='ocrx_word' id='word_1_193' title='bbox 150 1523 225 1577; x_wconf 82' lang='grc' dir='ltr'><em>τὴν</em></span> <span class='ocrx_word' id='word_1_194' title='bbox 251 1523 428 1579; x_wconf 85' lang='grc' dir='ltr'><em>γε’νεσιν·</em></span> <span class='ocrx_word' id='word_1_195' title='bbox 463 1528 548 1567; x_wconf 84' lang='grc' dir='ltr'><em>τῶν</em></span> <span class='ocrx_word' id='word_1_196' title='bbox 580 1524 625 1566; x_wconf 80' lang='grc' dir='ltr'>δὲ</span> <span class='ocrx_word' id='word_1_197' title='bbox 654 1521 883 1581; x_wconf 87' lang='grc' dir='ltr'><em>χρημάτων</em></span> <span class='ocrx_word' id='word_1_198' title='bbox 912 1521 966 1564; x_wconf 79' lang='grc' dir='ltr'>τὰ</span> <span class='ocrx_word' id='word_1_199' title='bbox 999 1522 1074 1576; x_wconf 72' lang='grc' dir='ltr'><em>μὲν</em></span> <span class='ocrx_word' id='word_1_200' title='bbox 1102 1519 1158 1571; x_wconf 81' lang='grc' dir='ltr'>ὥς</span> <span class='ocrx_word' id='word_1_201' title='bbox 1190 1521 1328 1577; x_wconf 71' lang='grc' dir='ltr'><em>ἅμμον</em></span> <span class='ocrx_word' id='word_1_202' title='bbox 1349 1526 1519 1577; x_wconf 86' lang='grc' dir='ltr'><em>θησαυ-</em></span> 
     </span>
     <span class='ocr_line' id='line_1_21' title="bbox 0 1589 1519 1649; baseline 0.002 -17"><span class='ocrx_word' id='word_1_203' title='bbox 0 1594 166 1649; x_wconf 67' lang='grc' dir='ltr'><em>ῑορίζει,</em></span> <span class='ocrx_word' id='word_1_204' title='bbox 202 1597 286 1635; x_wconf 83' lang='grc' dir='ltr'><em>τῶν</em></span> <span class='ocrx_word' id='word_1_205' title='bbox 313 1594 440 1636; x_wconf 89' lang='grc' dir='ltr'><em>θείων</em></span> <span class='ocrx_word' id='word_1_206' title='bbox 472 1590 638 1636; x_wconf 75' lang='grc' dir='ltr'><em>εἰκόνων</em></span> <span class='ocrx_word' id='word_1_207' title='bbox 672 1593 852 1649; x_wconf 78' lang='grc' dir='ltr'><em>ἀσελγῶς</em></span> <span class='ocrx_word' id='word_1_208' title='bbox 885 1589 1189 1649; x_wconf 81' lang='grc' dir='ltr'><em>ἀφαιρούμενος</em></span> <span class='ocrx_word' id='word_1_209' title='bbox 1198 1623 1211 1643; x_wconf 87' lang='grc'><em>,</em></span> <span class='ocrx_word' id='word_1_210' title='bbox 1256 1590 1308 1634; x_wconf 80' lang='grc' dir='ltr'>τὰ</span> <span class='ocrx_word' id='word_1_211' title='bbox 1341 1590 1383 1633; x_wconf 79' lang='grc' dir='ltr'>δ’</span> <span class='ocrx_word' id='word_1_212' title='bbox 1417 1590 1519 1635; x_wconf 82' lang='grc' dir='ltr'><em>ὅθεν</em></span> 
     </span>
     <span class='ocr_line' id='line_1_22' title="bbox 41 1654 1521 1720; baseline -0.001 -16"><span class='ocrx_word' id='word_1_213' title='bbox 41 1660 135 1704; x_wconf 67' lang='grc' dir='ltr'><em>οὔτ’</em></span> <span class='ocrx_word' id='word_1_214' title='bbox 170 1660 349 1719; x_wconf 66' lang='grc' dir='ltr'><em>ἔσπειρεν</em></span> <span class='ocrx_word' id='word_1_215' title='bbox 381 1654 473 1705; x_wconf 72' lang='grc' dir='ltr'><em>οὕτε</em></span> <span class='ocrx_word' id='word_1_216' title='bbox 503 1659 804 1720; x_wconf 77' lang='grc' dir='ltr'><em>διεσκόρπισεν,</em></span> <span class='ocrx_word' id='word_1_217' title='bbox 840 1660 1012 1716; x_wconf 79' lang='grc' dir='ltr'><em>ἀπονητὶ</em></span> <span class='ocrx_word' id='word_1_218' title='bbox 1033 1658 1220 1717; x_wconf 77' lang='grc' dir='ltr'><em>συνάγει,</em></span> <span class='ocrx_word' id='word_1_219' title='bbox 1251 1663 1327 1703; x_wconf 81' lang='grc' dir='ltr'>τοῦ</span> <span class='ocrx_word' id='word_1_220' title='bbox 1353 1664 1521 1714; x_wconf 57' lang='grc' dir='ltr'><em>βασιλι-</em></span> 
     </span>
     <span class='ocr_line' id='line_1_23' title="bbox 40 1727 1552 1790; baseline -0.002 -15"><span class='ocrx_word' id='word_1_221' title='bbox 40 1735 116 1775; x_wconf 81' lang='grc' dir='ltr'><strong><em>κοῦ</em></strong></span> <span class='ocrx_word' id='word_1_222' title='bbox 145 1729 380 1782; x_wconf 76' lang='grc' dir='ltr'><em>κελεύοντος</em></span> <span class='ocrx_word' id='word_1_223' title='bbox 407 1732 617 1790; x_wconf 82' lang='grc' dir='ltr'><em>τρίποδος.</em></span> <span class='ocrx_word' id='word_1_224' title='bbox 653 1731 751 1775; x_wconf 78' lang='grc' dir='ltr'><em>ἀλλ’</em></span> <span class='ocrx_word' id='word_1_225' title='bbox 774 1727 1091 1787; x_wconf 76' lang='grc' dir='ltr'><em>ἀναίσχυντονῆ</em></span> <span class='ocrx_word' id='word_1_226' title='bbox 1119 1729 1286 1786; x_wconf 78' lang='grc' dir='ltr'><em>ἀμαθία</em></span> <span class='ocrx_word' id='word_1_227' title='bbox 1294 1762 1310 1783; x_wconf 88' lang='grc'><em>,</em></span> <span class='ocrx_word' id='word_1_228' title='bbox 1345 1730 1412 1773; x_wconf 80' lang='grc' dir='ltr'><em>καὶ</em></span> <span class='ocrx_word' id='word_1_229' title='bbox 1438 1741 1552 1787; x_wconf 76' lang='lat' dir='ltr'>‹pt-E</span> 
     </span>
    </p>
   </div>
   <div class='ocr_carea' id='block_1_3' title="bbox 34 1882 1518 2911">
    <p class='ocr_par' dir='ltr' id='par_1_3' title="bbox 37 1882 1518 2247">
     <span class='ocr_line' id='line_1_24' title="bbox 38 1882 1518 1933; baseline -0.002 -11"><span class='ocrx_word' id='word_1_230' title='bbox 38 1886 129 1922; x_wconf 86' lang='lat' dir='ltr'>idem</span> <span class='ocrx_word' id='word_1_231' title='bbox 147 1890 243 1922; x_wconf 83' lang='lat' dir='ltr'>totus</span> <span class='ocrx_word' id='word_1_232' title='bbox 262 1885 512 1933; x_wconf 79' lang='lat' dir='ltr'>participabilis</span> <span class='ocrx_word' id='word_1_233' title='bbox 533 1889 598 1930; x_wconf 79' lang='lat' dir='ltr'>est,</span> <span class='ocrx_word' id='word_1_234' title='bbox 622 1890 659 1922; x_wconf 84' lang='lat' dir='ltr'>et</span> <span class='ocrx_word' id='word_1_235' title='bbox 676 1889 788 1922; x_wconf 84' lang='lat' dir='ltr'>tamen</span> <span class='ocrx_word' id='word_1_236' title='bbox 805 1890 898 1922; x_wconf 85' lang='lat' dir='ltr'>totus</span> <span class='ocrx_word' id='word_1_237' title='bbox 917 1886 1123 1933; x_wconf 85' lang='lat' dir='ltr'>participari</span> <span class='ocrx_word' id='word_1_238' title='bbox 1140 1883 1271 1931; x_wconf 75' lang='lat' dir='ltr'>nequit.</span> <span class='ocrx_word' id='word_1_239' title='bbox 1310 1882 1428 1928; x_wconf 84' lang='lat' dir='ltr'><strong>(VII.)</strong></span> <span class='ocrx_word' id='word_1_240' title='bbox 1446 1882 1518 1919; x_wconf 77' lang='lat' dir='ltr'>Sed</span> 
     </span>
     <span class='ocr_line' id='line_1_25' title="bbox 39 1930 1516 1980; baseline -0.003 -12"><span class='ocrx_word' id='word_1_241' title='bbox 39 1933 130 1968; x_wconf 89' lang='lat' dir='ltr'>hunc</span> <span class='ocrx_word' id='word_1_242' title='bbox 155 1945 325 1980; x_wconf 81' lang='lat' dir='ltr'>paganum</span> <span class='ocrx_word' id='word_1_243' title='bbox 353 1933 571 1968; x_wconf 81' lang='lat' dir='ltr'>Christianus</span> <span class='ocrx_word' id='word_1_244' title='bbox 599 1933 757 1968; x_wconf 78' lang='lat' dir='ltr'>Palamas</span> <span class='ocrx_word' id='word_1_245' title='bbox 776 1933 937 1979; x_wconf 85' lang='lat' dir='ltr'>imperite</span> <span class='ocrx_word' id='word_1_246' title='bbox 962 1940 1068 1979; x_wconf 91' lang='lat' dir='ltr'>atque</span> <span class='ocrx_word' id='word_1_247' title='bbox 1092 1933 1247 1979; x_wconf 85' lang='lat' dir='ltr'>improbe</span> <span class='ocrx_word' id='word_1_248' title='bbox 1269 1930 1424 1965; x_wconf 84' lang='lat' dir='ltr'>imitatus</span> <span class='ocrx_word' id='word_1_249' title='bbox 1448 1932 1516 1972; x_wconf 81' lang='lat' dir='ltr'>est,</span> 
     </span>
     <span class='ocr_line' id='line_1_26' title="bbox 38 1976 1516 2022; baseline -0.003 -8"><span class='ocrx_word' id='word_1_250' title='bbox 38 1992 104 2015; x_wconf 92' lang='lat' dir='ltr'>nec</span> <span class='ocrx_word' id='word_1_251' title='bbox 122 1981 214 2015; x_wconf 87' lang='lat' dir='ltr'>intra</span> <span class='ocrx_word' id='word_1_252' title='bbox 234 1980 437 2015; x_wconf 81' lang='lat' dir='ltr'>imitationis</span> <span class='ocrx_word' id='word_1_253' title='bbox 463 1980 589 2015; x_wconf 86' lang='lat' dir='ltr'>limites</span> <span class='ocrx_word' id='word_1_254' title='bbox 607 1981 674 2015; x_wconf 85' lang='lat' dir='ltr'>hoc</span> <span class='ocrx_word' id='word_1_255' title='bbox 700 1992 795 2015; x_wconf 90' lang='lat' dir='ltr'>suum</span> <span class='ocrx_word' id='word_1_256' title='bbox 815 1992 891 2014; x_wconf 89' lang='lat' dir='ltr'>cum</span> <span class='ocrx_word' id='word_1_257' title='bbox 910 1980 1033 2015; x_wconf 88' lang='lat' dir='ltr'>Proclo</span> <span class='ocrx_word' id='word_1_258' title='bbox 1052 1986 1224 2015; x_wconf 82' lang='lat' dir='ltr'>certamen</span> <span class='ocrx_word' id='word_1_259' title='bbox 1246 1976 1415 2013; x_wconf 78' lang='lat' dir='ltr'>contineri</span> <span class='ocrx_word' id='word_1_260' title='bbox 1433 1987 1516 2022; x_wconf 76' lang='lat' dir='ltr'>pas-</span> 
     </span>
     <span class='ocr_line' id='line_1_27' title="bbox 39 2024 1516 2073; baseline -0.003 -12"><span class='ocrx_word' id='word_1_261' title='bbox 39 2038 99 2061; x_wconf 84' lang='lat' dir='ltr'>sus</span> <span class='ocrx_word' id='word_1_262' title='bbox 120 2032 192 2061; x_wconf 88' lang='lat' dir='ltr'>est:</span> <span class='ocrx_word' id='word_1_263' title='bbox 226 2027 287 2061; x_wconf 89' lang='lat' dir='ltr'>sed</span> <span class='ocrx_word' id='word_1_264' title='bbox 309 2027 558 2073; x_wconf 24' lang='lat' dir='ltr'>*perpetrandis</span> <span class='ocrx_word' id='word_1_265' title='bbox 582 2027 618 2061; x_wconf 90' lang='lat' dir='ltr'>in</span> <span class='ocrx_word' id='word_1_266' title='bbox 639 2027 734 2061; x_wconf 82' lang='lat' dir='ltr'>malis</span> <span class='ocrx_word' id='word_1_267' title='bbox 765 2026 964 2061; x_wconf 80' lang='lat' dir='ltr'>ambitiosus</span> <span class='ocrx_word' id='word_1_268' title='bbox 987 2027 1102 2062; x_wconf 88' lang='lat' dir='ltr'>Procli</span> <span class='ocrx_word' id='word_1_269' title='bbox 1132 2025 1271 2071; x_wconf 85' lang='lat' dir='ltr'>quidem</span> <span class='ocrx_word' id='word_1_270' title='bbox 1294 2024 1404 2058; x_wconf 88' lang='lat' dir='ltr'>verba</span> <span class='ocrx_word' id='word_1_271' title='bbox 1429 2034 1516 2069; x_wconf 84' lang='lat' dir='ltr'>prae</span> 
     </span>
     <span class='ocr_line' id='line_1_28' title="bbox 38 2069 1515 2120; baseline -0.003 -12"><span class='ocrx_word' id='word_1_272' title='bbox 38 2072 215 2119; x_wconf 89' lang='lat' dir='ltr'>imperitia</span> <span class='ocrx_word' id='word_1_273' title='bbox 240 2073 418 2118; x_wconf 86' lang='lat' dir='ltr'>corrupit;</span> <span class='ocrx_word' id='word_1_274' title='bbox 441 2072 516 2118; x_wconf 90' lang='lat' dir='ltr'>ipse</span> <span class='ocrx_word' id='word_1_275' title='bbox 539 2077 652 2108; x_wconf 81' lang='lat' dir='ltr'>autem</span> <span class='ocrx_word' id='word_1_276' title='bbox 673 2073 753 2108; x_wconf 87' lang='lat' dir='ltr'>huic</span> <span class='ocrx_word' id='word_1_277' title='bbox 778 2073 885 2120; x_wconf 85' lang='lat' dir='ltr'>priori</span> <span class='ocrx_word' id='word_1_278' title='bbox 908 2073 1058 2108; x_wconf 81' lang='lat' dir='ltr'>malitiae</span> <span class='ocrx_word' id='word_1_279' title='bbox 1081 2071 1243 2107; x_wconf 82' lang='lat' dir='ltr'>malitiam</span> <span class='ocrx_word' id='word_1_280' title='bbox 1271 2081 1391 2105; x_wconf 87' lang='lat' dir='ltr'>sensus</span> <span class='ocrx_word' id='word_1_281' title='bbox 1416 2069 1515 2104; x_wconf 86' lang='lat' dir='ltr'>adie-</span> 
     </span>
     <span class='ocr_line' id='line_1_29' title="bbox 39 2115 1513 2162; baseline -0.003 -8"><span class='ocrx_word' id='word_1_282' title='bbox 39 2119 98 2154; x_wconf 88' lang='lat' dir='ltr'>cit.</span> <span class='ocrx_word' id='word_1_283' title='bbox 146 2119 235 2154; x_wconf 85' lang='lat' dir='ltr'>Nam</span> <span class='ocrx_word' id='word_1_284' title='bbox 262 2119 319 2154; x_wconf 91' lang='lat' dir='ltr'>ille</span> <span class='ocrx_word' id='word_1_285' title='bbox 345 2119 572 2154; x_wconf 83' lang='lat' dir='ltr'>increatarum</span> <span class='ocrx_word' id='word_1_286' title='bbox 601 2118 764 2154; x_wconf 84' lang='lat' dir='ltr'>deitatum</span> <span class='ocrx_word' id='word_1_287' title='bbox 794 2120 1042 2154; x_wconf 79' lang='lat' dir='ltr'>multitudinem</span> <span class='ocrx_word' id='word_1_288' title='bbox 1067 2119 1232 2154; x_wconf 81' lang='lat' dir='ltr'>statuisse</span> <span class='ocrx_word' id='word_1_289' title='bbox 1258 2127 1423 2162; x_wconf 85' lang='lat' dir='ltr'>nusquam</span> <span class='ocrx_word' id='word_1_290' title='bbox 1450 2115 1513 2150; x_wconf 90' lang='lat' dir='ltr'>de-</span> 
     </span>
     <span class='ocr_line' id='line_1_30' title="bbox 37 2165 1511 2247; baseline -0.003 -47"><span class='ocrx_word' id='word_1_291' title='bbox 37 2165 275 2247; x_wconf 50' lang='lat' dir='ltr'>prehenditur.</span> <span class='ocrx_word' id='word_1_292' title='bbox 322 2166 409 2200; x_wconf 83' lang='lat' dir='ltr'>Eam</span> <span class='ocrx_word' id='word_1_293' title='bbox 439 2165 527 2200; x_wconf 89' lang='lat' dir='ltr'>enim</span> <span class='ocrx_word' id='word_1_294' title='bbox 553 2170 678 2200; x_wconf 84' lang='lat' dir='ltr'>natura</span> <span class='ocrx_word' id='word_1_295' title='bbox 710 2177 773 2212; x_wconf 87' lang='lat' dir='ltr'>per</span> <span class='ocrx_word' id='word_1_296' title='bbox 796 2178 834 2201; x_wconf 90' lang='lat' dir='ltr'>se</span> <span class='ocrx_word' id='word_1_297' title='bbox 863 2167 1046 2212; x_wconf 75' lang='lat' dir='ltr'>operativa</span> <span class='ocrx_word' id='word_1_298' title='bbox 1074 2166 1257 2201; x_wconf 82' lang='lat' dir='ltr'>admittere</span> <span class='ocrx_word' id='word_1_299' title='bbox 1277 2174 1345 2198; x_wconf 91' lang='lat' dir='ltr'>non</span> <span class='ocrx_word' id='word_1_300' title='bbox 1371 2166 1511 2208; x_wconf 83' lang='lat' dir='ltr'>potest:</span> 
     </span>
    </p>

    <p class='ocr_par' dir='ltr' id='par_1_4' title="bbox 34 2211 1511 2911">
     <span class='ocr_line' id='line_1_31' title="bbox 72 2211 1511 2258; baseline -0.003 -12"><span class='ocrx_word' id='word_1_301' title='bbox 72 2212 196 2247; x_wconf 83' lang='lat' dir='ltr'>alamas</span> <span class='ocrx_word' id='word_1_302' title='bbox 215 2224 299 2247; x_wconf 86' lang='lat' dir='ltr'>vero</span> <span class='ocrx_word' id='word_1_303' title='bbox 315 2211 466 2247; x_wconf 81' lang='lat' dir='ltr'>asseruit</span> <span class='ocrx_word' id='word_1_304' title='bbox 482 2213 592 2246; x_wconf 91' lang='lat' dir='ltr'>Deum</span> <span class='ocrx_word' id='word_1_305' title='bbox 610 2224 686 2247; x_wconf 85' lang='lat' dir='ltr'>esse</span> <span class='ocrx_word' id='word_1_306' title='bbox 704 2212 864 2257; x_wconf 86' lang='lat' dir='ltr'>primum,</span> <span class='ocrx_word' id='word_1_307' title='bbox 887 2213 1043 2248; x_wconf 88' lang='lat' dir='ltr'>omnibus</span> <span class='ocrx_word' id='word_1_308' title='bbox 1063 2212 1292 2258; x_wconf 88' lang='lat' dir='ltr'>superiorem,</span> <span class='ocrx_word' id='word_1_309' title='bbox 1316 2221 1381 2244; x_wconf 88' lang='lat' dir='ltr'>nec</span> <span class='ocrx_word' id='word_1_310' title='bbox 1408 2220 1511 2254; x_wconf 86' lang='lat' dir='ltr'>posse</span> 
     </span>
     <span class='ocr_line' id='line_1_32' title="bbox 38 2255 1510 2313; baseline -0.003 -21"><span class='ocrx_word' id='word_1_311' title='bbox 38 2259 264 2313; x_wconf 83' lang='lat' dir='ltr'>participari=</span> <span class='ocrx_word' id='word_1_312' title='bbox 289 2258 579 2305; x_wconf 81' lang='lat' dir='ltr'>participabilium</span> <span class='ocrx_word' id='word_1_313' title='bbox 602 2264 638 2294; x_wconf 89' lang='lat' dir='ltr'>et</span> <span class='ocrx_word' id='word_1_314' title='bbox 662 2258 860 2294; x_wconf 82' lang='lat' dir='ltr'>inferiorum</span> <span class='ocrx_word' id='word_1_315' title='bbox 893 2259 1139 2295; x_wconf 76' lang='lat' dir='ltr'>multitudinem</span> <span class='ocrx_word' id='word_1_316' title='bbox 1162 2258 1332 2293; x_wconf 86' lang='lat' dir='ltr'>deitatum</span> <span class='ocrx_word' id='word_1_317' title='bbox 1358 2255 1510 2290; x_wconf 84' lang='lat' dir='ltr'>secundo</span> 
     </span>
     <span class='ocr_line' id='line_1_33' title="bbox 37 2301 1509 2352; baseline -0.004 -13"><span class='ocrx_word' id='word_1_318' title='bbox 37 2316 75 2339; x_wconf 78' lang='lat' dir='ltr'>in</span> <span class='ocrx_word' id='word_1_319' title='bbox 96 2305 216 2339; x_wconf 82' lang='lat' dir='ltr'>ordine</span> <span class='ocrx_word' id='word_1_320' title='bbox 235 2306 397 2340; x_wconf 85' lang='lat' dir='ltr'>collocat:</span> <span class='ocrx_word' id='word_1_321' title='bbox 422 2304 611 2340; x_wconf 88' lang='lat' dir='ltr'>hominibus</span> <span class='ocrx_word' id='word_1_322' title='bbox 630 2309 667 2340; x_wconf 90' lang='lat' dir='ltr'>et</span> <span class='ocrx_word' id='word_1_323' title='bbox 686 2306 820 2340; x_wconf 89' lang='lat' dir='ltr'>cunctis</span> <span class='ocrx_word' id='word_1_324' title='bbox 838 2307 962 2348; x_wconf 87' lang='lat' dir='ltr'>rebus,</span> <span class='ocrx_word' id='word_1_325' title='bbox 984 2317 1073 2352; x_wconf 89' lang='lat' dir='ltr'>quae</span> <span class='ocrx_word' id='word_1_326' title='bbox 1094 2305 1157 2340; x_wconf 89' lang='lat' dir='ltr'>sub</span> <span class='ocrx_word' id='word_1_327' title='bbox 1169 2314 1305 2339; x_wconf 86' lang='lat' dir='ltr'>sensum</span> <span class='ocrx_word' id='word_1_328' title='bbox 1324 2301 1450 2336; x_wconf 84' lang='lat' dir='ltr'>cadere</span> <span class='ocrx_word' id='word_1_329' title='bbox 1467 2311 1509 2333; x_wconf 81' lang='lat' dir='ltr'>ac</span> 
     </span>
     <span class='ocr_line' id='line_1_34' title="bbox 38 2347 1509 2399; baseline -0.004 -13"><span class='ocrx_word' id='word_1_330' title='bbox 38 2351 183 2390; x_wconf 69' lang='lat' dir='ltr'>virtutis</span> <span class='ocrx_word' id='word_1_331' title='bbox 208 2352 398 2398; x_wconf 80' lang='lat' dir='ltr'>participes</span> <span class='ocrx_word' id='word_1_332' title='bbox 416 2364 494 2386; x_wconf 87' lang='lat' dir='ltr'>esse</span> <span class='ocrx_word' id='word_1_333' title='bbox 515 2357 680 2398; x_wconf 86' lang='lat' dir='ltr'>possunt,</span> <span class='ocrx_word' id='word_1_334' title='bbox 703 2351 840 2386; x_wconf 86' lang='lat' dir='ltr'>tertium</span> <span class='ocrx_word' id='word_1_335' title='bbox 860 2352 968 2388; x_wconf 88' lang='lat' dir='ltr'>locum</span> <span class='ocrx_word' id='word_1_336' title='bbox 991 2352 1170 2394; x_wconf 81' lang='lat' dir='ltr'>attribuit,</span> <span class='ocrx_word' id='word_1_337' title='bbox 1193 2355 1232 2385; x_wconf 89' lang='lat' dir='ltr'>ut</span> <span class='ocrx_word' id='word_1_338' title='bbox 1251 2347 1387 2394; x_wconf 83' lang='lat' dir='ltr'>saepius</span> <span class='ocrx_word' id='word_1_339' title='bbox 1407 2358 1428 2381; x_wconf 82' lang='lat' dir='ltr'>a</span> <span class='ocrx_word' id='word_1_340' title='bbox 1445 2358 1509 2399; x_wconf 70' lang='lat' dir='ltr'>np-</span> 
     </span>
     <span class='ocr_line' id='line_1_35' title="bbox 37 2395 1509 2446; baseline -0.002 -14"><span class='ocrx_word' id='word_1_341' title='bbox 37 2397 94 2432; x_wconf 91' lang='lat' dir='ltr'>bis</span> <span class='ocrx_word' id='word_1_342' title='bbox 113 2398 241 2432; x_wconf 85' lang='lat' dir='ltr'>dictum</span> <span class='ocrx_word' id='word_1_343' title='bbox 262 2403 334 2440; x_wconf 84' lang='lat' dir='ltr'>est,</span> <span class='ocrx_word' id='word_1_344' title='bbox 360 2403 398 2433; x_wconf 88' lang='lat' dir='ltr'>et</span> <span class='ocrx_word' id='word_1_345' title='bbox 413 2410 530 2433; x_wconf 89' lang='lat' dir='ltr'>rursus</span> <span class='ocrx_word' id='word_1_346' title='bbox 553 2398 707 2439; x_wconf 85' lang='lat' dir='ltr'>dicetur;</span> <span class='ocrx_word' id='word_1_347' title='bbox 730 2410 834 2444; x_wconf 87' lang='lat' dir='ltr'>porro</span> <span class='ocrx_word' id='word_1_348' title='bbox 855 2399 940 2434; x_wconf 85' lang='lat' dir='ltr'>haec</span> <span class='ocrx_word' id='word_1_349' title='bbox 969 2403 1141 2445; x_wconf 85' lang='lat' dir='ltr'>postrema</span> <span class='ocrx_word' id='word_1_350' title='bbox 1164 2395 1326 2443; x_wconf 86' lang='lat' dir='ltr'>principii</span> <span class='ocrx_word' id='word_1_351' title='bbox 1351 2396 1509 2446; x_wconf 46' lang='lat' dir='ltr'>expett-1⁸</span> 
     </span>
     <span class='ocr_line' id='line_1_36' title="bbox 39 2439 1507 2493; baseline -0.005 -16"><span class='ocrx_word' id='word_1_352' title='bbox 39 2456 118 2478; x_wconf 84' lang='lat' dir='ltr'>esse</span> <span class='ocrx_word' id='word_1_353' title='bbox 137 2449 242 2490; x_wconf 88' lang='lat' dir='ltr'>atque</span> <span class='ocrx_word' id='word_1_354' title='bbox 255 2444 412 2480; x_wconf 87' lang='lat' dir='ltr'>increata</span> <span class='ocrx_word' id='word_1_355' title='bbox 426 2445 571 2480; x_wconf 86' lang='lat' dir='ltr'>definiit.</span> <span class='ocrx_word' id='word_1_356' title='bbox 602 2445 713 2486; x_wconf 85' lang='lat' dir='ltr'>Quam</span> <span class='ocrx_word' id='word_1_357' title='bbox 731 2444 960 2480; x_wconf 83' lang='lat' dir='ltr'>accessionem</span> <span class='ocrx_word' id='word_1_358' title='bbox 974 2457 1101 2480; x_wconf 83' lang='lat' dir='ltr'>summa</span> <span class='ocrx_word' id='word_1_359' title='bbox 1117 2442 1323 2480; x_wconf 81' lang='lat' dir='ltr'>auctoritate</span> <span class='ocrx_word' id='word_1_360' title='bbox 1341 2439 1507 2493; x_wconf 69' lang='lat' dir='ltr'>adiunxit.</span> 
     </span>
     <span class='ocr_line' id='line_1_37' title="bbox 37 2485 1509 2536; baseline 0 -12"><span class='ocrx_word' id='word_1_361' title='bbox 37 2490 99 2525; x_wconf 87' lang='lat' dir='ltr'>Sic</span> <span class='ocrx_word' id='word_1_362' title='bbox 115 2490 266 2525; x_wconf 84' lang='lat' dir='ltr'>liberalis</span> <span class='ocrx_word' id='word_1_363' title='bbox 282 2491 352 2526; x_wconf 89' lang='lat' dir='ltr'>iste</span> <span class='ocrx_word' id='word_1_364' title='bbox 366 2492 428 2527; x_wconf 68' lang='lat' dir='ltr'>vir</span> <span class='ocrx_word' id='word_1_365' title='bbox 443 2504 486 2526; x_wconf 87' lang='lat' dir='ltr'>ac</span> <span class='ocrx_word' id='word_1_366' title='bbox 504 2491 682 2526; x_wconf 89' lang='lat' dir='ltr'>munificus</span> <span class='ocrx_word' id='word_1_367' title='bbox 696 2503 748 2533; x_wconf 78' lang='lat' dir='ltr'>ea,</span> <span class='ocrx_word' id='word_1_368' title='bbox 764 2503 854 2536; x_wconf 87' lang='lat' dir='ltr'>quae</span> <span class='ocrx_word' id='word_1_369' title='bbox 866 2503 929 2527; x_wconf 90' lang='lat' dir='ltr'>nec</span> <span class='ocrx_word' id='word_1_370' title='bbox 943 2496 1023 2526; x_wconf 89' lang='lat' dir='ltr'>sunt</span> <span class='ocrx_word' id='word_1_371' title='bbox 1039 2503 1104 2527; x_wconf 87' lang='lat' dir='ltr'>nec</span> <span class='ocrx_word' id='word_1_372' title='bbox 1121 2493 1237 2531; x_wconf 86' lang='lat' dir='ltr'>erunt,</span> <span class='ocrx_word' id='word_1_373' title='bbox 1253 2485 1509 2524; x_wconf 58' lang='lat' dir='ltr'>subunnistrass</span> 
     </span>
     <span class='ocr_line' id='line_1_38' title="bbox 37 2532 1508 2584; baseline -0.005 -12"><span class='ocrx_word' id='word_1_374' title='bbox 37 2537 126 2572; x_wconf 82' lang='lat' dir='ltr'>adeo</span> <span class='ocrx_word' id='word_1_375' title='bbox 155 2537 253 2583; x_wconf 82' lang='lat' dir='ltr'>larga</span> <span class='ocrx_word' id='word_1_376' title='bbox 273 2549 373 2573; x_wconf 85' lang='lat' dir='ltr'>manu</span> <span class='ocrx_word' id='word_1_377' title='bbox 401 2545 437 2573; x_wconf 85' lang='lat' dir='ltr'>et</span> <span class='ocrx_word' id='word_1_378' title='bbox 464 2538 527 2574; x_wconf 85' lang='lat' dir='ltr'>vili</span> <span class='ocrx_word' id='word_1_379' title='bbox 556 2538 668 2583; x_wconf 88' lang='lat' dir='ltr'>pretio</span> <span class='ocrx_word' id='word_1_380' title='bbox 690 2538 858 2572; x_wconf 82' lang='lat' dir='ltr'>creaturis</span> <span class='ocrx_word' id='word_1_381' title='bbox 876 2539 1064 2584; x_wconf 78' lang='lat' dir='ltr'>praebens,</span> <span class='ocrx_word' id='word_1_382' title='bbox 1098 2543 1138 2572; x_wconf 89' lang='lat' dir='ltr'>ut</span> <span class='ocrx_word' id='word_1_383' title='bbox 1167 2532 1326 2583; x_wconf 86' lang='lat' dir='ltr'>principii</span> <span class='ocrx_word' id='word_1_384' title='bbox 1346 2535 1508 2576; x_wconf 82' lang='lat' dir='ltr'>expertes</span> 
     </span>
     <span class='ocr_line' id='line_1_39' title="bbox 38 2577 1506 2631; baseline -0.005 -15"><span class='ocrx_word' id='word_1_385' title='bbox 38 2583 110 2617; x_wconf 85' lang='lat' dir='ltr'>sint</span> <span class='ocrx_word' id='word_1_386' title='bbox 126 2589 162 2617; x_wconf 86' lang='lat' dir='ltr'>et</span> <span class='ocrx_word' id='word_1_387' title='bbox 187 2583 380 2619; x_wconf 81' lang='lat' dir='ltr'>increatae:</span> <span class='ocrx_word' id='word_1_388' title='bbox 404 2596 491 2631; x_wconf 85' lang='lat' dir='ltr'>quas</span> <span class='ocrx_word' id='word_1_389' title='bbox 510 2584 705 2630; x_wconf 81' lang='lat' dir='ltr'>praeclaras</span> <span class='ocrx_word' id='word_1_390' title='bbox 725 2583 826 2619; x_wconf 87' lang='lat' dir='ltr'>dotes</span> <span class='ocrx_word' id='word_1_391' title='bbox 848 2584 971 2630; x_wconf 82' lang='lat' dir='ltr'>partim</span> <span class='ocrx_word' id='word_1_392' title='bbox 988 2589 1027 2619; x_wconf 86' lang='lat' dir='ltr'>ut</span> <span class='ocrx_word' id='word_1_393' title='bbox 1042 2596 1165 2630; x_wconf 83' lang='lat' dir='ltr'>aquam</span> <span class='ocrx_word' id='word_1_394' title='bbox 1182 2578 1350 2619; x_wconf 79' lang='lat' dir='ltr'>effundit,</span> <span class='ocrx_word' id='word_1_395' title='bbox 1382 2577 1506 2622; x_wconf 82' lang='lat' dir='ltr'>partim</span> 
     </span>
     <span class='ocr_line' id='line_1_40' title="bbox 37 2625 1504 2677; baseline -0.004 -14"><span class='ocrx_word' id='word_1_396' title='bbox 37 2633 80 2664; x_wconf 88' lang='lat' dir='ltr'>ut</span> <span class='ocrx_word' id='word_1_397' title='bbox 98 2641 234 2664; x_wconf 79' lang='lat' dir='ltr'>arenam</span> <span class='ocrx_word' id='word_1_398' title='bbox 254 2630 435 2676; x_wconf 83' lang='lat' dir='ltr'>dispergit.</span> <span class='ocrx_word' id='word_1_399' title='bbox 452 2653 455 2655; x_wconf 80' lang='lat'><strong><em>—</em></strong></span> <span class='ocrx_word' id='word_1_400' title='bbox 483 2632 561 2666; x_wconf 87' lang='lat' dir='ltr'>Hoc</span> <span class='ocrx_word' id='word_1_401' title='bbox 585 2637 696 2665; x_wconf 86' lang='lat' dir='ltr'>autem</span> <span class='ocrx_word' id='word_1_402' title='bbox 719 2630 829 2676; x_wconf 82' lang='lat' dir='ltr'>possit</span> <span class='ocrx_word' id='word_1_403' title='bbox 849 2631 1039 2677; x_wconf 86' lang='lat' dir='ltr'>quempiam</span> <span class='ocrx_word' id='word_1_404' title='bbox 1059 2631 1096 2665; x_wconf 88' lang='lat' dir='ltr'>in</span> <span class='ocrx_word' id='word_1_405' title='bbox 1120 2625 1371 2665; x_wconf 84' lang='lat' dir='ltr'>admirationem</span> <span class='ocrx_word' id='word_1_406' title='bbox 1401 2634 1504 2676; x_wconf 73' lang='lat' dir='ltr'>rape-</span> 
     </span>
     <span class='ocr_line' id='line_1_41' title="bbox 36 2669 1502 2725; baseline -0.002 -15"><span class='ocrx_word' id='word_1_407' title='bbox 36 2686 98 2716; x_wconf 87' lang='lat' dir='ltr'>re,</span> <span class='ocrx_word' id='word_1_408' title='bbox 130 2676 297 2721; x_wconf 90' lang='lat' dir='ltr'>quomodo</span> <span class='ocrx_word' id='word_1_409' title='bbox 330 2677 485 2713; x_wconf 78' lang='lat' dir='ltr'>Palamas</span> <span class='ocrx_word' id='word_1_410' title='bbox 516 2678 596 2719; x_wconf 89' lang='lat' dir='ltr'>det,</span> <span class='ocrx_word' id='word_1_411' title='bbox 627 2688 717 2722; x_wconf 83' lang='lat' dir='ltr'>quae</span> <span class='ocrx_word' id='word_1_412' title='bbox 741 2688 806 2711; x_wconf 87' lang='lat' dir='ltr'>nec</span> <span class='ocrx_word' id='word_1_413' title='bbox 835 2677 942 2713; x_wconf 84' lang='lat' dir='ltr'>habet</span> <span class='ocrx_word' id='word_1_414' title='bbox 966 2689 1030 2713; x_wconf 88' lang='lat' dir='ltr'>nec</span> <span class='ocrx_word' id='word_1_415' title='bbox 1051 2675 1212 2716; x_wconf 82' lang='lat' dir='ltr'>habebit,</span> <span class='ocrx_word' id='word_1_416' title='bbox 1236 2671 1342 2725; x_wconf 52' lang='lat' dir='ltr'>quasi·</span> <span class='ocrx_word' id='word_1_417' title='bbox 1358 2669 1502 2724; x_wconf 49' lang='lat' dir='ltr'>fortuito</span> 
     </span>
     <span class='ocr_line' id='line_1_42' title="bbox 37 2718 1504 2769; baseline -0.009 -7"><span class='ocrx_word' id='word_1_418' title='bbox 37 2733 120 2756; x_wconf 73' lang='lat' dir='ltr'>08⁸ss</span> <span class='ocrx_word' id='word_1_419' title='bbox 146 2727 208 2756; x_wconf 73' lang='lat' dir='ltr'>aut</span> <span class='ocrx_word' id='word_1_420' title='bbox 236 2722 281 2761; x_wconf 80' lang='lat' dir='ltr'>ad</span> <span class='ocrx_word' id='word_1_421' title='bbox 303 2723 436 2758; x_wconf 86' lang='lat' dir='ltr'>libitum</span> <span class='ocrx_word' id='word_1_422' title='bbox 465 2736 508 2759; x_wconf 87' lang='lat' dir='ltr'>ea</span> <span class='ocrx_word' id='word_1_423' title='bbox 534 2728 692 2765; x_wconf 85' lang='lat' dir='ltr'>crearet,</span> <span class='ocrx_word' id='word_1_424' title='bbox 722 2734 811 2769; x_wconf 78' lang='lat' dir='ltr'>quae</span> <span class='ocrx_word' id='word_1_425' title='bbox 830 2736 896 2759; x_wconf 84' lang='lat' dir='ltr'>nec</span> <span class='ocrx_word' id='word_1_426' title='bbox 923 2729 1004 2759; x_wconf 85' lang='lat' dir='ltr'>sunt</span> <span class='ocrx_word' id='word_1_427' title='bbox 1030 2735 1094 2758; x_wconf 87' lang='lat' dir='ltr'>nec</span> <span class='ocrx_word' id='word_1_428' title='bbox 1123 2724 1243 2761; x_wconf 87' lang='lat' dir='ltr'>erunt3</span> <span class='ocrx_word' id='word_1_429' title='bbox 1273 2718 1412 2752; x_wconf 73' lang='lat' dir='ltr'>divitias</span> <span class='ocrx_word' id='word_1_430' title='bbox 1440 2726 1504 2749; x_wconf 84' lang='lat' dir='ltr'>au-</span> 
     </span>
     <span class='ocr_line' id='line_1_43' title="bbox 36 2761 1501 2813; baseline -0.005 -11"><span class='ocrx_word' id='word_1_431' title='bbox 36 2770 105 2802; x_wconf 86' lang='lat' dir='ltr'>tem</span> <span class='ocrx_word' id='word_1_432' title='bbox 130 2768 251 2813; x_wconf 83' lang='lat' dir='ltr'>partim</span> <span class='ocrx_word' id='word_1_433' title='bbox 278 2773 317 2804; x_wconf 84' lang='lat' dir='ltr'>ut</span> <span class='ocrx_word' id='word_1_434' title='bbox 340 2781 477 2805; x_wconf 86' lang='lat' dir='ltr'>arenam</span> <span class='ocrx_word' id='word_1_435' title='bbox 500 2770 538 2804; x_wconf 90' lang='lat' dir='ltr'>in</span> <span class='ocrx_word' id='word_1_436' title='bbox 566 2768 738 2804; x_wconf 77' lang='lat' dir='ltr'>thesauris</span> <span class='ocrx_word' id='word_1_437' title='bbox 770 2770 955 2811; x_wconf 84' lang='lat' dir='ltr'>recondat,</span> <span class='ocrx_word' id='word_1_438' title='bbox 987 2769 1121 2805; x_wconf 83' lang='lat' dir='ltr'>divinas</span> <span class='ocrx_word' id='word_1_439' title='bbox 1153 2763 1318 2809; x_wconf 78' lang='lat' dir='ltr'>imagines</span> <span class='ocrx_word' id='word_1_440' title='bbox 1343 2761 1501 2808; x_wconf 84' lang='lat' dir='ltr'>petulan-</span> 
     </span>
     <span class='ocr_line' id='line_1_44' title="bbox 34 2806 1502 2862; baseline -0.004 -14"><span class='ocrx_word' id='word_1_441' title='bbox 34 2818 90 2848; x_wconf 81' lang='lat' dir='ltr'>tet</span> <span class='ocrx_word' id='word_1_442' title='bbox 115 2821 219 2860; x_wconf 83' lang='lat' dir='ltr'>atque</span> <span class='ocrx_word' id='word_1_443' title='bbox 238 2814 392 2861; x_wconf 80' lang='lat' dir='ltr'>improbe</span> <span class='ocrx_word' id='word_1_444' title='bbox 413 2817 628 2857; x_wconf 50' lang='lat' dir='ltr'>suffuratum</span> <span class='ocrx_word' id='word_1_445' title='bbox 657 2815 780 2862; x_wconf 85' lang='lat' dir='ltr'>partim</span> <span class='ocrx_word' id='word_1_446' title='bbox 798 2816 842 2851; x_wconf 89' lang='lat' dir='ltr'>ad</span> <span class='ocrx_word' id='word_1_447' title='bbox 863 2816 1074 2862; x_wconf 73' lang='lat' dir='ltr'>imperatorii</span> <span class='ocrx_word' id='word_1_448' title='bbox 1098 2812 1246 2859; x_wconf 87' lang='lat' dir='ltr'>tripodis</span> <span class='ocrx_word' id='word_1_449' title='bbox 1267 2809 1393 2850; x_wconf 82' lang='lat' dir='ltr'>iussum</span> <span class='ocrx_word' id='word_1_450' title='bbox 1412 2806 1502 2842; x_wconf 84' lang='lat' dir='ltr'>nullo</span> 
     </span>
     <span class='ocr_line' id='line_1_45' title="bbox 34 2855 1503 2911; baseline -0.007 -14"><span class='ocrx_word' id='word_1_451' title='bbox 34 2859 154 2897; x_wconf 84' lang='lat' dir='ltr'>labore</span> <span class='ocrx_word' id='word_1_452' title='bbox 183 2860 264 2911; x_wconf 76' lang='lat' dir='ltr'>inde</span> <span class='ocrx_word' id='word_1_453' title='bbox 295 2862 457 2909; x_wconf 80' lang='lat' dir='ltr'>colligat,</span> <span class='ocrx_word' id='word_1_454' title='bbox 495 2862 556 2899; x_wconf 87' lang='lat' dir='ltr'>ubi</span> <span class='ocrx_word' id='word_1_455' title='bbox 584 2874 648 2897; x_wconf 87' lang='lat' dir='ltr'>nec</span> <span class='ocrx_word' id='word_1_456' title='bbox 681 2862 862 2899; x_wconf 84' lang='lat' dir='ltr'>seminavit</span> <span class='ocrx_word' id='word_1_457' title='bbox 890 2875 954 2899; x_wconf 83' lang='lat' dir='ltr'>nec</span> <span class='ocrx_word' id='word_1_458' title='bbox 988 2861 1162 2908; x_wconf 84' lang='lat' dir='ltr'>dispersit.</span> <span class='ocrx_word' id='word_1_459' title='bbox 1224 2858 1269 2892; x_wconf 80' lang='lat' dir='ltr'>At</span> <span class='ocrx_word' id='word_1_460' title='bbox 1297 2855 1503 2891; x_wconf 77' lang='lat' dir='ltr'>erubescere</span> 
     </span>
    </p>
   </div>
  </div>
 </body>
</html>
