1794 3172
286 144 515 189 NICEPH.
545 143 721 189 GREG.
752 144 903 189 HIST.
921 145 1167 191 BYZANT.
1196 145 1313 191 XVI.
1327 152 1365 193 1.
1463 141 1568 189 ‘795

79 250 187 292 adsit,
212 253 247 284 et
263 249 420 285 amicitia
439 250 673 285 antecesserit.
727 249 965 284 Cantacuzeni
988 254 1022 284 et
1041 250 1223 294 Gregorae
1246 250 1368 285 crebra
1387 252 1568 297 colloquia.

80 297 228 331 Patrum
252 297 423 342 dogmata
447 309 513 342 quo
537 297 652 331 studio
675 297 797 342 quibus
819 297 934 331 verbis
957 297 999 330 ab
1017 297 1080 331 Ιιοσ
1100 297 1255 341 defensa.
1306 298 1491 333 Contraria
1504 302 1568 343 sa-

79 344 147 378 ctio
174 343 455 377 Cantacuzenum
479 344 515 378 in
541 344 735 389 Gregoram
759 345 921 389 instigat.
968 343 1037 377 Hic
1067 344 1312 388 imperatorem
1344 345 1570 389 confidentius

79 391 214 433 arguit,
239 402 307 424 non
329 391 406 424 ideo
430 391 648 432 irascentem,
671 391 734 424 sed
757 391 901 424 lenitate
919 390 1111 424 Hadriano⁴
1127 391 1285 426 similem.
1333 391 1458 426 Irenen
1477 393 1568 435 adit,

69 436 145 481 filii
167 441 276 471 morte
301 437 483 481 afflictam.
531 438 625 471 Eam
656 442 800 472 mortem
827 448 976 481 poenam
1006 442 1240 481 corruptorum
1265 438 1471 483 dogmatum
1495 450 1569 474 esse

80 485 238 526 affirmat
262 488 296 517 et
317 485 518 528 persuadet.
566 485 624 518 Ita
644 489 767 528 partes
789 495 872 518 suas
888 485 1073 528 Augustae
1091 485 1462 528 patrocinio-roborat.
1502 485 1569 520 Isi-

79 531 183 563 dorus
208 535 242 564 et
265 531 329 564 alii
349 530 547 565 Palamitae
565 532 689 565 Irenen
709 542 732 564 a
754 531 914 575 Gregora
937 535 1107 565 conantur
1129 531 1298 568 alienare.
1344 533 1398 566 Ab
1417 543 1459 566 ea
1474 533 1569 567 male

78 578 212 620 accepti
248 578 526 611 Cantacuzenum
550 582 739 611 arcessunt.
791 578 1072 619 Cantacuzenus,
1104 578 1291 612 tumultum
1313 579 1464 620 veritus,
1498 579 1568 623 By-

77 624 234 657 zantium
253 624 374 658 statim
396 625 501 658 venit.
551 625 748 670 Gregoram
772 624 944 666 hortatur,
967 628 1008 658 ut
1030 624 1144 658 sileat.
1195 624 1289 658 Idem
1314 626 1421 659 etiam
1442 626 1569 661 suadet

79 670 242 706 Isidorus.
280 670 388 713 Quem
410 671 587 716 Gregoras
609 672 788 705 variorum
814 682 968 705 errorum
991 675 1144 705 accusat.
1184 671 1310 706 Isidori
1327 684 1475 706 canones
1490 684 1569 707 mu-

77 717 142 750 sici
164 728 225 750 seu
245 717 451 761 hymnodiae
474 719 554 762 igni
573 719 797 752 damnantur.
848 718 1025 762 Loquendi
1046 718 1189 752 libertas
1210 719 1350 753 reddita
1368 720 1423 760 iis,
1444 720 1568 764 quibus

78 764 245 807 adempta
261 765 402 807 fuerat.
457 765 647 799 Concordia
670 770 867 809 sumptuoso
891 764 1044 798 convivio
1068 764 1217 798 sancita.
1255 765 1433 807 Palamas,
1456 766 1567 810 Didy-

77 810 224 844 moticho
249 810 398 853 accitus,
424 811 503 846 lites
525 817 689 854 renovat,
720 811 962 846 Cantacuzeno
985 812 1188 846 adiuvante.
1237 811 1363 857 Negat
1387 813 1567 858 Gregoras

77 868 171 890 nova
195 857 430 901 disputatione
462 869 547 902 opus
571 871 653 893 esse.
701 858 886 892 Palamam
917 858 1113 903 redarguit.
1160 858 1248 892 Item
1275 859 1565 894 (jantacuze-num.

78 904 340 938 Assentatorem
367 905 540 949 quendam
572 906 746 951 obiurgat.
796 906 934 950 Scripta
965 905 1163 939 testimonia
1193 907 1345 949 proferri
1366 918 1390 939 a
1418 906 1566 940 Palama

76 962 146 984 non
167 951 261 985 sinit.
316 952 504 986 Concilium
532 952 720 987 dimittitur
744 952 817 997 (5).
866 953 1127 986 Cantacuzenus
1152 951 1290 986 cratem
1312 953 1419 996 officii
1441 953 1565 987 admo-

77 1002 149 1032 net.
200 998 278 1032 Non
304 998 458 1033 auditur.
505 999 641 1034 Bellum
661 1004 781 1044 parat.
831 1000 1007 1040 Ammius,
1029 1010 1106 1033 cum
1130 998 1235 1043 copiis
1260 1010 1359 1033 mare
1382 1000 1565 1034 transmis-

77 1056 199 1085 surus,
223 1046 459 1088 Smyrnaeum
479 1045 684 1080 Latinorum
709 1058 824 1080 arcem
846 1047 875 1081 it
899 1050 1149 1091 expugnatum.
1197 1046 1324 1080 Missili
1344 1047 1414 1080 telo
1437 1047 1567 1080 occisus

78 1092 184 1125 cadit.
235 1091 513 1126 Cantacuzenum
538 1104 561 1126 a
585 1098 739 1137 suscepto
762 1093 848 1126 bello
872 1098 943 1127 tres
965 1104 1093 1126 causae
1117 1093 1312 1127 deterrent.-
1334 1104 1456 1138 nempe
1475 1103 1566 1127 mors

76 1138 236 1178 Amurii5
267 1149 388 1172 renum
410 1140 570 1180 morbus,·
604 1145 638 1174 et
664 1140 913 1174 Galataeorum
937 1140 1076 1174 rebellio
1100 1139 1173 1184 (6).
1222 1139 1352 1173 Persae
1370 1140 1567 1185 praedones

75 1186 113 1218 in
139 1185 327 1218 Thraciam
363 1197 403 1219 ex
429 1187 513 1220 Asia
544 1187 736 1223 traiiciunt.
775 1187 918 1232 Equites
949 1186 1168 1220 circumiecta
1191 1186 1349 1230 Bizynae
1379 1187 1459 1221 urbi
1488 1187 1566 1221 loca

76 1233 269 1265 incursant.
319 1232 455 1267 Pedites
478 1234 624 1267 ulterius
642 1239 807 1278 pergunt.
855 1234 1061 1268 Matthaeus
1078 1233 1339 1268 Cantacuzenus
1356 1245 1434 1267 cum
1447 1244 1566 1278 parva

75 1290 183 1312 manu
206 1279 261 1312 his
284 1281 441 1315 occurrit.
488 1280 643 1315 Barbari
666 1281 841 1314 Romanos
864 1281 1055 1326 conspicati
1076 1281 1160 1324 quid
1184 1280 1331 1326 egerint.
1380 1281 1479 1314 Acris
1497 1292 1564 1325 pu-

74 1336 163 1370 gna.
212 1325 391 1360 Matthaei
421 1328 619 1362 strenuitas.
666 1328 833 1361 Eiusdem
856 1328 893 1361 in
916 1328 1030 1362 hostes
1051 1333 1180 1362 temere
1204 1327 1332 1361 invecti
1359 1327 1564 1371 periculum.

75 1372 233 1407 Barbari
254 1373 485 1408 internecione
509 1374 628 1410 deleti.
674 1375 887 1409 Praeclarae
908 1386 986 1419 spes
1017 1386 1059 1409 ex
1082 1375 1211 1409 illustri
1239 1375 1398 1408 victoria.
1445 1375 1564 1419 Eque-

76 1424 148 1452 stre
171 1420 388 1462 praedonum
406 1432 535 1465 agmen
559 1422 603 1455 ab
626 1421 699 1466 ipso
722 1422 930 1468 imperatore
943 1422 1077 1468 partim
1091 1433 1242 1465 caesum,
1271 1422 1404 1466 partim
1423 1421 1563 1467 praeda

77 1471 198 1511 erepta
212 1469 335 1512 jusum
359 1472 394 1503 et
416 1468 607 1514 dispersum
633 1468 708 1514 (7).

182 1658 236 1706 α’.
283 1645 390 1705 Τῶν
413 1661 489 1715 μὲν
510 1653 584 1702 οὖν
609 1660 829 1719 Θρᾳκικῶν
851 1654 1010 1700 πόλεων
1031 1655 1201 1712 οῧδειιιία
1210 1689 1224 1710 ,
1257 1657 1365 1715 πλὴν
1386 1662 1461 1715 τῆς
1479 1676 1563 1703 πα-
1578 1665 1617 1700 A.
1634 1665 1679 1700 Μ.
1695 1667 1788 1702 6855

77 1734 220 1788 ραλιόυ
246 1732 463 1786 Μηδείας,
498 1730 721 1781 ἐλέλειπτο,
759 1731 835 1771 τοῦ
854 1727 913 1783 μὴ
935 1727 976 1776 ἒς
996 1724 1208 1783 ὖποταγὴν
1228 1733 1483 1785 καταστῆναι
1502 1733 1562 1788 τῷ
1588 1715 1680 1794 Alng·
1695 1714 1786 1796 ἔξω,

73 1803 408 1859 Καντακουζηνῷ
447 1799 552 1856 μετὰ
591 1799 668 1855 τὴν
707 1799 750 1849 ἐς
785 1795 1014 1850 Βυζάντιον
1044 1794 1206 1840 εἷ’σοὸόν
1240 1814 1283 1840 τε
1312 1799 1380 1841 καὶ
1412 1798 1460 1842 τὸ
1487 1803 1786 1855 τῆςΙιιιρᾸοΕιιη-

75 1870 428 1928 αὐτοκρατορικῆς
459 1867 764 1926 ἀναγορεύσεως
799 1867 965 1917 ἐντελές.
1012 1867 1055 1908 ἓν
1088 1867 1133 1910 δὲ
1159 1869 1430 1927 ΖΙῙακεδονίᾳ,
1474 1872 1560 1911 τῶν
1574 1854 1739 1932 Dtaeuz.1

48 1939 215 1998 5ἇλλων
236 1938 483 1996 ὗπηκουσῶν
506 1944 565 1998 τῷ
586 1943 668 1981 τῶν
690 1940 939 1994 Τριβαλλῶν
955 1933 1118 1992 ἡγεμόνι
1129 1969 1143 1989 ,
1182 1936 1362 1994 Βὲρῤοια
1391 1938 1469 1991 μὲν
1492 1940 1559 1980 καὶ
1576 1945 1616 1978 V.
1627 1942 1697 1981 404

75 2009 183 2065 αὐτὴ
200 2009 294 2065 μετ’
318 2010 453 2067 ὀλίγον
482 2013 565 2053 τῶν
593 2005 788 2064 ὑπηκόων
815 2007 944 2050 αὐτοῦ
966 2004 1159 2062 ἐγεγόνει,
1199 2009 1439 2063 συμμαχίας
1463 2006 1560 2050 ἄνευ

74 2080 140 2121 ἐπὶ
157 2079 320 2137 μακρὸν
351 2079 530 2135 ἀντέχειν
555 2078 602 2122 οὗ
626 2077 832 2133 δυναμένη
866 2075 971 2134 πρὸς
997 2075 1261 2133 βαρβαρικὴν
1281 2078 1347 2119 καὶ
1369 2078 1561 2132 ἐπίμονον
1573 2082 1615 2119 Ρ.
1627 2082 1696 2120 500

73 2146 212 2204 μα’χην
221 2183 236 2203 ,
267 2147 454 2207 φυγάδος
473 2150 628 2192 ἐκεῖθεν
644 2147 799 2203 μεταξὺ
817 2147 1033 2203 γενομένου
1055 2150 1129 2189 τοῦ
1148 2150 1373 2201 τηνικαῦτα
1396 2147 1562 2203 ἐπιτρο-

73 2216 270 2270 πεύοντος
289 2218 523 2275 ΙΙἸανουὴλ,
551 2222 626 2262 τοῦ
648 2222 722 2261 τοῦ
741 2217 946 2272 βασιλέως
963 2216 1069 2259 υἱοῦ.
1112 2217 1395 2274 Θεσσαλονίκῃ
1416 2216 1462 2258 ‹5'
1486 2215 1561 2259 οὔκ

21 2287 242 2343 1Οῆρεσκεν
265 2288 399 2331 οὐδενὶ
429 2292 710 2345 προσρυῆναι,
741 2285 845 2342 μήτε
870 2291 930 2346 τῷ
957 2286 1317 2344 Καντακουζηνῷ,
1346 2283 1451 2341 μήτε
1476 2284 1561 2340 μὴν

72 2361 133 2417 τῷ
151 2362 235 2401 τῶν
261 2362 508 2417 Τριβαλλῶν
530 2355 709 2415 ἡγεμόνι.
768 2355 861 2417 (Β.)
899 2354 1055 2406 Στάσις
1073 2354 1150 2413 γὰρ
1183 2355 1226 2397 ἐκ
1246 2359 1401 2398 πολλοῦ
1422 2361 1559 2398 κατεῖ-

74 2474 108 2508 1.
129 2455 293 2511 Urbium
312 2472 510 2515 Thraciae,
533 2475 680 2518 excepta
696 2470 845 2514 Medea,
869 2482 958 2516 quae
979 2469 1148 2506 maritima
1168 2472 1242 2511 est,
1265 2465 1448 2521 nulla-iam
1467 2469 1557 2509 erat,

73 2530 162 2564 quae
180 2519 422 2554 Cantacuzeno
443 2531 510 2554 non
529 2524 691 2564 pareret,
717 2529 760 2552 ex
781 2530 849 2564 quo
867 2517 1070 2563 Byzantium
1090 2516 1269 2562 ingressus
1293 2520 1329 2548 et
1347 2518 1419 2548 ritu
1442 2514 1557 2548 solen-

73 2566 172 2602 niore
195 2565 381 2611 imperator
406 2567 599 2601 declaratus
620 2566 746 2599 suerat.
793 2565 834 2598 In
854 2564 1060 2600 Macedonia
1079 2569 1192 2598 autem
1211 2574 1284 2597 cum
1305 2566 1465 2595 caeterae
1487 2559 1555 2594 iam

74 2614 240 2647 subactae
261 2624 281 2647 a
299 2613 530 2647 Triballorum
551 2611 709 2658 principe
733 2616 850 2652 erant,
885 2616 956 2646 tum
981 2612 1063 2656 ipsa
1087 2621 1222 2656 quoque
1251 2607 1428 2644 Berrhoea
1453 2606 1554 2660 paulo

73 2665 154 2703 post
175 2660 210 2693 in
233 2657 305 2693 eius
333 2659 496 2694 ditionem
523 2659 704 2693 concessit.
766 2657 913 2692 Auxiliis
935 2657 1023 2693 enim
1047 2657 1214 2692 destituta
1238 2666 1304 2689 uon
1328 2653 1554 2707 pot-erattdiu

71 2704 274 2741 barbaricae
293 2709 329 2739 et
344 2705 510 2751 pertinaci
529 2704 778 2751 oppugnationi
793 2704 967 2739 resistere.
1014 2706 1128 2749 Atque
1144 2702 1278 2736 interea
1295 2701 1462 2745 fugitivus
1477 2699 1557 2753 inde

72 2752 180 2787 cessit
197 2752 239 2792 is.
258 2751 316 2798 qui
334 2759 403 2786 tum
420 2753 584 2798 temporis
598 2751 766 2797 praefecti
781 2763 921 2786 munere
936 2751 1162 2796 fungebatur,
1172 2747 1325 2789 Manuel,
1338 2748 1555 2800 imperatoris

71 2798 172 2833 filius.
191 2798 475 2834 ,Thessalonicae
493 2811 576 2833 vero
595 2803 752 2833 neutrum
771 2798 941 2843 placebat,
965 2809 1076 2843 neque
1095 2796 1338 2848 Cantacuzeno
1356 2794 1558 2847 submittere

7 2889 9 2891 ι
72 2856 122 2888 se,
139 2857 252 2892 neque
265 2844 498 2881 Triballorum
513 2845 675 2892 principi.
725 2845 809 2891 (ΙΙ.)
831 2845 969 2891 Nempe
987 2856 1061 2879 eam
1081 2843 1200 2877 urbem
1214 2841 1340 2876 seditio
1357 2839 1557 2885 xampndem
