<?xml version="1.0" encoding="UTF-8"?>
<!DOCTYPE html PUBLIC "-//W3C//DTD XHTML 1.0 Transitional//EN"
    "http://www.w3.org/TR/xhtml1/DTD/xhtml1-transitional.dtd">
<html xmlns="http://www.w3.org/1999/xhtml" xml:lang="en" lang="en">
 <head>
  <title>
</title>
<meta http-equiv="Content-Type" content="text/html;charset=utf-8" />
  <meta name='ocr-system' content='tesseract 3.04.00' />
  <meta name='ocr-capabilities' content='ocr_page ocr_carea ocr_par ocr_line ocrx_word'/>
</head>
<body>
  <div class='ocr_page' id='page_1' title='image "./corpusscriptorum39niebuoft_0809.png"; bbox 0 0 1754 3164; ppageno 0'>
   <div class='ocr_carea' id='block_1_1' title="bbox 516 139 1186 181">
    <p class='ocr_par' dir='ltr' id='par_1_1' title="bbox 516 139 1186 181">
     <span class='ocr_line' id='line_1_1' title="bbox 516 139 1186 181; baseline 0.003 -3"><span class='ocrx_word' id='word_1_1' title='bbox 516 139 764 180; x_wconf 87' lang='lat' dir='ltr'><strong>NOMINUM</strong></span> <span class='ocrx_word' id='word_1_2' title='bbox 791 139 858 181; x_wconf 84' lang='grc' dir='ltr'><strong>ΕΤ</strong></span> <span class='ocrx_word' id='word_1_3' title='bbox 887 140 1186 181; x_wconf 75' lang='lat' dir='ltr'><strong>VERBORUM.</strong></span> 
     </span>
    </p>
   </div>
   <div class='ocr_carea' id='block_1_2' title="bbox 58 240 814 890">
    <p class='ocr_par' dir='ltr' id='par_1_2' title="bbox 62 240 738 289">
     <span class='ocr_line' id='line_1_2' title="bbox 62 240 738 289; baseline 0.003 -13"><span class='ocrx_word' id='word_1_4' title='bbox 62 242 232 277; x_wconf 82' lang='lat' dir='ltr'><strong>Octavius</strong></span> <span class='ocrx_word' id='word_1_5' title='bbox 256 242 399 279; x_wconf 80' lang='lat' dir='ltr'><strong>Caesar.</strong></span> <span class='ocrx_word' id='word_1_6' title='bbox 430 240 522 277; x_wconf 86' lang='lat' dir='ltr'><strong>Vide</strong></span> <span class='ocrx_word' id='word_1_7' title='bbox 545 244 738 289; x_wconf 78' lang='lat' dir='ltr'><strong>Augustus.</strong></span> 
     </span>
    </p>

    <p class='ocr_par' dir='ltr' id='par_1_3' title="bbox 61 287 812 378">
     <span class='ocr_line' id='line_1_3' title="bbox 61 287 812 334; baseline 0.004 -12"><span class='ocrx_word' id='word_1_8' title='bbox 61 288 236 334; x_wconf 87' lang='lat' dir='ltr'><strong>Olympici</strong></span> <span class='ocrx_word' id='word_1_9' title='bbox 260 289 412 324; x_wconf 76' lang='lat' dir='ltr'><strong>athletae</strong></span> <span class='ocrx_word' id='word_1_10' title='bbox 440 287 530 333; x_wconf 81' lang='lat'><strong>447,</strong></span> <span class='ocrx_word' id='word_1_11' title='bbox 568 292 623 326; x_wconf 92' lang='grc'><strong>17.</strong></span> <span class='ocrx_word' id='word_1_12' title='bbox 656 293 747 333; x_wconf 81' lang='grc'><strong>505,</strong></span> <span class='ocrx_word' id='word_1_13' title='bbox 780 292 812 327; x_wconf 91' lang='grc'><strong>8.</strong></span> 
     </span>
     <span class='ocr_line' id='line_1_4' title="bbox 107 335 345 378; baseline -0.004 -9"><span class='ocrx_word' id='word_1_14' title='bbox 107 335 181 370; x_wconf 82' lang='lat' dir='ltr'><strong>ludi</strong></span> <span class='ocrx_word' id='word_1_15' title='bbox 205 336 288 378; x_wconf 84' lang='lat'><strong>482,</strong></span> <span class='ocrx_word' id='word_1_16' title='bbox 311 337 345 371; x_wconf 84' lang='lat'><strong>7.</strong></span> 
     </span>
    </p>

    <p class='ocr_par' dir='ltr' id='par_1_4' title="bbox 60 381 640 428">
     <span class='ocr_line' id='line_1_5' title="bbox 60 381 640 428; baseline 0.002 -11"><span class='ocrx_word' id='word_1_17' title='bbox 60 381 244 428; x_wconf 84' lang='lat' dir='ltr'><strong>Olympica</strong></span> <span class='ocrx_word' id='word_1_18' title='bbox 267 381 454 417; x_wconf 86' lang='lat' dir='ltr'><strong>certamina</strong></span> <span class='ocrx_word' id='word_1_19' title='bbox 477 383 558 425; x_wconf 85' lang='lat'><strong>329,</strong></span> <span class='ocrx_word' id='word_1_20' title='bbox 584 384 640 420; x_wconf 89' lang='lat'><strong>18.</strong></span> 
     </span>
    </p>

    <p class='ocr_par' dir='ltr' id='par_1_5' title="bbox 60 428 597 474">
     <span class='ocr_line' id='line_1_6' title="bbox 60 428 597 474; baseline 0.002 -12"><span class='ocrx_word' id='word_1_21' title='bbox 60 429 263 474; x_wconf 82' lang='lat' dir='ltr'><strong>Olympicus</strong></span> <span class='ocrx_word' id='word_1_22' title='bbox 287 428 435 463; x_wconf 82' lang='lat' dir='ltr'><strong>oleaster</strong></span> <span class='ocrx_word' id='word_1_23' title='bbox 456 430 537 471; x_wconf 73' lang='lat'><strong>324,</strong></span> <span class='ocrx_word' id='word_1_24' title='bbox 563 429 597 465; x_wconf 83' lang='lat'><strong>4.</strong></span> 
     </span>
    </p>

    <p class='ocr_par' dir='ltr' id='par_1_6' title="bbox 60 475 813 614">
     <span class='ocr_line' id='line_1_7' title="bbox 60 475 812 520; baseline 0.005 -12"><span class='ocrx_word' id='word_1_25' title='bbox 60 475 252 520; x_wconf 80' lang='lat' dir='ltr'><strong>Olympus,</strong></span> <span class='ocrx_word' id='word_1_26' title='bbox 287 486 381 509; x_wconf 88' lang='lat' dir='ltr'><strong>mons</strong></span> <span class='ocrx_word' id='word_1_27' title='bbox 404 475 608 511; x_wconf 78' lang='lat' dir='ltr'>Thessaliae</span> <span class='ocrx_word' id='word_1_28' title='bbox 634 478 726 519; x_wconf 87' lang='lat'><strong>110,</strong></span> <span class='ocrx_word' id='word_1_29' title='bbox 757 478 812 514; x_wconf 86' lang='lat'><strong>18.</strong></span> 
     </span>
     <span class='ocr_line' id='line_1_8' title="bbox 105 521 813 570; baseline 0.003 -13"><span class='ocrx_word' id='word_1_30' title='bbox 105 521 189 564; x_wconf 82' lang='grc'><strong>248,</strong></span> <span class='ocrx_word' id='word_1_31' title='bbox 216 524 247 557; x_wconf 91' lang='grc'><strong>1.</strong></span> <span class='ocrx_word' id='word_1_32' title='bbox 271 521 353 564; x_wconf 88' lang='grc'><strong>249,</strong></span> <span class='ocrx_word' id='word_1_33' title='bbox 376 522 413 557; x_wconf 87' lang='grc'><strong>5.</strong></span> <span class='ocrx_word' id='word_1_34' title='bbox 435 523 516 562; x_wconf 84' lang='grc'><strong>722,</strong></span> <span class='ocrx_word' id='word_1_35' title='bbox 533 524 567 558; x_wconf 90' lang='grc'><strong>3.</strong></span> <span class='ocrx_word' id='word_1_36' title='bbox 589 535 674 559; x_wconf 88' lang='lat' dir='ltr'><strong>onus</strong></span> <span class='ocrx_word' id='word_1_37' title='bbox 692 523 813 570; x_wconf 88' lang='lat' dir='ltr'><strong>Olym-</strong></span> 
     </span>
     <span class='ocr_line' id='line_1_9' title="bbox 105 567 535 614; baseline 0 -12"><span class='ocrx_word' id='word_1_38' title='bbox 105 579 151 614; x_wconf 87' lang='lat' dir='ltr'><strong>po</strong></span> <span class='ocrx_word' id='word_1_39' title='bbox 179 567 324 613; x_wconf 77' lang='lat' dir='ltr'><strong>gravius</strong></span> <span class='ocrx_word' id='word_1_40' title='bbox 349 567 452 609; x_wconf 79' lang='lat'><strong>1043,</strong></span> <span class='ocrx_word' id='word_1_41' title='bbox 477 569 535 605; x_wconf 91' lang='lat'><strong>23.</strong></span> 
     </span>
    </p>

    <p class='ocr_par' dir='ltr' id='par_1_7' title="bbox 61 614 813 753">
     <span class='ocr_line' id='line_1_10' title="bbox 61 614 813 660; baseline 0.007 -12"><span class='ocrx_word' id='word_1_42' title='bbox 61 614 257 660; x_wconf 86' lang='lat' dir='ltr'><strong>Olympus,</strong></span> <span class='ocrx_word' id='word_1_43' title='bbox 287 626 382 649; x_wconf 88' lang='lat' dir='ltr'><strong>mons</strong></span> <span class='ocrx_word' id='word_1_44' title='bbox 412 614 516 650; x_wconf 87' lang='lat' dir='ltr'><strong>Asiae</strong></span> <span class='ocrx_word' id='word_1_45' title='bbox 547 617 635 658; x_wconf 92' lang='lat'><strong>169,</strong></span> <span class='ocrx_word' id='word_1_46' title='bbox 671 617 706 651; x_wconf 85' lang='lat'><strong>2.</strong></span> <span class='ocrx_word' id='word_1_47' title='bbox 730 614 813 660; x_wconf 86' lang='grc'><strong>214,</strong></span> 
     </span>
     <span class='ocr_line' id='line_1_11' title="bbox 104 661 813 709; baseline 0.003 -13"><span class='ocrx_word' id='word_1_48' title='bbox 104 663 162 696; x_wconf 86' lang='grc'><strong>22.</strong></span> <span class='ocrx_word' id='word_1_49' title='bbox 187 661 262 695; x_wconf 86' lang='lat' dir='ltr'><strong>eius</strong></span> <span class='ocrx_word' id='word_1_50' title='bbox 279 661 402 696; x_wconf 88' lang='lat' dir='ltr'><strong>montis</strong></span> <span class='ocrx_word' id='word_1_51' title='bbox 419 663 599 707; x_wconf 83' lang='lat' dir='ltr'><strong>angustiae</strong></span> <span class='ocrx_word' id='word_1_52' title='bbox 615 663 813 709; x_wconf 81' lang='lat' dir='ltr'><strong>Bithyniam</strong></span> 
     </span>
     <span class='ocr_line' id='line_1_12' title="bbox 107 707 778 753; baseline 0.003 -11"><span class='ocrx_word' id='word_1_53' title='bbox 107 713 144 742; x_wconf 86' lang='lat' dir='ltr'><strong>et</strong></span> <span class='ocrx_word' id='word_1_54' title='bbox 166 707 354 753; x_wconf 82' lang='lat' dir='ltr'><strong>Phrygiam</strong></span> <span class='ocrx_word' id='word_1_55' title='bbox 378 707 615 745; x_wconf 81' lang='lat' dir='ltr'><strong>disterminant</strong></span> <span class='ocrx_word' id='word_1_56' title='bbox 638 712 695 752; x_wconf 86' lang='lat'><strong>18,</strong></span> <span class='ocrx_word' id='word_1_57' title='bbox 722 713 778 747; x_wconf 88' lang='grc'><strong>19.</strong></span> 
     </span>
    </p>

    <p class='ocr_par' dir='ltr' id='par_1_8' title="bbox 59 755 513 799">
     <span class='ocr_line' id='line_1_13' title="bbox 59 755 513 799; baseline 0.004 -10"><span class='ocrx_word' id='word_1_58' title='bbox 59 755 295 799; x_wconf 82' lang='lat' dir='ltr'><strong>Omer-oglios</strong></span> <span class='ocrx_word' id='word_1_59' title='bbox 318 755 430 797; x_wconf 90' lang='lat'><strong>1200,</strong></span> <span class='ocrx_word' id='word_1_60' title='bbox 458 757 513 791; x_wconf 88' lang='grc'><strong>19.</strong></span> 
     </span>
    </p>

    <p class='ocr_par' dir='ltr' id='par_1_9' title="bbox 58 801 814 890">
     <span class='ocr_line' id='line_1_14' title="bbox 58 801 814 846; baseline 0.005 -11"><span class='ocrx_word' id='word_1_61' title='bbox 58 801 399 846; x_wconf 81' lang='lat' dir='ltr'><strong>Omphaopsychia,</strong></span> <span class='ocrx_word' id='word_1_62' title='bbox 432 802 608 837; x_wconf 88' lang='lat' dir='ltr'><strong>monachis</strong></span> <span class='ocrx_word' id='word_1_63' title='bbox 631 802 770 838; x_wconf 81' lang='lat' dir='ltr'><strong>obiecta</strong></span> <span class='ocrx_word' id='word_1_64' title='bbox 792 815 814 839; x_wconf 84' lang='lat' dir='ltr'><strong>a</strong></span> 
     </span>
     <span class='ocr_line' id='line_1_15' title="bbox 104 847 475 890; baseline 0.005 -8"><span class='ocrx_word' id='word_1_65' title='bbox 104 847 285 882; x_wconf 87' lang='lat' dir='ltr'><strong>Barlaamo</strong></span> <span class='ocrx_word' id='word_1_66' title='bbox 309 847 392 890; x_wconf 89' lang='grc'><strong>557,</strong></span> <span class='ocrx_word' id='word_1_67' title='bbox 418 849 475 884; x_wconf 88' lang='grc'><strong>15.</strong></span> 
     </span>
    </p>
   </div>
   <div class='ocr_carea' id='block_1_3' title="bbox 58 903 813 997">
    <p class='ocr_par' dir='ltr' id='par_1_10' title="bbox 58 903 813 997">
     <span class='ocr_line' id='line_1_16' title="bbox 58 903 813 950; baseline 0.008 -12"><span class='ocrx_word' id='word_1_68' title='bbox 58 904 302 939; x_wconf 86' lang='lat' dir='ltr'><strong>Onomasticon</strong></span> <span class='ocrx_word' id='word_1_69' title='bbox 326 903 458 941; x_wconf 84' lang='lat' dir='ltr'><strong>urbium</strong></span> <span class='ocrx_word' id='word_1_70' title='bbox 486 906 674 942; x_wconf 84' lang='lat' dir='ltr'><strong>indicatum</strong></span> <span class='ocrx_word' id='word_1_71' title='bbox 709 906 813 950; x_wconf 83' lang='lat'><strong>1234,</strong></span> 
     </span>
     <span class='ocr_line' id='line_1_17' title="bbox 104 951 811 997; baseline 0.001 -9"><span class='ocrx_word' id='word_1_72' title='bbox 104 953 161 988; x_wconf 85' lang='lat'><strong>17.</strong></span> <span class='ocrx_word' id='word_1_73' title='bbox 187 951 298 993; x_wconf 76' lang='grc'><strong>1262,</strong></span> <span class='ocrx_word' id='word_1_74' title='bbox 321 953 379 992; x_wconf 81' lang='grc'><strong>25.</strong></span> <span class='ocrx_word' id='word_1_75' title='bbox 405 956 517 997; x_wconf 85' lang='grc'><strong>1263,</strong></span> <span class='ocrx_word' id='word_1_76' title='bbox 547 956 600 990; x_wconf 91' lang='grc'><strong>18.</strong></span> <span class='ocrx_word' id='word_1_77' title='bbox 626 953 729 996; x_wconf 87' lang='grc'><strong>1264,</strong></span> <span class='ocrx_word' id='word_1_78' title='bbox 753 957 811 991; x_wconf 88' lang='grc'><strong>26.</strong></span> 
     </span>
    </p>
   </div>
   <div class='ocr_carea' id='block_1_4' title="bbox 57 1009 812 1242">
    <p class='ocr_par' dir='ltr' id='par_1_11' title="bbox 57 1009 812 1242">
     <span class='ocr_line' id='line_1_18' title="bbox 57 1009 812 1067; baseline 0.007 -25"><span class='ocrx_word' id='word_1_79' title='bbox 57 1009 229 1056; x_wconf 83' lang='lat' dir='ltr'><strong>Operatio</strong></span> <span class='ocrx_word' id='word_1_80' title='bbox 254 1012 290 1043; x_wconf 87' lang='lat' dir='ltr'><strong>et</strong></span> <span class='ocrx_word' id='word_1_81' title='bbox 317 1011 510 1046; x_wconf 84' lang='lat' dir='ltr'><strong>substantia</strong></span> <span class='ocrx_word' id='word_1_82' title='bbox 540 1011 631 1046; x_wconf 87' lang='lat' dir='ltr'><strong>idem</strong></span> <span class='ocrx_word' id='word_1_83' title='bbox 664 1013 812 1067; x_wconf 43' lang='lat' dir='ltr'><strong>sunt-in</strong></span> 
     </span>
     <span class='ocr_line' id='line_1_19' title="bbox 101 1056 810 1150; baseline 0.006 -14"><span class='ocrx_word' id='word_1_84' title='bbox 101 1056 351 1137; x_wconf 55' lang='grc' dir='ltr'><strong>,ἳίἶῖἔῗὲῑὲῗὲ</strong></span> <span class='ocrx_word' id='word_1_85' title='bbox 370 1059 810 1150; x_wconf 55' lang='grc' dir='ltr'><strong>135Ξῖ.6·ι)ἶῗ..ἶὲἓ”ἑὲῗζ</strong></span> 
     </span>
     <span class='ocr_line' id='line_1_20' title="bbox 105 1149 810 1195; baseline 0.007 -13"><span class='ocrx_word' id='word_1_86' title='bbox 105 1151 161 1186; x_wconf 74' lang='grc'><strong>12.</strong></span> <span class='ocrx_word' id='word_1_87' title='bbox 204 1149 455 1195; x_wconf 84' lang='lat' dir='ltr'><strong>Operationum</strong></span> <span class='ocrx_word' id='word_1_88' title='bbox 489 1151 682 1187; x_wconf 84' lang='lat' dir='ltr'><strong>divinarum</strong></span> <span class='ocrx_word' id='word_1_89' title='bbox 711 1152 810 1187; x_wconf 82' lang='lat' dir='ltr'><strong>varia</strong></span> 
     </span>
     <span class='ocr_line' id='line_1_21' title="bbox 104 1195 619 1242; baseline 0.012 -13"><span class='ocrx_word' id='word_1_90' title='bbox 104 1195 242 1230; x_wconf 82' lang='lat' dir='ltr'><strong>nomina</strong></span> <span class='ocrx_word' id='word_1_91' title='bbox 264 1195 346 1238; x_wconf 87' lang='lat'><strong>945,</strong></span> <span class='ocrx_word' id='word_1_92' title='bbox 372 1199 406 1233; x_wconf 90' lang='lat'><strong>8.</strong></span> <span class='ocrx_word' id='word_1_93' title='bbox 432 1200 536 1242; x_wconf 88' lang='lat'><strong>1009,</strong></span> <span class='ocrx_word' id='word_1_94' title='bbox 559 1200 619 1235; x_wconf 89' lang='grc'><strong>21.</strong></span> 
     </span>
    </p>
   </div>
   <div class='ocr_carea' id='block_1_5' title="bbox 57 1253 451 1300">
    <p class='ocr_par' dir='ltr' id='par_1_12' title="bbox 57 1253 451 1300">
     <span class='ocr_line' id='line_1_22' title="bbox 57 1253 451 1300; baseline 0.005 -12"><span class='ocrx_word' id='word_1_95' title='bbox 57 1253 263 1300; x_wconf 84' lang='lat' dir='ltr'><strong>Ophiuchus</strong></span> <span class='ocrx_word' id='word_1_96' title='bbox 284 1253 368 1298; x_wconf 83' lang='lat'><strong>542,</strong></span> <span class='ocrx_word' id='word_1_97' title='bbox 394 1257 451 1292; x_wconf 85' lang='grc'><strong>17.</strong></span> 
     </span>
    </p>
   </div>
   <div class='ocr_carea' id='block_1_6' title="bbox 56 1312 809 2852">
    <p class='ocr_par' dir='ltr' id='par_1_13' title="bbox 57 1312 809 1732">
     <span class='ocr_line' id='line_1_23' title="bbox 57 1312 809 1362; baseline 0.007 -16"><span class='ocrx_word' id='word_1_98' title='bbox 57 1312 245 1347; x_wconf 89' lang='lat' dir='ltr'><strong>Oraculum</strong></span> <span class='ocrx_word' id='word_1_99' title='bbox 261 1337 271 1355; x_wconf 92' lang='lat'><strong>,</strong></span> <span class='ocrx_word' id='word_1_100' title='bbox 293 1312 337 1347; x_wconf 88' lang='lat' dir='ltr'><strong>de</strong></span> <span class='ocrx_word' id='word_1_101' title='bbox 355 1312 536 1349; x_wconf 88' lang='lat' dir='ltr'><strong>Michaelis</strong></span> <span class='ocrx_word' id='word_1_102' title='bbox 563 1315 765 1362; x_wconf 85' lang='lat' dir='ltr'><strong>Palaeologi</strong></span> <span class='ocrx_word' id='word_1_103' title='bbox 781 1315 809 1350; x_wconf 87' lang='grc' dir='ltr'><strong>Ι.</strong></span> 
     </span>
     <span class='ocr_line' id='line_1_24' title="bbox 103 1359 808 1402; baseline 0.006 -9"><span class='ocrx_word' id='word_1_104' title='bbox 103 1359 200 1393; x_wconf 88' lang='lat' dir='ltr'><strong>obitu</strong></span> <span class='ocrx_word' id='word_1_105' title='bbox 219 1361 298 1402; x_wconf 83' lang='lat'><strong>150,</strong></span> <span class='ocrx_word' id='word_1_106' title='bbox 321 1361 375 1395; x_wconf 92' lang='lat'><strong>17.</strong></span> <span class='ocrx_word' id='word_1_107' title='bbox 400 1360 445 1394; x_wconf 89' lang='lat' dir='ltr'><strong>de</strong></span> <span class='ocrx_word' id='word_1_108' title='bbox 469 1361 645 1397; x_wconf 82' lang='lat' dir='ltr'><strong>Trallibus</strong></span> <span class='ocrx_word' id='word_1_109' title='bbox 669 1364 712 1397; x_wconf 89' lang='lat' dir='ltr'><strong>ab</strong></span> <span class='ocrx_word' id='word_1_110' title='bbox 737 1365 808 1397; x_wconf 86' lang='lat' dir='ltr'><strong>An-</strong></span> 
     </span>
     <span class='ocr_line' id='line_1_25' title="bbox 102 1406 806 1450; baseline 0.009 -11"><span class='ocrx_word' id='word_1_111' title='bbox 102 1406 245 1440; x_wconf 87' lang='lat' dir='ltr'><strong>dronico</strong></span> <span class='ocrx_word' id='word_1_112' title='bbox 278 1418 352 1442; x_wconf 88' lang='lat' dir='ltr'><strong>sen.</strong></span> <span class='ocrx_word' id='word_1_113' title='bbox 382 1406 611 1443; x_wconf 84' lang='lat' dir='ltr'><strong>instaurandis</strong></span> <span class='ocrx_word' id='word_1_114' title='bbox 646 1409 732 1450; x_wconf 79' lang='lat'><strong>143,</strong></span> <span class='ocrx_word' id='word_1_115' title='bbox 770 1411 806 1445; x_wconf 88' lang='lat'><strong>2.</strong></span> 
     </span>
     <span class='ocr_line' id='line_1_26' title="bbox 102 1452 807 1509; baseline 0.007 -23"><span class='ocrx_word' id='word_1_116' title='bbox 102 1452 188 1507; x_wconf 70' lang='lat' dir='ltr'><strong>ibiq.</strong></span> <span class='ocrx_word' id='word_1_117' title='bbox 224 1457 340 1487; x_wconf 87' lang='lat' dir='ltr'><strong>annot.</strong></span> <span class='ocrx_word' id='word_1_118' title='bbox 364 1453 408 1488; x_wconf 84' lang='lat' dir='ltr'><strong>de</strong></span> <span class='ocrx_word' id='word_1_119' title='bbox 431 1460 541 1509; x_wconf 70' lang='lat' dir='ltr'><strong>morte</strong></span> <span class='ocrx_word' id='word_1_120' title='bbox 562 1455 742 1490; x_wconf 81' lang='lat' dir='ltr'><strong>Michaelis</strong></span> <span class='ocrx_word' id='word_1_121' title='bbox 759 1456 807 1493; x_wconf 91' lang='lat' dir='ltr'><strong>II.</strong></span> 
     </span>
     <span class='ocr_line' id='line_1_27' title="bbox 100 1499 807 1591; baseline 0.011 -11"><span class='ocrx_word' id='word_1_122' title='bbox 100 1511 183 1588; x_wconf 69' lang='grc' dir='ltr'><strong>ἓὶἒὲζ</strong></span> <span class='ocrx_word' id='word_1_123' title='bbox 205 1499 428 1581; x_wconf 48' lang='grc' dir='ltr'><strong>Ξῗὸὸῖέώῗὲ</strong></span> <span class='ocrx_word' id='word_1_124' title='bbox 451 1503 807 1591; x_wconf 61' lang='grc' dir='ltr'><strong>ῗῗιῗὲῗέἓ.ἒ.ἳὶἶὲοὲἕῖιῗ</strong></span> 
     </span>
     <span class='ocr_line' id='line_1_28' title="bbox 101 1592 807 1637; baseline 0.006 -10"><span class='ocrx_word' id='word_1_125' title='bbox 101 1594 136 1629; x_wconf 88' lang='grc'><strong>6.</strong></span> <span class='ocrx_word' id='word_1_126' title='bbox 174 1592 261 1637; x_wconf 87' lang='lat' dir='ltr'><strong>ibiq.</strong></span> <span class='ocrx_word' id='word_1_127' title='bbox 299 1597 415 1628; x_wconf 86' lang='lat' dir='ltr'><strong>annot.</strong></span> <span class='ocrx_word' id='word_1_128' title='bbox 450 1594 679 1630; x_wconf 81' lang='lat' dir='ltr'><strong>oraculorum</strong></span> <span class='ocrx_word' id='word_1_129' title='bbox 711 1601 807 1631; x_wconf 86' lang='lat' dir='ltr'><strong>ortus</strong></span> 
     </span>
     <span class='ocr_line' id='line_1_29' title="bbox 102 1639 806 1686; baseline 0.007 -13"><span class='ocrx_word' id='word_1_130' title='bbox 102 1643 139 1673; x_wconf 89' lang='lat' dir='ltr'><strong>et</strong></span> <span class='ocrx_word' id='word_1_131' title='bbox 171 1639 348 1673; x_wconf 73' lang='lat' dir='ltr'><strong>inventio:</strong></span> <span class='ocrx_word' id='word_1_132' title='bbox 383 1651 445 1674; x_wconf 88' lang='lat' dir='ltr'><strong>cur</strong></span> <span class='ocrx_word' id='word_1_133' title='bbox 479 1641 638 1686; x_wconf 86' lang='lat' dir='ltr'><strong>ambigua</strong></span> <span class='ocrx_word' id='word_1_134' title='bbox 673 1647 710 1676; x_wconf 88' lang='lat' dir='ltr'><strong>et</strong></span> <span class='ocrx_word' id='word_1_135' title='bbox 741 1643 806 1678; x_wconf 88' lang='lat' dir='ltr'><strong>ob-</strong></span> 
     </span>
     <span class='ocr_line' id='line_1_30' title="bbox 101 1688 804 1732; baseline 0.007 -13"><span class='ocrx_word' id='word_1_136' title='bbox 101 1697 222 1720; x_wconf 87' lang='lat' dir='ltr'><strong>scura:</strong></span> <span class='ocrx_word' id='word_1_137' title='bbox 257 1697 423 1732; x_wconf 84' lang='lat' dir='ltr'><strong>quaenam</strong></span> <span class='ocrx_word' id='word_1_138' title='bbox 448 1688 602 1723; x_wconf 80' lang='lat' dir='ltr'><strong>cavenda</strong></span> <span class='ocrx_word' id='word_1_139' title='bbox 626 1690 715 1731; x_wconf 87' lang='lat'><strong>150,</strong></span> <span class='ocrx_word' id='word_1_140' title='bbox 746 1691 804 1725; x_wconf 91' lang='grc'><strong>20.</strong></span> 
     </span>
    </p>

    <p class='ocr_par' dir='ltr' id='par_1_14' title="bbox 56 1732 205 1774">
     <span class='ocr_line' id='line_1_31' title="bbox 56 1732 205 1774; baseline 0.007 -8"><span class='ocrx_word' id='word_1_141' title='bbox 56 1732 205 1774; x_wconf 81' lang='lat' dir='ltr'><strong>Oratio,</strong></span> 
     </span>
    </p>

    <p class='ocr_par' dir='ltr' id='par_1_15' title="bbox 101 1778 806 1965">
     <span class='ocr_line' id='line_1_32' title="bbox 146 1778 806 1823; baseline 0.005 -9"><span class='ocrx_word' id='word_1_142' title='bbox 146 1778 334 1814; x_wconf 84' lang='lat' dir='ltr'><strong>Andronici</strong></span> <span class='ocrx_word' id='word_1_143' title='bbox 360 1779 527 1823; x_wconf 86' lang='lat' dir='ltr'><strong>senioris,</strong></span> <span class='ocrx_word' id='word_1_144' title='bbox 552 1779 587 1814; x_wconf 90' lang='lat' dir='ltr'><strong>in</strong></span> <span class='ocrx_word' id='word_1_145' title='bbox 614 1780 806 1818; x_wconf 86' lang='lat' dir='ltr'><strong>Historicos</strong></span> 
     </span>
     <span class='ocr_line' id='line_1_33' title="bbox 101 1826 806 1869; baseline 0.006 -9"><span class='ocrx_word' id='word_1_146' title='bbox 101 1826 286 1862; x_wconf 85' lang='lat' dir='ltr'><strong>maledicos</strong></span> <span class='ocrx_word' id='word_1_147' title='bbox 311 1830 348 1860; x_wconf 89' lang='lat' dir='ltr'><strong>et</strong></span> <span class='ocrx_word' id='word_1_148' title='bbox 369 1827 546 1862; x_wconf 85' lang='lat' dir='ltr'><strong>mendaces</strong></span> <span class='ocrx_word' id='word_1_149' title='bbox 556 1830 590 1869; x_wconf 87' lang='lat'><strong>6,</strong></span> <span class='ocrx_word' id='word_1_150' title='bbox 609 1829 666 1865; x_wconf 88' lang='lat'><strong>24.</strong></span> <span class='ocrx_word' id='word_1_151' title='bbox 690 1829 726 1863; x_wconf 86' lang='lat' dir='ltr'><strong>in</strong></span> <span class='ocrx_word' id='word_1_152' title='bbox 745 1841 806 1864; x_wconf 85' lang='lat' dir='ltr'><strong>ne·—</strong></span> 
     </span>
     <span class='ocr_line' id='line_1_34' title="bbox 101 1873 806 1919; baseline 0.006 -12"><span class='ocrx_word' id='word_1_153' title='bbox 101 1878 242 1919; x_wconf 84' lang='lat' dir='ltr'><strong>potem,</strong></span> <span class='ocrx_word' id='word_1_154' title='bbox 289 1873 381 1918; x_wconf 87' lang='lat' dir='ltr'><strong>apud</strong></span> <span class='ocrx_word' id='word_1_155' title='bbox 414 1874 643 1919; x_wconf 83' lang='lat' dir='ltr'><strong>patriarcham</strong></span> <span class='ocrx_word' id='word_1_156' title='bbox 666 1876 806 1911; x_wconf 83' lang='lat' dir='ltr'><strong>Esaiam</strong></span> 
     </span>
     <span class='ocr_line' id='line_1_35' title="bbox 101 1919 524 1965; baseline 0.007 -11"><span class='ocrx_word' id='word_1_157' title='bbox 101 1924 137 1954; x_wconf 86' lang='lat' dir='ltr'><strong>et</strong></span> <span class='ocrx_word' id='word_1_158' title='bbox 160 1919 339 1965; x_wconf 76' lang='lat' dir='ltr'><strong>pontifices</strong></span> <span class='ocrx_word' id='word_1_159' title='bbox 360 1920 443 1963; x_wconf 83' lang='lat'><strong>403,</strong></span> <span class='ocrx_word' id='word_1_160' title='bbox 469 1922 524 1957; x_wconf 87' lang='lat'><strong>13.</strong></span> 
     </span>
    </p>

    <p class='ocr_par' dir='ltr' id='par_1_16' title="bbox 100 1966 806 2105">
     <span class='ocr_line' id='line_1_36' title="bbox 147 1966 806 2010; baseline 0.006 -10"><span class='ocrx_word' id='word_1_161' title='bbox 147 1966 335 2001; x_wconf 86' lang='lat' dir='ltr'><strong>Andronici</strong></span> <span class='ocrx_word' id='word_1_162' title='bbox 359 1967 519 2010; x_wconf 88' lang='lat' dir='ltr'><strong>iunioris,</strong></span> <span class='ocrx_word' id='word_1_163' title='bbox 551 1968 596 2003; x_wconf 81' lang='lat' dir='ltr'><strong>ad</strong></span> <span class='ocrx_word' id='word_1_164' title='bbox 627 1968 806 2004; x_wconf 90' lang='lat' dir='ltr'><strong>internun-</strong></span> 
     </span>
     <span class='ocr_line' id='line_1_37' title="bbox 100 2013 806 2057; baseline 0.006 -10"><span class='ocrx_word' id='word_1_165' title='bbox 100 2013 167 2048; x_wconf 87' lang='lat' dir='ltr'><strong>tios</strong></span> <span class='ocrx_word' id='word_1_166' title='bbox 191 2014 236 2048; x_wconf 87' lang='lat' dir='ltr'><strong>ab</strong></span> <span class='ocrx_word' id='word_1_167' title='bbox 259 2025 324 2047; x_wconf 86' lang='lat' dir='ltr'><strong>avo</strong></span> <span class='ocrx_word' id='word_1_168' title='bbox 347 2013 462 2049; x_wconf 88' lang='lat' dir='ltr'><strong>missos</strong></span> <span class='ocrx_word' id='word_1_169' title='bbox 484 2016 565 2057; x_wconf 89' lang='lat'><strong>398,</strong></span> <span class='ocrx_word' id='word_1_170' title='bbox 597 2017 649 2052; x_wconf 89' lang='lat'><strong>15.</strong></span> <span class='ocrx_word' id='word_1_171' title='bbox 675 2016 720 2050; x_wconf 88' lang='lat' dir='ltr'><strong>ad</strong></span> <span class='ocrx_word' id='word_1_172' title='bbox 742 2017 806 2051; x_wconf 86' lang='lat' dir='ltr'><strong>mi-</strong></span> 
     </span>
     <span class='ocr_line' id='line_1_38' title="bbox 101 2059 782 2105; baseline 0.01 -11"><span class='ocrx_word' id='word_1_173' title='bbox 101 2060 181 2094; x_wconf 82' lang='lat' dir='ltr'><strong>lites</strong></span> <span class='ocrx_word' id='word_1_174' title='bbox 205 2059 286 2102; x_wconf 82' lang='lat'><strong>410,</strong></span> <span class='ocrx_word' id='word_1_175' title='bbox 312 2060 345 2095; x_wconf 89' lang='grc'><strong>7.</strong></span> <span class='ocrx_word' id='word_1_176' title='bbox 369 2060 406 2094; x_wconf 90' lang='lat' dir='ltr'><strong>in</strong></span> <span class='ocrx_word' id='word_1_177' title='bbox 429 2061 626 2097; x_wconf 83' lang='lat' dir='ltr'><strong>coniuratos</strong></span> <span class='ocrx_word' id='word_1_178' title='bbox 649 2066 730 2105; x_wconf 87' lang='grc'><strong>523,</strong></span> <span class='ocrx_word' id='word_1_179' title='bbox 750 2066 782 2100; x_wconf 87' lang='grc'><strong>8.</strong></span> 
     </span>
    </p>

    <p class='ocr_par' dir='ltr' id='par_1_17' title="bbox 99 2106 806 2524">
     <span class='ocr_line' id='line_1_39' title="bbox 147 2106 805 2150; baseline 0.011 -10"><span class='ocrx_word' id='word_1_180' title='bbox 147 2106 402 2150; x_wconf 84' lang='lat' dir='ltr'><strong>Cantacuzeni‚</strong></span> <span class='ocrx_word' id='word_1_181' title='bbox 446 2108 610 2143; x_wconf 84' lang='lat' dir='ltr'><strong>adversus</strong></span> <span class='ocrx_word' id='word_1_182' title='bbox 642 2110 805 2147; x_wconf 89' lang='lat' dir='ltr'><strong>Ioannem</strong></span> 
     </span>
     <span class='ocr_line' id='line_1_40' title="bbox 100 2153 804 2199; baseline 0.01 -12"><span class='ocrx_word' id='word_1_183' title='bbox 100 2153 336 2199; x_wconf 85' lang='lat' dir='ltr'><strong>patriarcham</strong></span> <span class='ocrx_word' id='word_1_184' title='bbox 367 2156 455 2196; x_wconf 89' lang='grc'><strong>579,</strong></span> <span class='ocrx_word' id='word_1_185' title='bbox 487 2156 543 2192; x_wconf 89' lang='grc'><strong>23.</strong></span> <span class='ocrx_word' id='word_1_186' title='bbox 574 2155 610 2190; x_wconf 86' lang='lat' dir='ltr'><strong>in</strong></span> <span class='ocrx_word' id='word_1_187' title='bbox 641 2158 804 2194; x_wconf 81' lang='lat' dir='ltr'><strong>adversa·</strong></span> 
     </span>
     <span class='ocr_line' id='line_1_41' title="bbox 100 2200 804 2249; baseline 0.011 -15"><span class='ocrx_word' id='word_1_188' title='bbox 100 2200 192 2242; x_wconf 87' lang='lat' dir='ltr'><strong>rios,</strong></span> <span class='ocrx_word' id='word_1_189' title='bbox 225 2200 318 2247; x_wconf 85' lang='lat' dir='ltr'><strong>apud</strong></span> <span class='ocrx_word' id='word_1_190' title='bbox 349 2201 479 2235; x_wconf 87' lang='lat' dir='ltr'><strong>Annam</strong></span> <span class='ocrx_word' id='word_1_191' title='bbox 512 2204 700 2247; x_wconf 81' lang='lat' dir='ltr'><strong>Augustam</strong></span> <span class='ocrx_word' id='word_1_192' title='bbox 722 2207 804 2249; x_wconf 90' lang='grc'><strong>587,</strong></span> 
     </span>
     <span class='ocr_line' id='line_1_42' title="bbox 100 2246 806 2298; baseline 0.008 -15"><span class='ocrx_word' id='word_1_193' title='bbox 100 2249 135 2283; x_wconf 91' lang='grc'><strong>6.</strong></span> <span class='ocrx_word' id='word_1_194' title='bbox 161 2246 198 2280; x_wconf 92' lang='lat' dir='ltr'><strong>in</strong></span> <span class='ocrx_word' id='word_1_195' title='bbox 231 2248 388 2289; x_wconf 90' lang='lat' dir='ltr'><strong>eosdem,</strong></span> <span class='ocrx_word' id='word_1_196' title='bbox 428 2249 520 2294; x_wconf 88' lang='lat' dir='ltr'><strong>apud</strong></span> <span class='ocrx_word' id='word_1_197' title='bbox 551 2251 683 2286; x_wconf 81' lang='lat' dir='ltr'><strong>Annam</strong></span> <span class='ocrx_word' id='word_1_198' title='bbox 714 2255 806 2298; x_wconf 85' lang='lat' dir='ltr'><strong>Aug.</strong></span> 
     </span>
     <span class='ocr_line' id='line_1_43' title="bbox 101 2294 804 2342; baseline 0.013 -15"><span class='ocrx_word' id='word_1_199' title='bbox 101 2298 139 2328; x_wconf 91' lang='lat' dir='ltr'><strong>et</strong></span> <span class='ocrx_word' id='word_1_200' title='bbox 170 2294 332 2329; x_wconf 86' lang='lat' dir='ltr'><strong>Ioannem</strong></span> <span class='ocrx_word' id='word_1_201' title='bbox 368 2296 598 2340; x_wconf 81' lang='lat' dir='ltr'><strong>patriarcham</strong></span> <span class='ocrx_word' id='word_1_202' title='bbox 620 2299 714 2342; x_wconf 80' lang='lat'><strong>591,</strong></span> <span class='ocrx_word' id='word_1_203' title='bbox 746 2301 804 2336; x_wconf 90' lang='grc'><strong>25.</strong></span> 
     </span>
     <span class='ocr_line' id='line_1_44' title="bbox 99 2339 804 2389; baseline 0.013 -15"><span class='ocrx_word' id='word_1_204' title='bbox 99 2339 137 2374; x_wconf 89' lang='lat' dir='ltr'><strong>in</strong></span> <span class='ocrx_word' id='word_1_205' title='bbox 160 2341 377 2386; x_wconf 86' lang='lat' dir='ltr'><strong>Apocaucum</strong></span> <span class='ocrx_word' id='word_1_206' title='bbox 400 2343 489 2385; x_wconf 88' lang='lat'><strong>600,</strong></span> <span class='ocrx_word' id='word_1_207' title='bbox 520 2343 578 2378; x_wconf 88' lang='grc'><strong>23.</strong></span> <span class='ocrx_word' id='word_1_208' title='bbox 611 2344 692 2379; x_wconf 86' lang='lat' dir='ltr'><strong>item</strong></span> <span class='ocrx_word' id='word_1_209' title='bbox 723 2348 804 2389; x_wconf 87' lang='lat'><strong>661,</strong></span> 
     </span>
     <span class='ocr_line' id='line_1_45' title="bbox 100 2388 803 2434; baseline 0.007 -11"><span class='ocrx_word' id='word_1_210' title='bbox 100 2389 155 2423; x_wconf 90' lang='grc'><strong>11.</strong></span> <span class='ocrx_word' id='word_1_211' title='bbox 180 2388 227 2422; x_wconf 85' lang='lat' dir='ltr'><strong>ad</strong></span> <span class='ocrx_word' id='word_1_212' title='bbox 251 2389 463 2423; x_wconf 84' lang='lat' dir='ltr'><strong>Matthaeum</strong></span> <span class='ocrx_word' id='word_1_213' title='bbox 495 2389 599 2425; x_wconf 92' lang='lat' dir='ltr'><strong>filium</strong></span> <span class='ocrx_word' id='word_1_214' title='bbox 624 2391 714 2434; x_wconf 85' lang='lat'><strong>814,</strong></span> <span class='ocrx_word' id='word_1_215' title='bbox 745 2393 803 2428; x_wconf 88' lang='grc'><strong>24.</strong></span> 
     </span>
     <span class='ocr_line' id='line_1_46' title="bbox 99 2433 804 2485; baseline 0.011 -19"><span class='ocrx_word' id='word_1_216' title='bbox 99 2433 147 2467; x_wconf 84' lang='lat' dir='ltr'><strong>ad</strong></span> <span class='ocrx_word' id='word_1_217' title='bbox 169 2433 358 2479; x_wconf 80' lang='lat' dir='ltr'><strong>Byzantios</strong></span> <span class='ocrx_word' id='word_1_218' title='bbox 382 2435 468 2480; x_wconf 87' lang='lat'><strong>854,</strong></span> <span class='ocrx_word' id='word_1_219' title='bbox 496 2438 550 2474; x_wconf 90' lang='grc'><strong>12.</strong></span> <span class='ocrx_word' id='word_1_220' title='bbox 575 2439 666 2484; x_wconf 86' lang='lat' dir='ltr'><strong>apud</strong></span> <span class='ocrx_word' id='word_1_221' title='bbox 690 2440 804 2485; x_wconf 83' lang='lat' dir='ltr'><strong>Syno-</strong></span> 
     </span>
     <span class='ocr_line' id='line_1_47' title="bbox 101 2480 526 2524; baseline 0.007 -10"><span class='ocrx_word' id='word_1_222' title='bbox 101 2480 181 2514; x_wconf 87' lang='lat' dir='ltr'><strong>dum</strong></span> <span class='ocrx_word' id='word_1_223' title='bbox 203 2481 362 2516; x_wconf 84' lang='lat' dir='ltr'><strong>Palamit.</strong></span> <span class='ocrx_word' id='word_1_224' title='bbox 382 2484 463 2524; x_wconf 91' lang='lat'><strong>905,</strong></span> <span class='ocrx_word' id='word_1_225' title='bbox 493 2485 526 2520; x_wconf 88' lang='lat'><strong>7.</strong></span> 
     </span>
    </p>

    <p class='ocr_par' dir='ltr' id='par_1_18' title="bbox 101 2527 804 2619">
     <span class='ocr_line' id='line_1_48' title="bbox 146 2527 804 2570; baseline 0.011 -10"><span class='ocrx_word' id='word_1_226' title='bbox 146 2527 287 2570; x_wconf 67' lang='lat' dir='ltr'><strong>Affinis,</strong></span> <span class='ocrx_word' id='word_1_227' title='bbox 322 2529 368 2563; x_wconf 82' lang='lat' dir='ltr'><strong>ad</strong></span> <span class='ocrx_word' id='word_1_228' title='bbox 393 2529 606 2565; x_wconf 83' lang='lat' dir='ltr'><strong>Matthaeum</strong></span> <span class='ocrx_word' id='word_1_229' title='bbox 629 2532 804 2567; x_wconf 84' lang='lat' dir='ltr'><strong>Cantacu-</strong></span> 
     </span>
     <span class='ocr_line' id='line_1_49' title="bbox 101 2575 660 2619; baseline 0.018 -14"><span class='ocrx_word' id='word_1_230' title='bbox 101 2583 222 2607; x_wconf 89' lang='lat' dir='ltr'><strong>zenum</strong></span> <span class='ocrx_word' id='word_1_231' title='bbox 244 2575 370 2610; x_wconf 87' lang='lat' dir='ltr'><strong>sororis</strong></span> <span class='ocrx_word' id='word_1_232' title='bbox 392 2576 497 2610; x_wconf 86' lang='lat' dir='ltr'><strong>filium</strong></span> <span class='ocrx_word' id='word_1_233' title='bbox 521 2579 601 2619; x_wconf 85' lang='lat'><strong>799,</strong></span> <span class='ocrx_word' id='word_1_234' title='bbox 624 2580 660 2614; x_wconf 82' lang='grc'><strong>2.</strong></span> 
     </span>
    </p>

    <p class='ocr_par' dir='ltr' id='par_1_19' title="bbox 99 2620 802 2710">
     <span class='ocr_line' id='line_1_50' title="bbox 146 2620 802 2663; baseline 0.011 -10"><span class='ocrx_word' id='word_1_235' title='bbox 146 2620 318 2663; x_wconf 71' lang='lat' dir='ltr'><strong>Matthaei</strong></span> <span class='ocrx_word' id='word_1_236' title='bbox 327 2622 471 2657; x_wconf 83' lang='lat' dir='ltr'><strong>Cantac.</strong></span> <span class='ocrx_word' id='word_1_237' title='bbox 484 2625 528 2659; x_wconf 88' lang='lat' dir='ltr'><strong>ad</strong></span> <span class='ocrx_word' id='word_1_238' title='bbox 539 2628 682 2660; x_wconf 78' lang='lat' dir='ltr'><strong>Asanem</strong></span> <span class='ocrx_word' id='word_1_239' title='bbox 693 2636 802 2660; x_wconf 88' lang='lat' dir='ltr'><strong>avun-</strong></span> 
     </span>
     <span class='ocr_line' id='line_1_51' title="bbox 99 2665 393 2710; baseline 0.024 -13"><span class='ocrx_word' id='word_1_240' title='bbox 99 2665 211 2700; x_wconf 85' lang='lat' dir='ltr'><strong>culum</strong></span> <span class='ocrx_word' id='word_1_241' title='bbox 231 2666 310 2710; x_wconf 87' lang='grc'><strong>801,</strong></span> <span class='ocrx_word' id='word_1_242' title='bbox 335 2666 393 2704; x_wconf 87' lang='grc'><strong>24.</strong></span> 
     </span>
    </p>

    <p class='ocr_par' dir='ltr' id='par_1_20' title="bbox 98 2711 800 2802">
     <span class='ocr_line' id='line_1_52' title="bbox 137 2711 800 2765; baseline 0.011 -19"><span class='ocrx_word' id='word_1_243' title='bbox 137 2711 260 2765; x_wconf 68' lang='grc' dir='ltr'><strong>Ἰτειιεε</strong></span> <span class='ocrx_word' id='word_1_244' title='bbox 283 2716 482 2761; x_wconf 80' lang='lat' dir='ltr'><strong>Augustae,</strong></span> <span class='ocrx_word' id='word_1_245' title='bbox 518 2717 563 2753; x_wconf 88' lang='lat' dir='ltr'><strong>ad</strong></span> <span class='ocrx_word' id='word_1_246' title='bbox 586 2717 800 2754; x_wconf 85' lang='lat' dir='ltr'><strong>Matthaeum</strong></span> 
     </span>
     <span class='ocr_line' id='line_1_53' title="bbox 98 2756 392 2802; baseline 0.027 -12"><span class='ocrx_word' id='word_1_247' title='bbox 98 2756 205 2794; x_wconf 70' lang='lat' dir='ltr'><strong>filium</strong></span> <span class='ocrx_word' id='word_1_248' title='bbox 229 2761 309 2802; x_wconf 91' lang='grc'><strong>805,</strong></span> <span class='ocrx_word' id='word_1_249' title='bbox 333 2763 392 2798; x_wconf 91' lang='grc'><strong>23.</strong></span> 
     </span>
    </p>

    <p class='ocr_par' dir='ltr' id='par_1_21' title="bbox 145 2806 538 2852">
     <span class='ocr_line' id='line_1_54' title="bbox 145 2806 538 2852; baseline 0.023 -13"><span class='ocrx_word' id='word_1_250' title='bbox 145 2806 347 2852; x_wconf 78' lang='lat' dir='ltr'><strong>Syrgiannis</strong></span> <span class='ocrx_word' id='word_1_251' title='bbox 369 2810 450 2852; x_wconf 89' lang='grc'><strong>299,</strong></span> <span class='ocrx_word' id='word_1_252' title='bbox 481 2809 538 2848; x_wconf 89' lang='grc'><strong>14.</strong></span> 
     </span>
    </p>
   </div>
   <div class='ocr_carea' id='block_1_7' title="bbox 1483 135 1615 184">
    <p class='ocr_par' dir='ltr' id='par_1_22' title="bbox 1483 135 1615 184">
     <span class='ocr_line' id='line_1_55' title="bbox 1483 135 1615 184; baseline 0.015 -2"><span class='ocrx_word' id='word_1_253' title='bbox 1483 135 1615 184; x_wconf 85' lang='grc'><strong>1367</strong></span> 
     </span>
    </p>
   </div>
   <div class='ocr_carea' id='block_1_8' title="bbox 849 242 1613 2851">
    <p class='ocr_par' dir='ltr' id='par_1_23' title="bbox 905 242 1613 884">
     <span class='ocr_line' id='line_1_56' title="bbox 954 242 1611 290; baseline 0.008 -13"><span class='ocrx_word' id='word_1_254' title='bbox 954 242 1611 290; x_wconf 64' lang='grc' dir='ltr'><strong>Αροοαιιοί,ἰυὈαηίεειιΖοηυω666,20.</strong></span> 
     </span>
     <span class='ocr_line' id='line_1_57' title="bbox 954 291 1612 337; baseline 0.009 -13"><span class='ocrx_word' id='word_1_255' title='bbox 954 291 1139 335; x_wconf 82' lang='lat' dir='ltr'><strong>Gregorae</strong></span> <span class='ocrx_word' id='word_1_256' title='bbox 1156 291 1200 324; x_wconf 89' lang='lat' dir='ltr'><strong>ad</strong></span> <span class='ocrx_word' id='word_1_257' title='bbox 1212 292 1439 337; x_wconf 81' lang='lat' dir='ltr'><strong>chothetam</strong></span> <span class='ocrx_word' id='word_1_258' title='bbox 1454 295 1535 336; x_wconf 86' lang='grc'><strong>322,</strong></span> <span class='ocrx_word' id='word_1_259' title='bbox 1556 296 1612 330; x_wconf 89' lang='grc'><strong>19.</strong></span> 
     </span>
     <span class='ocr_line' id='line_1_58' title="bbox 908 336 1611 383; baseline 0.004 -11"><span class='ocrx_word' id='word_1_260' title='bbox 908 337 952 372; x_wconf 88' lang='lat' dir='ltr'><strong>ad</strong></span> <span class='ocrx_word' id='word_1_261' title='bbox 988 336 1216 372; x_wconf 85' lang='lat' dir='ltr'><strong>Andronicum</strong></span> <span class='ocrx_word' id='word_1_262' title='bbox 1250 339 1420 374; x_wconf 83' lang='lat' dir='ltr'><strong>seniorem</strong></span> <span class='ocrx_word' id='word_1_263' title='bbox 1446 340 1537 383; x_wconf 83' lang='grc'><strong>328,</strong></span> <span class='ocrx_word' id='word_1_264' title='bbox 1578 342 1611 376; x_wconf 91' lang='grc'><strong>9.</strong></span> 
     </span>
     <span class='ocr_line' id='line_1_59' title="bbox 909 383 1613 468; baseline 0.007 -4"><span class='ocrx_word' id='word_1_265' title='bbox 909 383 1020 465; x_wconf 51' lang='grc' dir='ltr'><strong>ἲίῐὲὶιὲῖκ</strong></span> <span class='ocrx_word' id='word_1_266' title='bbox 1026 383 1182 466; x_wconf 59' lang='lat' dir='ltr'><strong>p5ag2iar1c</strong></span> <span class='ocrx_word' id='word_1_267' title='bbox 1179 384 1205 466; x_wconf 62' lang='grc'><em>3</em></span> <span class='ocrx_word' id='word_1_268' title='bbox 1209 395 1281 465; x_wconf 58' lang='grc' dir='ltr'><strong>8ἳά</strong></span> <span class='ocrx_word' id='word_1_269' title='bbox 1292 386 1613 468; x_wconf 43' lang='grc' dir='ltr'><strong>εὲιιῗὶῗξῐξὶιὲιῗιῃρῗὲ-</strong></span> 
     </span>
     <span class='ocr_line' id='line_1_60' title="bbox 1122 453 1612 473; baseline 0 0"><span class='ocrx_word' id='word_1_270' title='bbox 1122 456 1133 473; x_wconf 76' lang='lat'><em>2</em></span> <span class='ocrx_word' id='word_1_271' title='bbox 1203 457 1212 466; x_wconf 87' lang='lat'><strong>·</strong></span> <span class='ocrx_word' id='word_1_272' title='bbox 1594 453 1612 460; x_wconf 84' lang='grc'><em>·</em></span> 
     </span>
     <span class='ocr_line' id='line_1_61' title="bbox 905 477 1609 523; baseline 0.009 -12"><span class='ocrx_word' id='word_1_273' title='bbox 905 477 1037 511; x_wconf 90' lang='lat' dir='ltr'><strong>niorem</strong></span> <span class='ocrx_word' id='word_1_274' title='bbox 1070 477 1114 511; x_wconf 92' lang='lat' dir='ltr'><strong>de</strong></span> <span class='ocrx_word' id='word_1_275' title='bbox 1146 477 1242 511; x_wconf 90' lang='lat' dir='ltr'><strong>obitu</strong></span> <span class='ocrx_word' id='word_1_276' title='bbox 1272 479 1392 513; x_wconf 88' lang='lat' dir='ltr'><strong>matris</strong></span> <span class='ocrx_word' id='word_1_277' title='bbox 1424 479 1495 515; x_wconf 91' lang='lat' dir='ltr'><strong>eius</strong></span> <span class='ocrx_word' id='word_1_278' title='bbox 1526 479 1609 523; x_wconf 86' lang='lat'><strong>490,</strong></span> 
     </span>
     <span class='ocr_line' id='line_1_62' title="bbox 907 522 1608 569; baseline 0.004 -10"><span class='ocrx_word' id='word_1_279' title='bbox 907 522 964 560; x_wconf 88' lang='lat'><strong>14.</strong></span> <span class='ocrx_word' id='word_1_280' title='bbox 999 523 1090 569; x_wconf 84' lang='lat' dir='ltr'><strong>apud</strong></span> <span class='ocrx_word' id='word_1_281' title='bbox 1123 523 1402 560; x_wconf 89' lang='lat' dir='ltr'><strong>Cantacuzenum</strong></span> <span class='ocrx_word' id='word_1_282' title='bbox 1425 526 1514 569; x_wconf 78' lang='grc'><strong>884,</strong></span> <span class='ocrx_word' id='word_1_283' title='bbox 1553 529 1608 562; x_wconf 90' lang='grc'><strong>15.</strong></span> 
     </span>
     <span class='ocr_line' id='line_1_63' title="bbox 907 570 1608 616; baseline 0.007 -12"><span class='ocrx_word' id='word_1_284' title='bbox 907 570 1001 616; x_wconf 86' lang='lat' dir='ltr'><strong>apud</strong></span> <span class='ocrx_word' id='word_1_285' title='bbox 1034 570 1146 605; x_wconf 86' lang='lat' dir='ltr'><strong>socios</strong></span> <span class='ocrx_word' id='word_1_286' title='bbox 1177 571 1389 606; x_wconf 83' lang='lat' dir='ltr'><strong>orthodoxos</strong></span> <span class='ocrx_word' id='word_1_287' title='bbox 1422 572 1513 615; x_wconf 82' lang='lat'><strong>894,</strong></span> <span class='ocrx_word' id='word_1_288' title='bbox 1549 576 1608 609; x_wconf 89' lang='grc'><strong>20.</strong></span> 
     </span>
     <span class='ocr_line' id='line_1_64' title="bbox 906 616 1608 662; baseline 0.004 -12"><span class='ocrx_word' id='word_1_289' title='bbox 906 616 943 650; x_wconf 91' lang='lat' dir='ltr'><strong>in</strong></span> <span class='ocrx_word' id='word_1_290' title='bbox 965 617 1106 662; x_wconf 87' lang='lat' dir='ltr'><strong>Synodo</strong></span> <span class='ocrx_word' id='word_1_291' title='bbox 1132 617 1334 651; x_wconf 84' lang='lat' dir='ltr'><strong>Palamitica</strong></span> <span class='ocrx_word' id='word_1_292' title='bbox 1355 620 1436 660; x_wconf 89' lang='lat'><strong>909,</strong></span> <span class='ocrx_word' id='word_1_293' title='bbox 1461 621 1494 654; x_wconf 93' lang='lat'><strong>6.</strong></span> <span class='ocrx_word' id='word_1_294' title='bbox 1525 621 1608 662; x_wconf 89' lang='lat'><strong>918,</strong></span> 
     </span>
     <span class='ocr_line' id='line_1_65' title="bbox 909 663 1607 711; baseline 0.003 -12"><span class='ocrx_word' id='word_1_295' title='bbox 909 665 966 699; x_wconf 86' lang='lat'><strong>11.</strong></span> <span class='ocrx_word' id='word_1_296' title='bbox 990 663 1072 705; x_wconf 84' lang='grc'><strong>925,</strong></span> <span class='ocrx_word' id='word_1_297' title='bbox 1093 667 1126 700; x_wconf 91' lang='grc'><strong>1.</strong></span> <span class='ocrx_word' id='word_1_298' title='bbox 1160 665 1241 706; x_wconf 76' lang='grc'><strong>928,</strong></span> <span class='ocrx_word' id='word_1_299' title='bbox 1266 666 1321 700; x_wconf 88' lang='lat'><strong>16.</strong></span> <span class='ocrx_word' id='word_1_300' title='bbox 1345 665 1436 711; x_wconf 87' lang='lat' dir='ltr'><strong>apud</strong></span> <span class='ocrx_word' id='word_1_301' title='bbox 1462 666 1607 701; x_wconf 81' lang='lat' dir='ltr'><strong>Cabasi-</strong></span> 
     </span>
     <span class='ocr_line' id='line_1_66' title="bbox 907 709 1250 752; baseline 0.006 -8"><span class='ocrx_word' id='word_1_302' title='bbox 907 709 973 744; x_wconf 87' lang='lat' dir='ltr'><strong>lam</strong></span> <span class='ocrx_word' id='word_1_303' title='bbox 1001 711 1102 752; x_wconf 86' lang='grc'><strong>1051,</strong></span> <span class='ocrx_word' id='word_1_304' title='bbox 1120 709 1164 746; x_wconf 89' lang='grc'><strong>14</strong></span> <span class='ocrx_word' id='word_1_305' title='bbox 1184 716 1250 746; x_wconf 88' lang='lat' dir='ltr'><strong>etc.</strong></span> 
     </span>
     <span class='ocr_line' id='line_1_67' title="bbox 953 757 1605 803; baseline 0.003 -13"><span class='ocrx_word' id='word_1_306' title='bbox 953 757 1135 798; x_wconf 89' lang='lat' dir='ltr'><strong>Palamae,</strong></span> <span class='ocrx_word' id='word_1_307' title='bbox 1161 757 1197 790; x_wconf 89' lang='lat' dir='ltr'><strong>in</strong></span> <span class='ocrx_word' id='word_1_308' title='bbox 1220 757 1413 803; x_wconf 84' lang='lat' dir='ltr'><strong>Gregoram</strong></span> <span class='ocrx_word' id='word_1_309' title='bbox 1437 758 1525 799; x_wconf 86' lang='lat'><strong>980,</strong></span> <span class='ocrx_word' id='word_1_310' title='bbox 1551 759 1605 794; x_wconf 88' lang='lat'><strong>17.</strong></span> 
     </span>
     <span class='ocr_line' id='line_1_68' title="bbox 954 803 1606 848; baseline 0.002 -10"><span class='ocrx_word' id='word_1_311' title='bbox 954 803 1085 838; x_wconf 87' lang='lat' dir='ltr'><strong>Omitto</strong></span> <span class='ocrx_word' id='word_1_312' title='bbox 1112 803 1375 848; x_wconf 85' lang='lat' dir='ltr'><strong>disputationes.</strong></span> <span class='ocrx_word' id='word_1_313' title='bbox 1407 804 1461 838; x_wconf 87' lang='lat' dir='ltr'><strong>De</strong></span> <span class='ocrx_word' id='word_1_314' title='bbox 1484 806 1606 840; x_wconf 86' lang='lat' dir='ltr'><strong>Mono-</strong></span> 
     </span>
     <span class='ocr_line' id='line_1_69' title="bbox 906 849 1321 884; baseline 0 0"><span class='ocrx_word' id='word_1_315' title='bbox 906 849 973 884; x_wconf 69' lang='lat' dir='ltr'><strong>diis</strong></span> <span class='ocrx_word' id='word_1_316' title='bbox 994 849 1076 884; x_wconf 81' lang='lat' dir='ltr'><strong>vide</strong></span> <span class='ocrx_word' id='word_1_317' title='bbox 1092 850 1127 884; x_wconf 85' lang='lat' dir='ltr'><strong>in</strong></span> <span class='ocrx_word' id='word_1_318' title='bbox 1146 851 1321 884; x_wconf 81' lang='lat' dir='ltr'><strong>Monodia.</strong></span> 
     </span>
    </p>

    <p class='ocr_par' dir='ltr' id='par_1_24' title="bbox 861 896 1607 1454">
     <span class='ocr_line' id='line_1_70' title="bbox 861 896 1605 943; baseline 0 -12"><span class='ocrx_word' id='word_1_319' title='bbox 861 897 1065 939; x_wconf 85' lang='lat' dir='ltr'><strong>Orchanes,</strong></span> <span class='ocrx_word' id='word_1_320' title='bbox 1098 896 1284 942; x_wconf 86' lang='lat' dir='ltr'><strong>Bithyniae</strong></span> <span class='ocrx_word' id='word_1_321' title='bbox 1317 896 1497 943; x_wconf 75' lang='lat' dir='ltr'><strong>princepS,</strong></span> <span class='ocrx_word' id='word_1_322' title='bbox 1537 897 1605 932; x_wconf 89' lang='lat' dir='ltr'><strong>Ni-</strong></span> 
     </span>
     <span class='ocr_line' id='line_1_71' title="bbox 907 943 1607 989; baseline 0.001 -12"><span class='ocrx_word' id='word_1_323' title='bbox 907 955 1024 977; x_wconf 89' lang='lat' dir='ltr'><strong>caeam</strong></span> <span class='ocrx_word' id='word_1_324' title='bbox 1064 943 1222 978; x_wconf 87' lang='lat' dir='ltr'><strong>obsidet:</strong></span> <span class='ocrx_word' id='word_1_325' title='bbox 1262 945 1464 989; x_wconf 81' lang='lat' dir='ltr'><strong>imperatori</strong></span> <span class='ocrx_word' id='word_1_326' title='bbox 1499 943 1607 978; x_wconf 80' lang='lat' dir='ltr'><strong>adve-</strong></span> 
     </span>
     <span class='ocr_line' id='line_1_72' title="bbox 904 987 1605 1032; baseline 0 -8"><span class='ocrx_word' id='word_1_327' title='bbox 904 990 1013 1024; x_wconf 83' lang='lat' dir='ltr'><strong>nienti</strong></span> <span class='ocrx_word' id='word_1_328' title='bbox 1044 990 1194 1025; x_wconf 88' lang='lat' dir='ltr'><strong>occurrit</strong></span> <span class='ocrx_word' id='word_1_329' title='bbox 1220 987 1309 1032; x_wconf 81' lang='lat'><strong>433,</strong></span> <span class='ocrx_word' id='word_1_330' title='bbox 1338 993 1392 1027; x_wconf 89' lang='grc'><strong>13.</strong></span> <span class='ocrx_word' id='word_1_331' title='bbox 1435 990 1605 1030; x_wconf 84' lang='lat' dir='ltr'><strong>Romanos</strong></span> 
     </span>
     <span class='ocr_line' id='line_1_73' title="bbox 904 1036 1604 1082; baseline -0.001 -11"><span class='ocrx_word' id='word_1_332' title='bbox 904 1036 1021 1071; x_wconf 87' lang='lat' dir='ltr'><strong>caedit</strong></span> <span class='ocrx_word' id='word_1_333' title='bbox 1035 1037 1114 1078; x_wconf 75' lang='grc'><strong>434,</strong></span> <span class='ocrx_word' id='word_1_334' title='bbox 1126 1039 1181 1072; x_wconf 88' lang='grc'><strong>23.</strong></span> <span class='ocrx_word' id='word_1_335' title='bbox 1206 1037 1338 1072; x_wconf 87' lang='lat' dir='ltr'><strong>relictis</strong></span> <span class='ocrx_word' id='word_1_336' title='bbox 1349 1036 1520 1082; x_wconf 79' lang='lat' dir='ltr'><strong>equitibus</strong></span> <span class='ocrx_word' id='word_1_337' title='bbox 1531 1041 1604 1071; x_wconf 88' lang='lat' dir='ltr'><strong>tre-</strong></span> 
     </span>
     <span class='ocr_line' id='line_1_74' title="bbox 904 1082 1604 1125; baseline 0 -8"><span class='ocrx_word' id='word_1_338' title='bbox 904 1082 1035 1125; x_wconf 84' lang='lat' dir='ltr'><strong>centis,</strong></span> <span class='ocrx_word' id='word_1_339' title='bbox 1059 1084 1212 1117; x_wconf 84' lang='lat' dir='ltr'><strong>recedit=</strong></span> <span class='ocrx_word' id='word_1_340' title='bbox 1246 1083 1280 1117; x_wconf 90' lang='lat' dir='ltr'><strong>hi</strong></span> <span class='ocrx_word' id='word_1_341' title='bbox 1297 1084 1522 1118; x_wconf 76' lang='lat' dir='ltr'><strong>Romanorum</strong></span> <span class='ocrx_word' id='word_1_342' title='bbox 1544 1095 1604 1117; x_wconf 87' lang='lat' dir='ltr'><strong>ca-</strong></span> 
     </span>
     <span class='ocr_line' id='line_1_75' title="bbox 903 1129 1605 1176; baseline 0 -13"><span class='ocrx_word' id='word_1_343' title='bbox 903 1134 978 1164; x_wconf 84' lang='lat' dir='ltr'><strong>stra</strong></span> <span class='ocrx_word' id='word_1_344' title='bbox 994 1141 1074 1174; x_wconf 83' lang='lat' dir='ltr'><strong>pars</strong></span> <span class='ocrx_word' id='word_1_345' title='bbox 1092 1129 1277 1175; x_wconf 85' lang='lat' dir='ltr'><strong>diripiunt,</strong></span> <span class='ocrx_word' id='word_1_346' title='bbox 1302 1141 1384 1176; x_wconf 85' lang='lat' dir='ltr'><strong>pars</strong></span> <span class='ocrx_word' id='word_1_347' title='bbox 1399 1130 1530 1164; x_wconf 88' lang='lat' dir='ltr'><strong>instant</strong></span> <span class='ocrx_word' id='word_1_348' title='bbox 1546 1130 1605 1163; x_wconf 85' lang='lat' dir='ltr'><strong>fu-</strong></span> 
     </span>
     <span class='ocr_line' id='line_1_76' title="bbox 902 1171 1602 1221; baseline 0.003 -12"><span class='ocrx_word' id='word_1_349' title='bbox 902 1176 1078 1221; x_wconf 81' lang='lat' dir='ltr'><strong>gientibus</strong></span> <span class='ocrx_word' id='word_1_350' title='bbox 1115 1177 1195 1219; x_wconf 87' lang='grc'><strong>435,</strong></span> <span class='ocrx_word' id='word_1_351' title='bbox 1235 1178 1291 1212; x_wconf 85' lang='grc'><strong>13.</strong></span> <span class='ocrx_word' id='word_1_352' title='bbox 1335 1176 1533 1218; x_wconf 75' lang='lat' dir='ltr'><strong>Orchanes,</strong></span> <span class='ocrx_word' id='word_1_353' title='bbox 1580 1171 1602 1211; x_wconf 73' lang='grc' dir='ltr'><em>ὃ</em></span> 
     </span>
     <span class='ocr_line' id='line_1_77' title="bbox 899 1221 1603 1266; baseline -0.001 -9"><span class='ocrx_word' id='word_1_354' title='bbox 899 1221 1098 1266; x_wconf 65' lang='lat' dir='ltr'><strong>&#39;At-omniu,</strong></span> <span class='ocrx_word' id='word_1_355' title='bbox 1137 1223 1328 1257; x_wconf 84' lang='lat' dir='ltr'><strong>Turcorum</strong></span> <span class='ocrx_word' id='word_1_356' title='bbox 1351 1234 1485 1257; x_wconf 90' lang='lat' dir='ltr'><strong>manum</strong></span> <span class='ocrx_word' id='word_1_357' title='bbox 1512 1223 1603 1257; x_wconf 89' lang='lat' dir='ltr'><strong>haud</strong></span> 
     </span>
     <span class='ocr_line' id='line_1_78' title="bbox 901 1269 1603 1316; baseline 0 -13"><span class='ocrx_word' id='word_1_358' title='bbox 901 1281 1044 1316; x_wconf 86' lang='lat' dir='ltr'><strong>parvam</strong></span> <span class='ocrx_word' id='word_1_359' title='bbox 1078 1269 1183 1303; x_wconf 87' lang='lat' dir='ltr'><strong>mittit</strong></span> <span class='ocrx_word' id='word_1_360' title='bbox 1208 1269 1243 1303; x_wconf 90' lang='lat' dir='ltr'><strong>in</strong></span> <span class='ocrx_word' id='word_1_361' title='bbox 1274 1270 1483 1311; x_wconf 82' lang='lat' dir='ltr'><strong>Thraciam,</strong></span> <span class='ocrx_word' id='word_1_362' title='bbox 1525 1269 1603 1313; x_wconf 83' lang='lat' dir='ltr'><strong>By-</strong></span> 
     </span>
     <span class='ocr_line' id='line_1_79' title="bbox 902 1315 1601 1361; baseline -0.001 -11"><span class='ocrx_word' id='word_1_363' title='bbox 902 1316 1008 1350; x_wconf 86' lang='lat' dir='ltr'><strong>zantii</strong></span> <span class='ocrx_word' id='word_1_364' title='bbox 1040 1316 1230 1361; x_wconf 87' lang='lat' dir='ltr'><strong>occupandi</strong></span> <span class='ocrx_word' id='word_1_365' title='bbox 1260 1327 1323 1361; x_wconf 89' lang='lat' dir='ltr'><strong>spe</strong></span> <span class='ocrx_word' id='word_1_366' title='bbox 1347 1318 1427 1356; x_wconf 88' lang='lat'><strong>539,</strong></span> <span class='ocrx_word' id='word_1_367' title='bbox 1458 1315 1492 1351; x_wconf 88' lang='grc'><strong>4.</strong></span> <span class='ocrx_word' id='word_1_368' title='bbox 1516 1316 1601 1361; x_wconf 83' lang='lat' dir='ltr'><strong>ibiq.</strong></span> 
     </span>
     <span class='ocr_line' id='line_1_80' title="bbox 901 1361 1601 1397; baseline 0 -1"><span class='ocrx_word' id='word_1_369' title='bbox 901 1367 1017 1397; x_wconf 87' lang='lat' dir='ltr'><strong>annot.</strong></span> <span class='ocrx_word' id='word_1_370' title='bbox 1038 1363 1147 1397; x_wconf 86' lang='lat' dir='ltr'><strong>Turci</strong></span> <span class='ocrx_word' id='word_1_371' title='bbox 1170 1362 1359 1397; x_wconf 81' lang='lat' dir='ltr'><strong>caeduntur</strong></span> <span class='ocrx_word' id='word_1_372' title='bbox 1380 1373 1400 1396; x_wconf 83' lang='lat' dir='ltr'><strong>a</strong></span> <span class='ocrx_word' id='word_1_373' title='bbox 1426 1361 1601 1397; x_wconf 86' lang='lat' dir='ltr'><strong>Cantacu-</strong></span> 
     </span>
     <span class='ocr_line' id='line_1_81' title="bbox 900 1410 1498 1454; baseline 0 -12"><span class='ocrx_word' id='word_1_374' title='bbox 900 1421 985 1443; x_wconf 87' lang='lat' dir='ltr'><strong>zeno</strong></span> <span class='ocrx_word' id='word_1_375' title='bbox 1001 1411 1083 1451; x_wconf 84' lang='lat'><strong>539,</strong></span> <span class='ocrx_word' id='word_1_376' title='bbox 1102 1411 1159 1444; x_wconf 85' lang='grc'><strong>20.</strong></span> <span class='ocrx_word' id='word_1_377' title='bbox 1195 1410 1286 1443; x_wconf 90' lang='lat' dir='ltr'><strong>Vide</strong></span> <span class='ocrx_word' id='word_1_378' title='bbox 1303 1410 1498 1454; x_wconf 78' lang='lat' dir='ltr'><strong>Hyrcanas.</strong></span> 
     </span>
    </p>

    <p class='ocr_par' dir='ltr' id='par_1_25' title="bbox 855 1451 1599 1544">
     <span class='ocr_line' id='line_1_82' title="bbox 855 1451 1599 1511; baseline 0.001 -22"><span class='ocrx_word' id='word_1_379' title='bbox 855 1455 1061 1511; x_wconf 70' lang='lat' dir='ltr'><strong>Orchestra:</strong></span> <span class='ocrx_word' id='word_1_380' title='bbox 1102 1453 1141 1499; x_wconf 78' lang='grc' dir='ltr'><strong>ἐξ</strong></span> <span class='ocrx_word' id='word_1_381' title='bbox 1175 1451 1382 1501; x_wconf 76' lang='grc' dir='ltr'><strong><em>ὀρχήστρας</em></strong></span> <span class='ocrx_word' id='word_1_382' title='bbox 1412 1456 1599 1500; x_wconf 81' lang='grc' dir='ltr'><strong><em>πρίασθαι</em></strong></span> 
     </span>
     <span class='ocr_line' id='line_1_83' title="bbox 898 1502 1057 1544; baseline -0.019 -7"><span class='ocrx_word' id='word_1_383' title='bbox 898 1502 979 1544; x_wconf 86' lang='grc'><strong>966,</strong></span> <span class='ocrx_word' id='word_1_384' title='bbox 1002 1504 1057 1538; x_wconf 85' lang='lat'><strong>18.</strong></span> 
     </span>
    </p>

    <p class='ocr_par' dir='ltr' id='par_1_26' title="bbox 853 1547 1598 1637">
     <span class='ocr_line' id='line_1_84' title="bbox 853 1547 1598 1593; baseline -0.001 -10"><span class='ocrx_word' id='word_1_385' title='bbox 853 1549 1010 1585; x_wconf 80' lang='lat' dir='ltr'><strong>Orestes,</strong></span> <span class='ocrx_word' id='word_1_386' title='bbox 1034 1549 1184 1583; x_wconf 84' lang='lat' dir='ltr'><strong>Orestae</strong></span> <span class='ocrx_word' id='word_1_387' title='bbox 1206 1551 1243 1583; x_wconf 84' lang='lat' dir='ltr'><strong>et</strong></span> <span class='ocrx_word' id='word_1_388' title='bbox 1270 1547 1421 1593; x_wconf 80' lang='lat' dir='ltr'><strong>Pyladae</strong></span> <span class='ocrx_word' id='word_1_389' title='bbox 1443 1549 1534 1593; x_wconf 88' lang='grc'><strong>583,</strong></span> <span class='ocrx_word' id='word_1_390' title='bbox 1561 1547 1598 1583; x_wconf 88' lang='grc'><strong>4.</strong></span> 
     </span>
     <span class='ocr_line' id='line_1_85' title="bbox 899 1594 1420 1637; baseline -0.002 -7"><span class='ocrx_word' id='word_1_391' title='bbox 899 1595 979 1637; x_wconf 87' lang='grc'><strong>649,</strong></span> <span class='ocrx_word' id='word_1_392' title='bbox 1005 1597 1059 1631; x_wconf 85' lang='grc'><strong>16.</strong></span> <span class='ocrx_word' id='word_1_393' title='bbox 1084 1596 1165 1636; x_wconf 88' lang='grc'><strong>718,</strong></span> <span class='ocrx_word' id='word_1_394' title='bbox 1192 1596 1246 1630; x_wconf 89' lang='grc'><strong>19.</strong></span> <span class='ocrx_word' id='word_1_395' title='bbox 1265 1597 1343 1636; x_wconf 89' lang='grc'><strong>799,</strong></span> <span class='ocrx_word' id='word_1_396' title='bbox 1366 1594 1420 1630; x_wconf 90' lang='grc'><strong>14.</strong></span> 
     </span>
    </p>

    <p class='ocr_par' dir='ltr' id='par_1_27' title="bbox 854 1640 1596 1826">
     <span class='ocr_line' id='line_1_86' title="bbox 854 1640 1596 1684; baseline -0.001 -7"><span class='ocrx_word' id='word_1_397' title='bbox 854 1641 1014 1677; x_wconf 81' lang='lat' dir='ltr'><strong>Orestias</strong></span> <span class='ocrx_word' id='word_1_398' title='bbox 1039 1643 1092 1684; x_wconf 88' lang='lat'><strong>15,</strong></span> <span class='ocrx_word' id='word_1_399' title='bbox 1116 1643 1150 1677; x_wconf 90' lang='grc'><strong>9.</strong></span> <span class='ocrx_word' id='word_1_400' title='bbox 1173 1640 1255 1684; x_wconf 90' lang='grc'><strong>224,</strong></span> <span class='ocrx_word' id='word_1_401' title='bbox 1278 1641 1314 1675; x_wconf 90' lang='grc'><strong>4.</strong></span> <span class='ocrx_word' id='word_1_402' title='bbox 1345 1642 1426 1683; x_wconf 84' lang='grc'><strong>302,</strong></span> <span class='ocrx_word' id='word_1_403' title='bbox 1449 1642 1483 1676; x_wconf 91' lang='grc'><strong>8.</strong></span> <span class='ocrx_word' id='word_1_404' title='bbox 1514 1641 1596 1684; x_wconf 88' lang='grc'><strong>319,</strong></span> 
     </span>
     <span class='ocr_line' id='line_1_87' title="bbox 898 1687 1595 1731; baseline -0.001 -7"><span class='ocrx_word' id='word_1_405' title='bbox 898 1690 956 1724; x_wconf 91' lang='grc'><strong>22.</strong></span> <span class='ocrx_word' id='word_1_406' title='bbox 979 1690 1060 1730; x_wconf 85' lang='grc'><strong>320,</strong></span> <span class='ocrx_word' id='word_1_407' title='bbox 1083 1690 1140 1725; x_wconf 89' lang='grc'><strong>22.</strong></span> <span class='ocrx_word' id='word_1_408' title='bbox 1165 1690 1245 1731; x_wconf 90' lang='grc'><strong>359,</strong></span> <span class='ocrx_word' id='word_1_409' title='bbox 1267 1690 1324 1724; x_wconf 87' lang='grc'><strong>23.</strong></span> <span class='ocrx_word' id='word_1_410' title='bbox 1348 1687 1430 1729; x_wconf 87' lang='grc'><strong>458,</strong></span> <span class='ocrx_word' id='word_1_411' title='bbox 1454 1690 1487 1723; x_wconf 90' lang='grc'><strong>8.</strong></span> <span class='ocrx_word' id='word_1_412' title='bbox 1514 1689 1595 1729; x_wconf 88' lang='grc'><strong>620,</strong></span> 
     </span>
     <span class='ocr_line' id='line_1_88' title="bbox 899 1735 1595 1777; baseline -0.003 -7"><span class='ocrx_word' id='word_1_413' title='bbox 899 1737 956 1770; x_wconf 89' lang='grc'><strong>22.</strong></span> <span class='ocrx_word' id='word_1_414' title='bbox 982 1737 1063 1777; x_wconf 87' lang='grc'><strong>621,</strong></span> <span class='ocrx_word' id='word_1_415' title='bbox 1089 1736 1122 1770; x_wconf 85' lang='grc'><strong>4.</strong></span> <span class='ocrx_word' id='word_1_416' title='bbox 1148 1738 1180 1771; x_wconf 89' lang='grc'><strong>6.</strong></span> <span class='ocrx_word' id='word_1_417' title='bbox 1206 1737 1284 1776; x_wconf 86' lang='grc'><strong>762,</strong></span> <span class='ocrx_word' id='word_1_418' title='bbox 1305 1736 1361 1771; x_wconf 90' lang='grc'><strong>11.</strong></span> <span class='ocrx_word' id='word_1_419' title='bbox 1384 1735 1515 1777; x_wconf 74' lang='lat'><strong>805‚&#39;9.</strong></span> <span class='ocrx_word' id='word_1_420' title='bbox 1536 1735 1595 1770; x_wconf 87' lang='lat'><strong>15.</strong></span> 
     </span>
     <span class='ocr_line' id='line_1_89' title="bbox 898 1781 1457 1826; baseline -0.005 -8"><span class='ocrx_word' id='word_1_421' title='bbox 898 1783 979 1823; x_wconf 89' lang='grc'><strong>839,</strong></span> <span class='ocrx_word' id='word_1_422' title='bbox 1001 1783 1059 1818; x_wconf 90' lang='grc'><strong>20.</strong></span> <span class='ocrx_word' id='word_1_423' title='bbox 1093 1781 1182 1816; x_wconf 90' lang='lat' dir='ltr'><strong>Vide</strong></span> <span class='ocrx_word' id='word_1_424' title='bbox 1205 1782 1457 1826; x_wconf 80' lang='lat' dir='ltr'><strong>Adrianopolis.</strong></span> 
     </span>
    </p>

    <p class='ocr_par' dir='ltr' id='par_1_28' title="bbox 852 1827 1593 1870">
     <span class='ocr_line' id='line_1_90' title="bbox 852 1827 1593 1870; baseline -0.003 -7"><span class='ocrx_word' id='word_1_425' title='bbox 852 1828 992 1870; x_wconf 90' lang='lat' dir='ltr'><strong>Oreum,</strong></span> <span class='ocrx_word' id='word_1_426' title='bbox 1016 1829 1110 1864; x_wconf 87' lang='lat' dir='ltr'><strong>sinus</strong></span> <span class='ocrx_word' id='word_1_427' title='bbox 1132 1828 1228 1863; x_wconf 85' lang='lat' dir='ltr'><strong>iuxta</strong></span> <span class='ocrx_word' id='word_1_428' title='bbox 1246 1829 1420 1863; x_wconf 84' lang='lat' dir='ltr'><strong>Euboeam</strong></span> <span class='ocrx_word' id='word_1_429' title='bbox 1436 1827 1514 1869; x_wconf 88' lang='lat'><strong>878,</strong></span> <span class='ocrx_word' id='word_1_430' title='bbox 1538 1828 1593 1863; x_wconf 88' lang='lat'><strong>13.</strong></span> 
     </span>
    </p>

    <p class='ocr_par' dir='ltr' id='par_1_29' title="bbox 852 1873 1593 2011">
     <span class='ocr_line' id='line_1_91' title="bbox 852 1873 1593 1921; baseline -0.004 -11"><span class='ocrx_word' id='word_1_431' title='bbox 852 1874 1018 1921; x_wconf 83' lang='lat' dir='ltr'><strong>Origenis</strong></span> <span class='ocrx_word' id='word_1_432' title='bbox 1037 1875 1117 1910; x_wconf 89' lang='lat' dir='ltr'><strong>libri</strong></span> <span class='ocrx_word' id='word_1_433' title='bbox 1143 1881 1263 1910; x_wconf 87' lang='lat' dir='ltr'><strong>contra</strong></span> <span class='ocrx_word' id='word_1_434' title='bbox 1284 1875 1422 1909; x_wconf 86' lang='lat' dir='ltr'><strong>Celsum</strong></span> <span class='ocrx_word' id='word_1_435' title='bbox 1481 1878 1516 1908; x_wconf 85' lang='lat' dir='ltr'><strong>et</strong></span> <span class='ocrx_word' id='word_1_436' title='bbox 1534 1873 1593 1908; x_wconf 80' lang='lat' dir='ltr'><strong>alii</strong></span> 
     </span>
     <span class='ocr_line' id='line_1_92' title="bbox 895 1920 1592 1965; baseline -0.003 -9"><span class='ocrx_word' id='word_1_437' title='bbox 895 1922 1138 1965; x_wconf 86' lang='lat' dir='ltr'><strong>commentarii,</strong></span> <span class='ocrx_word' id='word_1_438' title='bbox 1158 1934 1179 1957; x_wconf 89' lang='lat' dir='ltr'><strong>a</strong></span> <span class='ocrx_word' id='word_1_439' title='bbox 1195 1922 1259 1957; x_wconf 81' lang='lat' dir='ltr'><strong>SS.</strong></span> <span class='ocrx_word' id='word_1_440' title='bbox 1271 1921 1432 1957; x_wconf 82' lang='lat' dir='ltr'><strong>Patribus</strong></span> <span class='ocrx_word' id='word_1_441' title='bbox 1449 1920 1592 1955; x_wconf 82' lang='lat' dir='ltr'><strong>laudan-</strong></span> 
     </span>
     <span class='ocr_line' id='line_1_93' title="bbox 896 1970 1122 2011; baseline 0.004 -8"><span class='ocrx_word' id='word_1_442' title='bbox 896 1974 954 2003; x_wconf 89' lang='lat' dir='ltr'><strong>tur</strong></span> <span class='ocrx_word' id='word_1_443' title='bbox 969 1971 1049 2011; x_wconf 85' lang='grc'><strong>925,</strong></span> <span class='ocrx_word' id='word_1_444' title='bbox 1068 1970 1122 2004; x_wconf 91' lang='grc'><strong>15.</strong></span> 
     </span>
    </p>

    <p class='ocr_par' dir='ltr' id='par_1_30' title="bbox 852 2012 1591 2151">
     <span class='ocr_line' id='line_1_94' title="bbox 852 2012 1591 2060; baseline -0.004 -11"><span class='ocrx_word' id='word_1_445' title='bbox 852 2015 994 2050; x_wconf 87' lang='lat' dir='ltr'><strong>Orionis</strong></span> <span class='ocrx_word' id='word_1_446' title='bbox 1024 2020 1120 2050; x_wconf 88' lang='lat' dir='ltr'><strong>ortus</strong></span> <span class='ocrx_word' id='word_1_447' title='bbox 1147 2012 1234 2057; x_wconf 89' lang='grc'><strong>640,</strong></span> <span class='ocrx_word' id='word_1_448' title='bbox 1271 2015 1326 2051; x_wconf 89' lang='grc'><strong>15.</strong></span> <span class='ocrx_word' id='word_1_449' title='bbox 1357 2014 1443 2060; x_wconf 88' lang='lat' dir='ltr'><strong>ibiq.</strong></span> <span class='ocrx_word' id='word_1_450' title='bbox 1477 2017 1591 2047; x_wconf 85' lang='lat' dir='ltr'><strong>annot.</strong></span> 
     </span>
     <span class='ocr_line' id='line_1_95' title="bbox 897 2061 1591 2105; baseline -0.004 -8"><span class='ocrx_word' id='word_1_451' title='bbox 897 2063 978 2105; x_wconf 88' lang='lat'><strong>765,</strong></span> <span class='ocrx_word' id='word_1_452' title='bbox 1001 2064 1034 2098; x_wconf 85' lang='lat'><strong>5.</strong></span> <span class='ocrx_word' id='word_1_453' title='bbox 1059 2063 1138 2104; x_wconf 88' lang='lat'><strong>835,</strong></span> <span class='ocrx_word' id='word_1_454' title='bbox 1160 2065 1218 2098; x_wconf 91' lang='grc'><strong>20.</strong></span> <span class='ocrx_word' id='word_1_455' title='bbox 1244 2072 1317 2096; x_wconf 86' lang='lat' dir='ltr'><strong>cum</strong></span> <span class='ocrx_word' id='word_1_456' title='bbox 1338 2066 1418 2096; x_wconf 91' lang='lat' dir='ltr'><strong>ortu</strong></span> <span class='ocrx_word' id='word_1_457' title='bbox 1441 2061 1591 2095; x_wconf 90' lang='lat' dir='ltr'><strong>Canicu-</strong></span> 
     </span>
     <span class='ocr_line' id='line_1_96' title="bbox 896 2109 1320 2151; baseline -0.002 -8"><span class='ocrx_word' id='word_1_458' title='bbox 896 2109 952 2143; x_wconf 86' lang='lat' dir='ltr'><strong>lae</strong></span> <span class='ocrx_word' id='word_1_459' title='bbox 968 2109 1166 2144; x_wconf 91' lang='lat' dir='ltr'><strong>coniunctus</strong></span> <span class='ocrx_word' id='word_1_460' title='bbox 1185 2110 1242 2151; x_wconf 89' lang='lat'><strong>72,</strong></span> <span class='ocrx_word' id='word_1_461' title='bbox 1260 2109 1320 2143; x_wconf 86' lang='lat'><strong>21.</strong></span> 
     </span>
    </p>

    <p class='ocr_par' dir='ltr' id='par_1_31' title="bbox 849 2153 1288 2200">
     <span class='ocr_line' id='line_1_97' title="bbox 849 2153 1288 2200; baseline -0.002 -9"><span class='ocrx_word' id='word_1_462' title='bbox 849 2153 1105 2200; x_wconf 73' lang='grc' dir='ltr'><strong><em>Ὁρκωμοτικᾶ</em></strong></span> <span class='ocrx_word' id='word_1_463' title='bbox 1129 2154 1229 2198; x_wconf 86' lang='grc'><strong>1240,</strong></span> <span class='ocrx_word' id='word_1_464' title='bbox 1253 2156 1288 2190; x_wconf 92' lang='grc'><strong>8.</strong></span> 
     </span>
    </p>

    <p class='ocr_par' dir='ltr' id='par_1_32' title="bbox 851 2203 1270 2246">
     <span class='ocr_line' id='line_1_98' title="bbox 851 2203 1270 2246; baseline -0.002 -9"><span class='ocrx_word' id='word_1_465' title='bbox 851 2204 1002 2238; x_wconf 86' lang='lat' dir='ltr'><strong>Orontes</strong></span> <span class='ocrx_word' id='word_1_466' title='bbox 1026 2203 1111 2238; x_wconf 88' lang='lat' dir='ltr'><strong>fluv.</strong></span> <span class='ocrx_word' id='word_1_467' title='bbox 1137 2204 1214 2246; x_wconf 91' lang='grc'><strong>107,</strong></span> <span class='ocrx_word' id='word_1_468' title='bbox 1238 2203 1270 2238; x_wconf 92' lang='grc'><strong>7.</strong></span> 
     </span>
    </p>

    <p class='ocr_par' dir='ltr' id='par_1_33' title="bbox 852 2246 1589 2343">
     <span class='ocr_line' id='line_1_99' title="bbox 852 2246 1589 2295; baseline -0.007 -10"><span class='ocrx_word' id='word_1_469' title='bbox 852 2251 1015 2295; x_wconf 84' lang='lat' dir='ltr'><strong>Orpheus</strong></span> <span class='ocrx_word' id='word_1_470' title='bbox 1037 2250 1117 2292; x_wconf 88' lang='lat'><strong>560,</strong></span> <span class='ocrx_word' id='word_1_471' title='bbox 1130 2251 1186 2286; x_wconf 85' lang='lat'><strong>23.</strong></span> <span class='ocrx_word' id='word_1_472' title='bbox 1210 2247 1344 2294; x_wconf 88' lang='lat' dir='ltr'><strong>Orphei</strong></span> <span class='ocrx_word' id='word_1_473' title='bbox 1363 2246 1492 2282; x_wconf 87' lang='lat' dir='ltr'><strong>cithara</strong></span> <span class='ocrx_word' id='word_1_474' title='bbox 1508 2246 1589 2287; x_wconf 90' lang='lat'><strong>333,</strong></span> 
     </span>
     <span class='ocr_line' id='line_1_100' title="bbox 896 2294 1588 2343; baseline -0.012 -11"><span class='ocrx_word' id='word_1_475' title='bbox 896 2298 954 2332; x_wconf 88' lang='grc'><strong>25.</strong></span> <span class='ocrx_word' id='word_1_476' title='bbox 973 2296 1194 2343; x_wconf 81' lang='lat' dir='ltr'><strong>Tragoediae</strong></span> <span class='ocrx_word' id='word_1_477' title='bbox 1209 2295 1355 2338; x_wconf 82' lang='lat'><strong>471‚15.</strong></span> <span class='ocrx_word' id='word_1_478' title='bbox 1374 2294 1455 2338; x_wconf 91' lang='lat' dir='ltr'><strong>ibiq.</strong></span> <span class='ocrx_word' id='word_1_479' title='bbox 1475 2296 1588 2326; x_wconf 89' lang='lat' dir='ltr'><strong>annot.</strong></span> 
     </span>
    </p>

    <p class='ocr_par' dir='ltr' id='par_1_34' title="bbox 851 2341 1589 2851">
     <span class='ocr_line' id='line_1_101' title="bbox 851 2341 1589 2388; baseline -0.009 -10"><span class='ocrx_word' id='word_1_480' title='bbox 851 2343 1050 2378; x_wconf 84' lang='lat' dir='ltr'><strong>Orthodoxi</strong></span> <span class='ocrx_word' id='word_1_481' title='bbox 1080 2344 1278 2388; x_wconf 83' lang='lat' dir='ltr'><strong>frequentes</strong></span> <span class='ocrx_word' id='word_1_482' title='bbox 1316 2342 1358 2375; x_wconf 86' lang='lat' dir='ltr'><strong>ad</strong></span> <span class='ocrx_word' id='word_1_483' title='bbox 1398 2341 1589 2383; x_wconf 80' lang='lat' dir='ltr'><strong>Gregoram</strong></span> 
     </span>
     <span class='ocr_line' id='line_1_102' title="bbox 897 2384 1589 2431; baseline -0.013 -5"><span class='ocrx_word' id='word_1_484' title='bbox 897 2390 1108 2426; x_wconf 87' lang='lat' dir='ltr'><strong>conveniunt</strong></span> <span class='ocrx_word' id='word_1_485' title='bbox 1130 2390 1218 2431; x_wconf 84' lang='lat'><strong>891,</strong></span> <span class='ocrx_word' id='word_1_486' title='bbox 1247 2392 1305 2424; x_wconf 87' lang='grc'><strong>20.</strong></span> <span class='ocrx_word' id='word_1_487' title='bbox 1336 2386 1415 2427; x_wconf 87' lang='grc'><strong>894,</strong></span> <span class='ocrx_word' id='word_1_488' title='bbox 1439 2386 1493 2420; x_wconf 86' lang='grc'><strong>11.</strong></span> <span class='ocrx_word' id='word_1_489' title='bbox 1518 2384 1589 2418; x_wconf 90' lang='lat' dir='ltr'><strong>Or·-</strong></span> 
     </span>
     <span class='ocr_line' id='line_1_103' title="bbox 895 2431 1589 2472; baseline -0.012 -1"><span class='ocrx_word' id='word_1_490' title='bbox 895 2437 1121 2471; x_wconf 80' lang='lat' dir='ltr'><strong>thodoxotum</strong></span> <span class='ocrx_word' id='word_1_491' title='bbox 1151 2436 1280 2470; x_wconf 89' lang='lat' dir='ltr'><strong>diversi</strong></span> <span class='ocrx_word' id='word_1_492' title='bbox 1307 2433 1470 2472; x_wconf 76' lang='lat' dir='ltr'><strong>affectus,</strong></span> <span class='ocrx_word' id='word_1_493' title='bbox 1500 2431 1589 2464; x_wconf 80' lang='lat' dir='ltr'><strong>fidu-</strong></span> 
     </span>
     <span class='ocr_line' id='line_1_104' title="bbox 895 2475 1587 2529; baseline -0.012 -11"><span class='ocrx_word' id='word_1_494' title='bbox 895 2483 968 2525; x_wconf 83' lang='lat' dir='ltr'><strong>cia,</strong></span> <span class='ocrx_word' id='word_1_495' title='bbox 1006 2484 1214 2529; x_wconf 86' lang='lat' dir='ltr'><strong>trepidatio,</strong></span> <span class='ocrx_word' id='word_1_496' title='bbox 1255 2490 1386 2515; x_wconf 89' lang='lat' dir='ltr'><strong>moeror</strong></span> <span class='ocrx_word' id='word_1_497' title='bbox 1416 2475 1496 2519; x_wconf 90' lang='grc'><strong>984,</strong></span> <span class='ocrx_word' id='word_1_498' title='bbox 1533 2479 1587 2511; x_wconf 91' lang='grc'><strong>10.</strong></span> 
     </span>
     <span class='ocr_line' id='line_1_105' title="bbox 897 2524 1587 2578; baseline -0.013 -13"><span class='ocrx_word' id='word_1_499' title='bbox 897 2529 1069 2576; x_wconf 83' lang='lat' dir='ltr'><strong>Principis</strong></span> <span class='ocrx_word' id='word_1_500' title='bbox 1105 2529 1232 2564; x_wconf 88' lang='lat' dir='ltr'><strong>animus</strong></span> <span class='ocrx_word' id='word_1_501' title='bbox 1263 2527 1306 2561; x_wconf 89' lang='lat' dir='ltr'><strong>ab</strong></span> <span class='ocrx_word' id='word_1_502' title='bbox 1331 2524 1416 2570; x_wconf 85' lang='lat' dir='ltr'><strong>ipsis</strong></span> <span class='ocrx_word' id='word_1_503' title='bbox 1444 2534 1587 2578; x_wconf 79' lang='lat' dir='ltr'><strong>aversus</strong></span> 
     </span>
     <span class='ocr_line' id='line_1_106' title="bbox 895 2569 1588 2618; baseline -0.016 -4"><span class='ocrx_word' id='word_1_504' title='bbox 895 2577 976 2618; x_wconf 87' lang='lat'><strong>979,</strong></span> <span class='ocrx_word' id='word_1_505' title='bbox 1006 2579 1058 2612; x_wconf 88' lang='grc'><strong>12.</strong></span> <span class='ocrx_word' id='word_1_506' title='bbox 1082 2578 1210 2611; x_wconf 81' lang='lat' dir='ltr'><strong>frustra</strong></span> <span class='ocrx_word' id='word_1_507' title='bbox 1231 2578 1396 2607; x_wconf 89' lang='lat' dir='ltr'><strong>conantur</strong></span> <span class='ocrx_word' id='word_1_508' title='bbox 1415 2569 1588 2605; x_wconf 75' lang='lat' dir='ltr'><strong>contradi-</strong></span> 
     </span>
     <span class='ocr_line' id='line_1_107' title="bbox 895 2618 1587 2663; baseline -0.012 -6"><span class='ocrx_word' id='word_1_509' title='bbox 895 2635 977 2658; x_wconf 85' lang='lat' dir='ltr'><strong>cere</strong></span> <span class='ocrx_word' id='word_1_510' title='bbox 991 2622 1168 2659; x_wconf 84' lang='lat' dir='ltr'><strong>Palamitis</strong></span> <span class='ocrx_word' id='word_1_511' title='bbox 1189 2619 1268 2662; x_wconf 85' lang='grc'><strong>994,</strong></span> <span class='ocrx_word' id='word_1_512' title='bbox 1282 2621 1316 2655; x_wconf 82' lang='grc'><strong>2.</strong></span> <span class='ocrx_word' id='word_1_513' title='bbox 1342 2630 1362 2652; x_wconf 85' lang='lat' dir='ltr'><strong>a</strong></span> <span class='ocrx_word' id='word_1_514' title='bbox 1381 2618 1481 2651; x_wconf 83' lang='lat' dir='ltr'><strong>Fidei</strong></span> <span class='ocrx_word' id='word_1_515' title='bbox 1506 2629 1587 2663; x_wconf 87' lang='lat' dir='ltr'><strong>pro-</strong></span> 
     </span>
     <span class='ocr_line' id='line_1_108' title="bbox 894 2664 1587 2714; baseline -0.013 -9"><span class='ocrx_word' id='word_1_516' title='bbox 894 2670 1046 2705; x_wconf 87' lang='lat' dir='ltr'><strong>fessione</strong></span> <span class='ocrx_word' id='word_1_517' title='bbox 1075 2668 1292 2714; x_wconf 86' lang='lat' dir='ltr'><strong>auspicantur</strong></span> <span class='ocrx_word' id='word_1_518' title='bbox 1313 2665 1488 2700; x_wconf 86' lang='lat' dir='ltr'><strong>Actionem</strong></span> <span class='ocrx_word' id='word_1_519' title='bbox 1517 2664 1587 2707; x_wconf 84' lang='lat' dir='ltr'><strong>Sy-</strong></span> 
     </span>
     <span class='ocr_line' id='line_1_109' title="bbox 894 2711 1588 2756; baseline -0.012 -5"><span class='ocrx_word' id='word_1_520' title='bbox 894 2717 976 2751; x_wconf 88' lang='lat' dir='ltr'><strong>nodi</strong></span> <span class='ocrx_word' id='word_1_521' title='bbox 994 2717 1127 2750; x_wconf 86' lang='lat' dir='ltr'><strong>tertiam</strong></span> <span class='ocrx_word' id='word_1_522' title='bbox 1143 2716 1223 2756; x_wconf 87' lang='lat'><strong>999,</strong></span> <span class='ocrx_word' id='word_1_523' title='bbox 1254 2714 1309 2748; x_wconf 90' lang='lat'><strong>15.</strong></span> <span class='ocrx_word' id='word_1_524' title='bbox 1331 2711 1468 2746; x_wconf 85' lang='lat' dir='ltr'><strong>Actioni</strong></span> <span class='ocrx_word' id='word_1_525' title='bbox 1485 2721 1588 2755; x_wconf 87' lang='lat' dir='ltr'><strong>quar-</strong></span> 
     </span>
     <span class='ocr_line' id='line_1_110' title="bbox 894 2759 1587 2806; baseline -0.013 -8"><span class='ocrx_word' id='word_1_526' title='bbox 894 2768 954 2798; x_wconf 87' lang='lat' dir='ltr'><strong>tae</strong></span> <span class='ocrx_word' id='word_1_527' title='bbox 971 2763 1148 2804; x_wconf 86' lang='lat' dir='ltr'><strong>intersunt,</strong></span> <span class='ocrx_word' id='word_1_528' title='bbox 1174 2759 1297 2806; x_wconf 84' lang='lat' dir='ltr'><strong>partim</strong></span> <span class='ocrx_word' id='word_1_529' title='bbox 1317 2759 1481 2799; x_wconf 87' lang='lat' dir='ltr'><strong>volentes,</strong></span> <span class='ocrx_word' id='word_1_530' title='bbox 1507 2767 1587 2801; x_wconf 88' lang='lat' dir='ltr'><strong>par-</strong></span> 
     </span>
     <span class='ocr_line' id='line_1_111' title="bbox 893 2805 1588 2851; baseline -0.01 -5"><span class='ocrx_word' id='word_1_531' title='bbox 893 2810 954 2846; x_wconf 84' lang='lat' dir='ltr'><strong>tim</strong></span> <span class='ocrx_word' id='word_1_532' title='bbox 970 2809 1122 2844; x_wconf 86' lang='lat' dir='ltr'><strong>nolentes</strong></span> <span class='ocrx_word' id='word_1_533' title='bbox 1140 2808 1241 2850; x_wconf 80' lang='lat'><strong>1003,</strong></span> <span class='ocrx_word' id='word_1_534' title='bbox 1252 2809 1288 2844; x_wconf 91' lang='lat'><strong>9.</strong></span> <span class='ocrx_word' id='word_1_535' title='bbox 1304 2805 1464 2851; x_wconf 84' lang='lat' dir='ltr'><strong>vapulant</strong></span> <span class='ocrx_word' id='word_1_536' title='bbox 1485 2805 1588 2843; x_wconf 86' lang='lat'><strong>1010,</strong></span> 
     </span>
    </p>
   </div>
  </div>
 </body>
</html>
