1794 3172
599 104 1074 154 ANNo'rAnoms.
1213 93 1220 99 ’
1414 72 1573 153 '1165

35 225 114 252 nus
134 210 204 254 lib.
219 211 285 255 ΠΙ.
302 226 391 267 pag.
411 212 481 257 84.
502 212 653 252 Hister.
672 213 1020 268 Franco-Byzant.
1040 215 1111 255 lib.
1130 212 1179 257 V.
1199 212 1356 259 n.XV1.
1375 215 1498 258 XVII.
1526 218 1566 257 Ia

32 279 160 322 porro
176 271 366 324 princeps
376 271 455 310 fuit
467 271 690 310 Guilelmus
699 270 1015 322 villharduinus‚
1027 272 1211 313 Gaufridi
1222 273 1344 313 Primi
1354 272 1513 314 Morene
1523 282 1564 315 et

33 326 415 382 Achaiaeprincipis
432 327 552 378 filius,
581 328 697 367 cuius
715 341 841 381 supra
854 304 1112 370 meminitlib.
1121 330 1190 369 ΙΙΙ.
1202 343 1291 384 cap.
1311 330 1360 370 V.
1389 345 1564 373 nocuo.

145 387 252 439 Pug
281 390 358 436 79,
386 389 457 429 21.
512 381 580 426 Ἐν
606 389 691 433 τοῖς
715 390 882 434 κυανοῖς
908 387 1109 437 πεδίλοις]
1138 387 1242 429 Vide
1267 400 1370 440 quae
1390 387 1434 428 in
1455 388 1563 430 hanc

31 454 117 480 rem
144 449 379 482 annotamus
399 443 442 481 in
462 442 592 482 Gloss.
613 442 716 481 med.
739 442 946 483 Graecit.
933 458 975 482 in
995 440 1467 498 ν.Τζαγγη.1)σοΔΝα.

146 501 432 554 Pag.80,1.
495 495 579 552 Τήν
601 514 644 540 τε
663 499 986 553 Μονεμβασίαν]
1014 502 1076 540 Ita
1096 502 1213 542 etiam
1234 501 1433 541 Phranzes
1449 503 1520 543 lib.
1529 504 1559 545 I.

30 569 118 608 cap.
144 556 212 595 IV.
262 556 314 595 At
342 529 562 595 Monachus
592 556 801 595 Paduanus
831 557 901 596 lib.
934 558 1003 598 111.
1029 572 1120 612 pag.
1153 560 1220 603 35.
1271 559 1493 601 Sabellicus
1520 568 1562 602 et

27 612 211 652 mondus
231 613 355 652 solam
373 614 683 652 Monembasiam
706 613 868 653 habent.
900 614 1067 655 Constat
1086 622 1214 655 tamen
1236 618 1421 669 Spartam
1439 631 1561 658 unam

26 670 153 709 fuisse
172 684 224 710 ex
244 671 362 710 cessis
382 671 557 723 oppidis,
586 677 632 711 ut
659 678 818 710 exserte
837 678 1035 713 testantur
1056 674 1266 724 Gregoras,
1288 680 1328 713 et
1344 673 1559 726 Phranzes,

27 727 142 766 cuius
161 728 374 781 episcopus
399 728 565 778 Haimo,
596 742 667 768 sua
686 728 877 779 dignitate
897 743 948 768 ex
974 743 1020 769 eo
1041 730 1244 782 privatus,
1276 731 1327 770 ad
1345 732 1560 771 Coronen-

26 798 110 823 sem
157 785 431 838 episcopatum
481 792 691 838 promotus
738 786 818 825 suit
864 801 888 825 a
940 787 1107 827 Nicolao
1155 788 1225 827 111.
1292 789 1401 841 Papa
1454 803 1557 828 anno

23 841 350 883 MCCLXXVIH.
393 843 455 882 uti
485 843 605 882 docet
634 842 810 882 eiusdem
839 843 1045 883 Pontificis
1079 846 1292 896 Regestum
1329 845 1374 884 in
1412 846 1556 886 litteris

24 899 242 939 curialibus
269 901 387 953 epist.
411 901 494 940 CX.
536 901 605 939 Est
631 907 764 939 autem
790 900 1082 950 Monembasia,
1110 902 1270 941 Moreae
1298 916 1405 941 nunc
1427 904 1556 955 oppi-

23 956 143 1006 dum,
172 972 254 996 non
284 958 430 1010 procul
453 957 635 996 dissitum
658 972 682 995 a
699 958 809 1010 Capo
828 957 970 1008 Malio,
1000 959 1086 998 sive
1112 959 1193 998 Μει
1196 973 1241 998 eo
1260 961 1552 1012 promontorio,

20 1012 142 1053 hodie
169 1013 396 1063 Malvasia,
425 1015 571 1067 priscis
587 1012 814 1068 Epidaurus
831 1013 1108 1068 Peloponnesi.
1167 1030 1344 1058 occaso.

132 1073 236 1125 Pag·
265 1075 346 1122 80,
378 1045 444 1115 11
505 1069 747 1112 Καταλιπαὶν
771 1087 845 1113 τον
869 1071 1156 1127 πατριαρχικόν
1180 1072 1203 1116 ὁ
1222 1069 1422 1129 ’Λρσένιος
1439 1072 1552 1129 θρό-

19 1132 118 1178 νον]
149 1128 416 1196 Ephraemius
431 1129 481 1169 de
502 1129 692 1168 Arsenio:

245 1186 330 1228 Καὶ
357 1202 492 1227 παντα
522 1184 683 1239 βαθμὸν
711 1181 866 1234 ανυσας
893 1185 1127 1239 ἐκκλησίας,

249 1244 328 1292 Εἷς
354 1239 467 1295 ῧψος
494 1242 608 1311 ἥσθη
637 1244 921 1297 ποιμεναρχίας
949 1243 1059 1297 μέγα.

237 1297 527 1370 Λῦθαιρέτως
531 1297 677 1342 τούτου
706 1299 751 1342 δὲ
778 1302 983 1349 λείποντος
1011 1296 1182 1354 &qo-‚nov

239 1361 373 1414 Μονῇ
400 1357 445 1400 δὲ
473 1354 599 1400 αυτόν
625 1353 795 1426 ευαγῶς
807 1354 1051 1408 δεδωκότος,

239 1411 504 1468 Νικηφόρος,
533 1412 733 1484 ”962‘5905
762 1431 820 1455 ων
846 1412 1057 1466 Ἐφεσίων,

238 1474 470 1526 Προεδρίαν
500 1473 640 1524 εἴληφε
666 1475 739 1524 τῆς
768 1473 1090 1514 Κωνσταντίνου.
1147 1483 1324 1512 nucum.

13 1527 118 1569 Vide
143 1526 304 1568 Arsenii
332 1536 624 1569 testamentum.
669 1543 821 1569 nowm.

3 1584 10 1591 ⁷
126 1587 228 1640 Pag-
258 1590 335 1637 80,
370 1591 437 1629 12.
457 1585 616 1639 ’Ώιχετο
637 1582 853 1639 ἦσυχᾰσων
874 1585 915 1634 ἔς
933 1580 980 1624 ω’
999 1579 1201 1637 παράλιον
1219 1599 1255 1624 κ.
1270 1599 1303 1624 τ.
1321 1582 1380 1636 L]
1416 1583 1542 1623 Tran-

12 1640 182 1696 quillum
213 1659 265 1684 ac
292 1642 519 1684 solitariam
545 1645 667 1683 vitam
699 1653 873 1683 acturus.
923 1641 1027 1681 vide
1055 1641 1305 1681 Glossarium
1332 1641 1539 1693 Ducangii.

10 1713 162 1739 nomm

123 1758 338 1810 Pag.80‚
370 1761 435 1801 12.
498 1762 581 1799 Τοῦ
602 1758 838 1811 Πασχασίου
866 1752 1119 1811 μονύδριον]
1157 1754 1280 1794 Cuius
1306 1754 1539 1793 monasterii

9 1813 110 1852 situs
131 1813 374 1855 describitur
397 1830 419 1854 a
442 1815 672 1868 Pachymer.
691 1816 762 1856 lib.
784 1815 835 1853 11.
858 1828 947 1867 cap.
966 1814 1056 1852 XV.
1111 1826 1289 1851 nnuma.

123 1873 335 1926 Pag.80,
368 1876 434 1917 17.
464 1873 549 1915 Καὶ
567 1871 618 1927 δὴ
636 1869 900 1927 Νικηφόρος]
930 1870 1163 1923 Pachymer.
1183 1870 1254 1909 lib
1264 1869 1312 1908 11.
1326 1882 1415 1921 cap.
1427 1868 1503 1907 XV
1504 1867 1535 1910 ..Ι

6 1941 183 1967 nocane.

120 1987 224 2039 Pssg·
254 1988 332 2037 80,
361 1989 433 2031 23.
495 1983 549 2029 To
572 1984 674 2028 κατοῖ
690 1983 766 2039 τήν
782 1985 952 2039 περαίαν
974 1986 1049 2025 τοῦ
1068 1978 1259 2024 Γαλάτου
1281 1979 1536 2034 ἐπικεκλημέ-

5 2057 82 2082 νον
112 2018 336 2096 φρούριον]
374 2044 541 2096 περαία,
586 2060 697 2097 παρα
723 2041 768 2086 τὸ
797 2043 946 2097 πέραν,
979 2041 1088 2094 quod
1120 2054 1232 2081 mare
1261 2039 1529 2079 interiaceret.

4 2098 187 2138 Vocatur
204 2101 322 2139 etiam
343 2099 466 2140 hodie
485 2102 607 2150 Pera,
635 2108 679 2140 ut
705 2100 871 2140 Ioannes
900 2098 1203 2146 Dernschwam,
1233 2097 1299 2136 vir
1325 2094 1530 2135 ornatissi-

3 2169 115 2204 mus,
146 2156 245 2196 mihi
274 2158 435 2199 retulit:
466 2158 536 2210 qui
564 2132 635 2197 diu
662 2164 702 2197 et
728 2157 915 2210 Byzantii
944 2157 1071 2203 vixit,
1102 2161 1142 2194 et
1172 2154 1372 2193 Amasiam
1400 2165 1529 2204 usque

1 2214 237 2265 progressus
262 2221 343 2254 est:
375 2221 416 2253 et
439 2213 515 2255 hos
536 2216 596 2267 By
598 2215 780 2254 zantinae
802 2213 992 2253 historiae
1019 2214 1144 2252 libros
1170 2225 1305 2251 onmes
1330 2223 1420 2250 cum
1439 2208 1527 2247 aliis

1 2270 151 2320 multis,
182 2271 373 2322 singulari
395 2271 593 2312 industria
614 2279 654 2311 et
674 2272 808 2311 studio
834 2271 1035 2312 iuvandae
1046 2269 1291 2323 reipublicae
1306 2266 1526 2306 litterariae

2 2328 273 2380 comparavit:
305 2335 344 2367 et
359 2335 407 2368 ut
425 2344 446 2367 a
467 2343 529 2368 me
551 2334 900 2378 converterentur,
930 2335 1050 2380 atque
1075 2327 1119 2367 in
1135 2326 1340 2379 publicum
1363 2323 1526 2361 ederen-

0 2389 81 2434 tur,
110 2384 263 2436 primus
278 2394 420 2425 auctor
430 2386 518 2429 fuit.
549 2399 594 2426 u
595 2400 746 2426 onnus.
774 2386 878 2425 Male
900 2385 1078 2436 Wolfius,
1109 2381 1320 2425 Castellum
1345 2383 1522 2422 Peraeae.

0 2452 258 2492 cognomento
295 2440 475 2483 Galatae.
523 2444 670 2496 περαία
701 2442 782 2481 hoc
815 2443 907 2482 loco
932 2441 1137 2481 adversum
1176 2439 1286 2480 linus
1313 2435 1521 2487 significat.

1 2497 160 2544 Quodsi
194 2500 399 2539 castellum
426 2501 531 2539 illud
550 2500 672 2539 hodie
697 2499 799 2539 Pera
819 2499 993 2550 dicitur,
1024 2513 1107 2538 non
1142 2497 1295 2537 idcirco
1323 2494 1523 2544 Gregorae

0 2554 133 2593 verbis
157 2556 221 2595 vis
248 2556 429 2596 facienda
456 2564 527 2597 est..
586 2569 736 2596 nomn.

112 2610 212 2666 1²03·
241 2616 320 2665 80,
350 2614 419 2656 24.
482 2617 566 2656 Τοῦ
595 2615 640 2655 Γ
634 2609 807 2666 αλατου]
849 2611 1081 2666 Pachymer.
1118 2610 1190 2649 lib.
1226 2607 1277 2647 Π.
1306 2619 1396 2658 cap.
1425 2604 1519 2643 XX.

0 2680 173 2707 occaso.

109 2725 212 2780 Peg.
232 2729 311 2781 81,
331 2730 398 2771 21.
429 2725 544 2769 Κατα
561 2726 697 2781 μέντοι
718 2724 763 2775 τὰ
792 2724 910 2770 {nativ
927 2724 1039 2778 ἔτος]
1082 2723 1158 2764 An.
1182 2720 1275 2762 Chr.
1307 2716 1516 2760 MCCLXI·

0 2795 167 2823 nucum.
