1794 3172
229 153 329 201 688
681 154 1000 202 NICEPHORI
1032 153 1358 200 GREGORAE

17 281 51 313 A.
70 279 112 311 M.
130 278 221 314 6852
231 273 396 329 πρῶτον
417 269 491 325 μὲν
514 269 553 311 οἱ
571 267 613 310 ἓν
631 270 672 310 Γ
669 265 813 327 εννούᾳ
831 270 884 324 τῇ
912 263 1027 308 πόλει
1049 267 1232 308 Λατῖνοι
1261 265 1422 318 Τοῦζον
1454 264 1605 308 ἐκεῖνον
1617 297 1630 317 ,
1670 262 1717 308 ὃν

57 327 125 374 Iud-⁸
141 326 185 361 12
231 343 286 391 εἷς
304 339 452 389 δουκὸς
481 336 683 394 ἀνήγαγον
707 338 750 379 ἔκ
777 336 983 392 μακέλλης
1011 335 1129 386 ἀξίαν
1157 332 1238 392 πρό
1257 351 1300 391 γε
1325 336 1440 378 δυοῖν
1469 342 1556 377 τοῖν
1580 335 1718 377 ἐνιαυ-

226 417 337 462 τοῖν,
376 406 597 457 συστάντες
620 407 771 465 ἀρτίως
793 404 1012 461 ἐξήλασαν,
1052 404 1427 459 ἐκπολεμωθέντων
1449 402 1593 462 λάθρα
1615 403 1714 447 κατ’

228 479 358 523 αὐτοῦ
383 477 488 535 πρὸς
508 481 591 520 τῶν
612 478 702 534 περὶ
725 477 959 520 Σπίνουλαν
980 475 1048 517 καὶ
1075 472 1309 531 Σερτώριον
1343 474 1513 530 εὐγενῶν
1527 488 1536 498 ·
1575 473 1622 516 οἳ
1641 478 1718 529 τῆς

227 548 414 600 ἐξουσίας
431 546 724 602 ἐπειλημμένον
751 543 911 598 Τούζου
924 578 938 598 ,
976 549 1050 599 τῆς
1071 542 1228 594 πόλεως
1252 541 1502 600 ἐξώσθησαν
1523 543 1712 600 ἀγεννῶς,
1728 549 1752 585 5

188 620 312 661 Βτῶν
344 619 536 673 δημοτῶν
571 614 642 658 ἅτε
674 616 739 657 ἐπὶ
765 615 870 671 μέγα
903 612 1115 669 δυνάμεως
1148 615 1403 669 ἐληλυθυῖαν
1433 612 1608 658 ἰδόντων
1639 613 1718 669 τὴν

98 685 388 730 Ῡ.349τοῦτων
417 686 548 744 ἀρχὴν
580 687 649 728 καὶ
681 682 1029 743 τυραννικώτερον
1061 683 1142 740 ἤδη
1185 688 1269 728 τῶν
1301 686 1512 741 δημοσίων
1534 681 1718 738 ἁπτομέ-

225 774 300 811 νην
335 754 601 814 πραγμάτων.
642 754 980 812 συγχωρηθέντες
1013 753 1091 812 γὰρ
1123 748 1250 805 αὖθις
1272 754 1388 804 ἐντὸς
1404 754 1595 811 γενέσθαι
1612 756 1654 796 Γ
1650 771 1718 796 εν-

228 824 356 876 νούας
384 823 656 883 μετριώτερον
698 824 874 881 ἄγοντας
902 825 1019 879 βίον,
1073 830 1162 874 τοῖς
1202 825 1247 867 δὲ
1287 824 1425 882 βραχὺ
1469 821 1719 881 μετριάσασι

225 894 402 951 τάχιστα
431 897 723 952 παλινδρομεῖν
751 892 880 937 ἐδόκει
915 895 956 944 ἐς
991 893 1067 950 τὴν
1101 895 1197 952 πρὶν
1225 892 1515 952 ὑπερηφανίαν
1542 895 1611 936 καὶ
1643 892 1717 936 τὸν
1730 898 1775 935 10

225 965 467 1023 τυραννικὸν
487 967 637 1008 ἐκεῖνον
654 969 798 1022 τῦφον.
838 963 940 1007 ὅθεν
962 961 1205 1007 συστάντων
1224 964 1294 1007 ἐπ’
1321 964 1476 1015 αὖτοὺς
1494 958 1623 1014 αὖθις
1640 967 1716 1006 τοῦ

227 1034 363 1091 δήμου
377 1069 390 1088 ,
428 1039 505 1091 τῆς
536 1032 692 1085 πόλεως
722 1034 1006 1092 ἀγεννέστερον
1038 1038 1112 1078 νῦν
1142 1035 1426 1086 ἐξωθοῦνται·
1464 1035 1533 1078 καὶ
1566 1035 1718 1090 γίνεται

183 1104 328 1156 Εδούξ
355 1106 514 1162 ἕτερος,
551 1109 611 1163 τῷ
644 1105 738 1160 πρὶν
769 1102 1080 1162 παραπλήσιος,
1118 1105 1161 1155 ἐξ
1191 1104 1365 1148 εὐτελῶν
1400 1106 1468 1147 καὶ
1491 1103 1618 1154 αὐτὸς
1640 1104 1719 1154 τὰς

227 1172 357 1230 τύχας
389 1175 515 1218 ἕλκων
543 1179 618 1218 τοῦ
648 1174 813 1231 γένους·
861 1171 918 1225 ῶς
953 1173 1004 1217 ἂν
1036 1172 1236 1229 ἐνθύμιον
1272 1172 1507 1233 σύντροφον
1530 1173 1633 1229 ἔχων
1656 1173 1719 1216 ἀεὶ

229 1243 305 1299 τὴν
321 1249 395 1288 τοῦ
416 1244 556 1301 γε’νους
577 1246 723 1301 κηλῖδα
746 1245 814 1286 καὶ
843 1244 918 1294 τὰς
948 1245 991 1287 ἐκ
1018 1244 1208 1299 γενέσεως
1240 1243 1370 1300 τύχας
1396 1244 1445 1288 ἐν,
1472 1248 1531 1304 τῷ
1561 1244 1716 1302 μετρίῳ
1732 1253 1776 1289 15

231 1315 299 1356 καὶ
319 1322 519 1371 προσηνεῖ
530 1319 603 1357 τοῦ
637 1311 904 1372 φρονήματος
925 1315 1058 1373 ἓρείδῃ
1079 1318 1163 1358 τῶν
1179 1318 1388 1371 λογισμῶν
1405 1314 1482 1365 τὰς
1499 1316 1716 1372 κρηπῖδας.

104 1388 143 1423 P.
154 1387 220 1426 431
234 1383 325 1444 (Γ.)
354 1384 478 1427 Ἀλλὰ
501 1386 568 1427 καὶ
597 1388 670 1427 τοῦ
698 1388 782 1427 τῶν
800 1386 1041 1440 Αἰγυπτίων
1070 1383 1406 1440 μεταλλάξαντος
1434 1382 1634 1441 ἡγεμόνος
1663 1385 1721 1434 εἷς

232 1453 366 1496 πολλοὶ
389 1454 463 1510 τὴν
485 1454 615 1511 ἀρχὴν
645 1447 733 1504 τοῖς
757 1456 872 1497 παισὶ
894 1456 1071 1498 διελοῢσι
1092 1453 1328 1508 στασιάζειν
1352 1454 1482 1498 πολὺν
1509 1454 1616 1512 πρὸς
1642 1453 1720 1496 ἀλ-

231 1520 383 1578 λήλους
411 1523 491 1580 ἤδη
514 1522 666 1581 χρόνον
691 1524 918 1581 γεγένηται·
958 1522 1014 1575 ὥς
1041 1526 1109 1568 καὶ
1140 1524 1192 1568 τὰ
1211 1529 1294 1568 τῶν
1314 1525 1559 1582 Αἷγυπτίων
1587 1521 1720 1582 ὗποῤ-

232 1590 315 1649 ῥεῖν
331 1595 398 1636 καὶ
411 1594 451 1643 ἐς
468 1593 515 1636 τὸ
539 1594 834 1652 ἀσθενέστερον
847 1594 1038 1638 ἐντεῦθεν
1059 1594 1120 1638 ἀεὶ
1140 1592 1463 1646 ξυνελαύνεσθαι
1476 1591 1716 1652 πράγματα.
1730 1603 1778 1640 20

233 1661 328 1721 (Δ.)
364 1665 452 1705 Ναὶ
471 1662 555 1719 μὴν
581 1665 649 1706 καὶ
682 1664 722 1707 οἷ
753 1666 843 1722 περὶ
869 1664 941 1707 τὸν
953 1663 1159 1708 Ἄτλαντα
1187 1665 1266 1708 τὸν]
1282 1663 1471 1722 ἑσπέριον
1489 1665 1654 1720 Λι’βυε’ς
1674 1681 1719 1707 τε

233 1734 300 1774 καὶ
318 1734 606 1790 Μαυρουσίων
628 1734 666 1777 οἷ
685 1735 863 1787 πλείους,
882 1734 1074 1789 Ἀννίβαν
1093 1735 1243 1778 ἐκεῖνον
1262 1735 1334 1779 τὸν
1354 1733 1483 1778 πάλαι
1504 1734 1579 1778 τὸν
1597 1737 1720 1791 Καρ-

195 1814 226 1848 Β
234 1800 426 1857 χηδόνιον
452 1801 728 1859 μιμησάμενοι
751 1804 852 1855 τέως
861 1837 875 1858 ,
915 1803 1069 1860 πλήθει
1088 1803 1279 1861 μεγάλων
1303 1803 1516 1865 δυνάμεων
1537 1804 1611 1847 τὸν
1631 1807 1672 1847 Γ
1670 1822 1723 1846 α-

234 1873 411 1928 δειραῖον
453 1871 808 1931 διαπεραιούμσνοι
839 1871 1048 1933 τράχηλον
1087 1882 1176 1926 τοῖς
1210 1875 1286 1931 μὲν
1323 1873 1530 1934 Εὐρώπην
1563 1876 1722 1918 οἰκοῦσι

323 1983 382 2019 20.
405 1981 468 2018 καὶ
492 1984 571 2021 add.
594 1984 696 2021 Boiv.

235 2085 334 2128 quem
346 2074 399 2128 ‘ab
418 2075 495 2120 ipso
513 2075 629 2122 ligone
645 2077 690 2112 ad
704 2077 811 2114 Ducis
831 2078 1035 2126 dignitatem
1054 2079 1190 2116 duobus
1207 2083 1290 2116 ante
1309 2080 1407 2116 annis
1426 2082 1626 2122 evexerant,
1639 2090 1722 2114 con-

235 2125 424 2174 spiratione
448 2122 541 2157 facta
568 2136 646 2158 mox
673 2125 831 2168 eiiciunt,
863 2128 1037 2162 nobilibus
1057 2127 1222 2164 videlicet
1247 2127 1283 2162 in
1306 2139 1383 2162 eum
1401 2127 1486 2162 clam
1503 2126 1682 2172 instigatis
1700 2138 1722 2161 a

236 2166 443 2221 §pluuia-et
465 2169 644 2212 Sertori03
669 2173 740 2217 qui,
759 2173 859 2207 Tuzo
881 2186 993 2209 rerum
1012 2175 1143 2220 potito,
1169 2174 1272 2209 eiecti
1298 2187 1341 2209 ex
1363 2175 1450 2209 urbe
1475 2186 1538 2220 per
1561 2184 1722 2208 summam

236 2215 634 2269 ignominiamfuerant,
666 2219 709 2252 ob
730 2231 804 2253 eam
830 2232 950 2267 nempe
977 2233 1137 2263 causam,
1164 2221 1245 2268 quia
1262 2222 1408 2268 populus
1431 2233 1546 2256 eorum
1570 2220 1725 2254 domina-

235 2264 530 2315 tuxffipervenlsse
556 2262 599 2317 ad
617 2275 774 2317 magnam
799 2268 987 2312 potentiam
1012 2274 1048 2302 et
1065 2268 1221 2314 publicas
1250 2280 1308 2303 res
1328 2268 1426 2302 nimis
1453 2268 1520 2302 iam
1542 2267 1723 2313 tyrannice
1777 2298 1780 2301 Δ

236 2306 281 2340 ab
298 2318 343 2340 ns
365 2306 593 2362 administram
613 2311 758 2346 videret.
805 2314 915 2348 Porro
942 2315 994 2349 ini
1016 2315 1086 2361 ipsi
1111 2315 1147 2349 in
1168 2316 1284 2350 urbem
1307 2326 1428 2350 rursus
1448 2313 1656 2355 intromissi,
1681 2325 1723 2348 ea

235 2352 318 2408 lege
334 2356 374 2387 ut
390 2353 575 2408 modestius
595 2368 633 2391 se
653 2363 833 2402 gererent,
857 2361 1095 2396 mediocritate
1117 2362 1208 2396 haud
1226 2362 1284 2397 diu
1300 2366 1454 2404 servata,
1478 2361 1523 2396 ad
1542 2360 1723 2407 pristinam

238 2403 353 2433 statim
380 2401 574 2446 superbiam
600 2414 762 2449 suumque
786 2405 879 2441 illum
909 2408 1127 2452 tyrannicum
1157 2409 1284 2443 fastum
1311 2420 1493 2443 recurrere
1519 2408 1723 2442 maluerunt.

236 2446 461 2502 Quapropter
478 2449 698 2502 conspirante
717 2450 754 2484 in
773 2464 832 2486 eos
853 2465 988 2488 rursum
1008 2455 1155 2500 populo,
1178 2456 1308 2489 maiore
1327 2467 1402 2491 cum
1424 2453 1612 2500 ignominia
1631 2465 1723 2490 nunc

235 2503 371 2546 quoque
380 2506 412 2547 ⁸e
431 2499 576 2529 civitate
597 2496 804 2541 exiguntur,
830 2506 1036 2546 creaturque
1053 2502 1134 2536 Dux
1162 2502 1271 2543 alter,
1296 2502 1468 2547 superiori
1488 2491 1627 2543 similis,
1659 2502 1723 2535 hu-

236 2539 306 2572 nnh
327 2545 365 2593 et
380 2552 456 2585 ipse
474 2540 550 2595 loco
569 2546 693 2584 natu83
719 2548 757 2577 ut
774 2544 804 2578 is
821 2545 1037 2581 domesticam
1056 2549 1197 2593 generis
1218 2548 1328 2582 labem
1349 2553 1384 2582 et
1400 2547 1565 2582 natalium
1583 2558 1723 2581 suorum

236 2585 466 2620 conditionem
493 2599 603 2622 animo
628 2595 795 2634 reputans
818 2592 902 2626 nihil
931 2594 1075 2638 cogitet,
1102 2595 1193 2641 quod
1217 2607 1283 2629 non
1310 2595 1545 2629 moderatione
1563 2600 1599 2629 et
1619 2593 1724 2628 animi

234 2633 494 2686 mansuetudine
515 2638 676 2680 tanquam
700 2637 923 2672 fundamento
946 2640 1090 2675 nitatur.
1136 2641 1240 2687 (ΙΙΙ.)
1264 2641 1351 2677 Item
1373 2652 1415 2675 ex
1440 2653 1508 2686 quo
1527 2640 1724 2687 Aegyptio-

217 2680 310 2732 'rum
335 2690 498 2734 princeps
531 2681 704 2724 decessit,
748 2683 824 2717 eius
852 2684 951 2720 liberi
978 2686 1158 2732 imperium
1187 2689 1226 2723 in
1246 2687 1351 2723 multa
1377 2687 1500 2733 partiti
1522 2687 1724 2733 iampridem

234 2728 327 2759 mter
346 2737 384 2780 se
404 2725 624 2781 discordant3
657 2737 767 2774 eoque
788 2730 850 2772 fit,
874 2736 913 2765 ut
935 2734 1179 2779 Aegyptiorum
1205 2746 1262 2770 res
1283 2734 1480 2769 dilabantur
1510 2741 1616 2780 atque
1643 2733 1726 2768 inde

234 2775 338 2805 ruant
351 2783 386 2806 in
404 2784 515 2818 peius.
562 2774 664 2819 (IV.)
689 2776 785 2817 Quin
804 2782 840 2812 et
859 2777 885 2810 ii
900 2777 1032 2823 Libyae
1050 2781 1190 2826 populi,
1212 2780 1273 2826 qui
1296 2781 1390 2816 circa
1409 2781 1586 2815 occiduum
1605 2781 1726 2815 Atlan-

234 2820 308 2873 “3¹¹³
325 2818 504 2875 habitant³
528 2822 564 2854 et
581 2821 739 2876 plerique
756 2822 976 2866 Maurorum,
999 2832 1150 2861 veterem
1170 2827 1264 2862 illum
1283 2827 1510 2862 Hannibalem
1536 2826 1725 2872 Carthagi-

235 2874 389 2900 mensem
411 2865 478 2901 hac
493 2877 530 2902 m
546 2878 587 2902 re
606 2873 751 2912 imitati,
776 2871 911 2917 magnis
931 2883 1008 2908 cum
1025 2873 1136 2920 copiis
1157 2874 1369 2911 Gaditanum
1391 2875 1516 2911 fretum
1532 2874 1725 2916 traiecere;
