1754 3164
217 147 351 195 1222
712 153 1197 202 ANNOTATIONES.

213 262 324 315 quit,
356 275 476 315 quam
507 273 725 314 procerum
751 260 878 302 fuerit
901 274 996 302 crus
1027 261 1251 306 Iustiniani.
1309 263 1364 305 At
1393 279 1467 305 nos
1498 280 1599 319 quae
1632 267 1754 308 fuerit

215 320 342 373 Gyllii
368 326 520 358 statura
557 318 677 358 hodie
704 319 953 370 ignoramus.
1012 321 1071 360 De
1100 322 1248 361 colossi
1272 322 1509 363 Iustinianei
1543 326 1753 376 mensuris,

213 391 316 430 quae
334 376 442 430 apud
467 377 686 429 Gregoram
715 383 755 415 et
780 377 961 430 Gyllium
988 385 1215 429 exstarent,
1247 381 1346 433 quid
1371 381 1450 420 sibi
1471 381 1676 422 videretur
1693 385 1754 422 in-

211 441 439 488 terrogatus
457 434 520 474 vir
537 435 677 474 aetatis
698 441 858 474 nostrae
877 436 1130 489 sculptorum
1152 438 1271 477 facile
1288 438 1496 492 princepS,
1517 439 1547 477 F
1549 441 1754 480 ranciscus

214 493 387 533 Girardo
407 492 680 543 Tricassinus‚
709 493 942 546 respondit,
975 494 1007 532 si
1032 508 1101 534 eae
1125 509 1245 534 verae
1266 503 1418 547 essent,
1448 497 1602 536 nullam
1623 499 1754 537 necin

211 552 375 592 homine
402 564 474 589 nec
505 551 550 590 in
579 565 682 604 equo
714 557 915 591 servatam
948 565 1033 591 esse
1068 553 1362 605 symmetriam,
1393 568 1464 594 seu
1484 555 1754 596 membrorum

210 608 531 664 proportionem.
589 609 743 661 Rogavi
764 623 814 648 ne
841 616 1081 661 gravaretur
1106 611 1340 651 sententiam
1369 626 1481 652 suam
1511 613 1665 665 scripto
1689 615 1754 653 de-

212 670 389 708 clarare:
421 681 571 720 cupere
590 668 710 706 etiam
731 665 817 706 dixi
840 681 926 717 me,
957 667 1043 706 dari
1070 667 1169 707 mihi
1192 668 1241 707 ab
1265 682 1311 707 eo
1333 684 1539 709 mensuras
1561 671 1754 723 equestris

213 734 368 766 statuae
397 724 439 763 in
469 726 602 780 platea
621 725 821 764 Ludovici
851 726 983 776 Magni
1012 726 1227 765 Parisiensi
1257 734 1434 777 erectae3
1470 728 1580 766 illius
1602 729 1754 768 scilicet

212 791 368 824 statuae
402 783 626 834 colosseae,
643 797 778 836 quam
804 783 978 822 Girardo
1001 783 1090 835 ipse
1112 784 1231 823 unica
1258 785 1361 823 aeris
1389 786 1529 825 fusura
1555 786 1754 839 duplicem

215 842 395 899 (homine
416 842 519 880 enim
543 847 583 881 et
606 856 710 894 equo
746 841 866 880 simul
897 841 1047 880 iunctis
1075 842 1248 881 solidum
1289 843 1547 882 simulacrum
1576 843 1754 898 constat)

214 900 408 953 singulari
437 906 524 938 arte
556 905 596 938 et
629 897 956 938 miro'successu
993 905 1085 938 ante
1128 900 1286 952 aliquot
1324 915 1448 939 annos
1486 901 1754 942 conflavisset.

212 959 286 998 Ille
310 972 391 996 non
413 957 534 996 huius
559 957 712 1006 solum,
744 957 814 995 sed
842 963 881 996 et
904 957 1073 995 aliarum
1097 965 1273 1009 quatuor
1290 958 1651 1011 pulcherrimarum
1674 974 1754 998 ma-

214 1016 444 1069 gnitudines
472 1014 572 1053 mihi
599 1029 670 1054 sua
696 1029 818 1053 manu
841 1014 1065 1067 descriptas
1084 1015 1212 1055 dedit.
1273 1016 1406 1055 Verba
1428 1016 1591 1056 artificis
1612 1016 1754 1056 summi

215 1074 430 1127 quominus
454 1079 650 1112 mutarem
670 1073 810 1124 religio
832 1072 930 1111 mihi
955 1073 1045 1111 suit.
1104 1073 1164 1111 En
1187 1072 1274 1125 ipsa
1300 1087 1351 1112 ex
1371 1073 1635 1128 autographO.
1677 1074 1754 1114 Les

214 1147 382 1172 mesures
402 1129 450 1170 de
470 1129 514 1170 la
534 1140 662 1169 statue
679 1139 848 1184 equestre
865 1128 913 1168 de
931 1128 1159 1182 l’empereur
1180 1129 1373 1170 Justinien
1397 1133 1507 1171 n'ont
1530 1130 1603 1170 nul
1621 1141 1754 1186 roport

216 1188 272 1230 les
293 1204 386 1227 unes
412 1203 508 1227 avec
539 1185 594 1226 Zes
623 1197 775 1238 autres,
821 1188 979 1226 suivant
1004 1186 1059 1226 les
1080 1189 1336 1241 proportions
1367 1187 1420 1227 du
1444 1204 1560 1243 corps
1585 1187 1754 1228 liumain.

215 1245 260 1286 ΙΖ
277 1262 322 1285 en
351 1255 405 1285 est
431 1243 478 1284 de
498 1259 640 1283 mesme
662 1243 709 1282 de
727 1260 798 1284 son
819 1241 966 1284 cheval.
1012 1243 1078 1283 La
1102 1246 1232 1298 figure
1251 1255 1423 1300 equestre
1451 1245 1505 1285 clu
1528 1259 1616 1298 roy,
1644 1244 1754 1298 posee

217 1303 320 1343 dans
340 1301 381 1342 Ζα
404 1301 523 1357 place
546 1301 593 1340 de
615 1301 744 1340 Lou‘z's
770 1299 806 1340 Ze
831 1300 992 1351 Gratul,
1024 1317 1049 1340 a
1068 1299 1117 1340 de
1139 1301 1304 1340 hauteur
1324 1303 1430 1343 XX.
1456 1301 1591 1357 pieds,
1623 1303 1754 1357 depuis

217 1360 261 1401 Ζα
290 1370 383 1400 teste
408 1362 571 1414 jusques
603 1374 694 1397 sous
730 1357 785 1398 Zes
819 1357 933 1413 piecls
962 1357 1016 1397 du
1052 1357 1199 1398 cheval.
1243 1358 1309 1398 La
1335 1361 1466 1413 figure
1497 1359 1550 1399 du
1575 1375 1643 1415 roy
1664 1376 1687 1398 α
1711 1358 1754 1399 de

214 1419 450 1474 proportion
469 1414 598 1456 XVI.
626 1415 759 1470 pieds‚
800 1418 835 1455 si
865 1414 939 1454 elle
965 1417 1078 1455 estoit
1099 1414 1253 1455 debout.
1297 1417 1367 1455 La
1387 1418 1516 1470 figure
1541 1416 1588 1456 de
1619 1417 1754 1471 fleury

217 1475 300 1515 IV.
321 1491 389 1514 sur
416 1473 452 1514 le
477 1477 579 1514 Pont
601 1472 713 1528 Neuf
739 1488 763 1511 α
787 1471 914 1512 XIV'.
933 1471 1048 1525 pieds
1071 1475 1168 1512 trois
1189 1472 1377 1527 poulces,
1411 1473 1546 1528 depuis
1567 1474 1602 1514 Ze
1626 1474 1754 1514 (lessus

219 1532 268 1572 de
286 1531 329 1572 Za
346 1542 440 1571 teste
451 1532 614 1586 jus-ques
635 1546 726 1570 sous
748 1528 803 1569 les
820 1528 933 1584 pieds
958 1529 1011 1569 du
1032 1528 1182 1570 cheval.
1225 1529 1313 1570 Elle
1342 1541 1398 1570 est
1416 1530 1582 1588 fondue
1600 1529 1754 1585 separe—

217 1599 324 1630 ment
346 1587 400 1629 clu
419 1587 566 1630 cheval.
622 1586 689 1628 Cet
710 1603 880 1642 ouvrage
904 1603 928 1626 α
950 1586 1008 1627 ἔίέ
1021 1587 1115 1644 fait
1140 1587 1165 1626 ἁ
1184 1587 1374 1629 Florence
1390 1605 1467 1643 par
1486 1588 1585 1628 Jean
1610 1588 1657 1628 de
1677 1588 1754 1628 Bo-

219 1647 348 1701 logne.
406 1647 469 1685 Le
492 1643 707 1701 pieclesial,
739 1656 774 1684 et
806 1662 866 1684 ses
900 1654 1117 1684 orne-menis
1145 1643 1193 1683 cle
1219 1645 1380 1697 bronze,
1421 1656 1490 1686 ont
1517 1645 1574 1686 e¹te'
1591 1646 1705 1702 faits
1731 1645 1754 1685 d

219 1706 355 1748 Paris.
412 1703 493 1744 Les
512 1701 684 1743 esclaves
715 1713 804 1742 sont
833 1701 881 1741 de
903 1701 1182 1756 Franqueville
1207 1701 1254 1741 de
1277 1701 1494 1758 Cambray,
1511 1702 1624 1760 faits
1644 1718 1754 1754 oussy

219 1764 248 1803 ἁ
264 1762 395 1803 Paris.
453 1761 521 1800 La
539 1762 669 1814 figure
694 1759 741 1799 de
761 1759 893 1800 Lou'z‘s
914 1758 1045 1800 XIII.
1070 1758 1172 1798 dans
1196 1758 1237 1799 la
1257 1759 1376 1815 place
1397 1759 1570 1815 Royalle
1587 1776 1612 1799 a
1627 1759 1754 1801 XIV*-

218 1818 332 1877 piecls
352 1836 406 1859 un
433 1817 598 1873 po'ulce,
627 1816 763 1872 depuis
784 1817 820 1858 Ze
846 1816 978 1857 dessus
999 1816 1046 1856 de
1074 1815 1116 1856 Za
1147 1827 1239 1856 ies-ie
1259 1820 1421 1874 jusques
1445 1833 1538 1858 sous
1565 1817 1621 1858 Zes
1645 1816 1754 1872 piecls

223 1879 277 1919 du
302 1875 451 1918 cheval.
509 1875 577 1915 La
588 1876 727 1930 figure
756 1874 811 1914 du
837 1890 904 1927 roy
930 1890 956 1914 α
978 1873 1057 1914 diae
1083 1873 1198 1928 pieds
1223 1877 1315 1929 cinq
1339 1875 1501 1929 poulces
1520 1874 1568 1915 cle
1592 1890 1754 1930 propor-

221 1939 331 1986 iion3
363 1945 443 1973 eta
469 1932 526 1974 ἒιέ
542 1933 672 1991 faitte
696 1932 722 1971 ἀ
739 1933 861 1973 Paris
886 1947 964 1986 par
989 1930 1122 1970 Biard
1153 1930 1346 1971 Parisien.
1403 1932 1465 1972 Le
1493 1932 1630 1972 cheval
1655 1948 1681 1971 a
1703 1930 1754 1972 ἔιέ

217 1995 305 2052 fait
331 1992 356 2031 ἆ
380 1990 511 2032 Rome
534 2006 612 2046 par
637 1988 788 2030 Daniel
813 1989 861 2028 de
891 1988 940 2027 V
934 1988 1084 2028 olterre.
1144 1988 1203 2027 Le
1229 1989 1355 2029 Marc
1385 1989 1538 2030 Aurele
1561 1990 1588 2029 ἀ
1615 1989 1754 2040 Rome,

208 2054 347 2108 figure
376 2051 555 2104 antique,
587 2063 612 2086 a
634 2046 763 2086 XIII.
788 2045 903 2101 pieds
931 2045 979 2085 de
1011 2045 1194 2096 hauteur,
1227 2048 1399 2101 compris
1425 2046 1462 2087 Ze
1494 2045 1640 2088 cheval.
1697 2047 1754 2087 Le

221 2105 418 2164 pieclestal
447 2116 503 2145 est
539 2105 587 2145 de
617 2103 770 2146 Michel
794 2104 926 2158 Ange.
987 2102 1054 2142 La
1069 2104 1206 2156 figure
1234 2114 1406 2158 equestre
1434 2103 1489 2144 du
1519 2119 1588 2156 roy
1611 2103 1754 2161 (fuine

222 2181 299 2221 par
320 2166 378 2205 M.
403 2158 651 2218 Girardon),
679 2159 794 2216 pose'e
818 2160 918 2201 dans
938 2159 974 2201 Ze
1002 2160 1199 2200 Chasteau
1222 2159 1270 2199 de
1294 2160 1477 2215 Bouflers
1497 2173 1542 2201 en
1563 2161 1754 2203 Beauvoi-

225 2224 301 2273 sis,
331 2237 357 2261 α
385 2219 463 2261 dix
489 2219 602 2275 pieds
627 2218 675 2259 de
706 2218 893 2270 hauteur,
925 2218 1060 2270 depuis
1089 2216 1125 2256 Ze
1152 2217 1286 2257 :lessus
1316 2217 1364 2257 de
1389 2217 1572 2265 Za⁴1este,
1597 2222 1754 2274 jusques

225 2295 319 2321 sous
340 2277 396 2318 les
424 2277 537 2332 pieds
559 2276 613 2317 du
642 2274 793 2318 ckeval.
852 2276 920 2316 La
932 2278 1071 2332 figure
1095 2273 1150 2314 du
1174 2290 1242 2328 roy
1271 2277 1411 2326 auroit,
1437 2275 1523 2315 huit
1546 2275 1680 2329 pictis,
1722 2275 1754 2315 si

226 2336 301 2377 elle
328 2337 440 2375 estoit
476 2334 631 2377 debeat.
689 2334 797 2373 Haec
830 2334 1025 2384 Girardo‚
1066 2333 1181 2372 cuius
1210 2333 1410 2372 colossum
1448 2334 1623 2385 regium,
1666 2348 1754 2374 cum

225 2394 468 2434 Iustinianeo
494 2392 778 2432 conferendum
792 2423 803 2444 ,
834 2398 874 2431 et
897 2391 960 2431 his
980 2405 1078 2444 quas
1099 2391 1239 2429 damus
1258 2390 1365 2429 notis
1390 2397 1623 2430 ornamento
1645 2392 1754 2431 futu-

226 2466 342 2502 rum,
374 2450 512 2504 optavi
540 2450 755 2502 aliquando
782 2450 866 2490 aeri
887 2449 1060 2489 incisum
1087 2447 1253 2487 habere:
1286 2448 1432 2487 deinde
1462 2449 1674 2487 eonsilium
1701 2449 1754 2488 il·-

225 2510 299 2549 lud
320 2508 469 2558 abieci,
500 2521 544 2547 ea
560 2510 794 2560 praesertim
816 2508 992 2558 ratione,
1024 2506 1134 2559 quod
1155 2519 1291 2545 rerum
1311 2505 1663 2546 dissimillimarum
1685 2506 1754 2546 vix'

227 2568 311 2607 ulla
329 2572 465 2620 posset
484 2565 638 2604 institui
664 2566 926 2618 comparatio.
982 2577 1139 2604 Botvm.

343 2627 442 2678 Pag.
471 2626 580 2675 277,
612 2626 679 2666 17.
719 2619 783 2672 Ἐς
804 2621 846 2664 δὲ
864 2618 1030 2664 τούπιὸν
1054 2619 1163 2673 ἔτος]
1194 2618 1311 2659 Anno
1344 2623 1466 2664 1318.
1523 2634 1698 2662 vuemo.

344 2685 441 2735 Pag.
472 2683 577 2731 277,
609 2683 675 2723 18.
723 2677 912 2734 Εἰρήνην
944 2676 1020 2734 τήν
1045 2679 1086 2729 ἐξ
1114 2674 1370 2731 Ἀλαμανῶν]
1410 2677 1533 2717 Ducis
1555 2678 1754 2718 Brunsui-'

230 2738 360 2779 censis
380 2739 514 2780 filiam.
546 2738 648 2778 Vide
671 2744 835 2777 stemma
856 2737 1080 2788 Palaeolog.
1101 2749 1141 2789 p.
1160 2738 1257 2778 238.
1312 2749 1490 2775 numne.

346 2800 446 2851 Pag·
475 2799 583 2847 277,
601 2799 682 2840 21.
737 2790 919 2846 Ἐδέξατο
947 2794 1065 2849 βίου]
1106 2792 1210 2834 Vide
1240 2792 1348 2833 infra
1375 2792 1449 2834 lib.
1475 2793 1582 2834 VIII.
1613 2807 1699 2848 cap.
1722 2792 1754 2834 Ι.

231 2861 329 2895 sect.
351 2857 393 2897 3.
450 2867 605 2894 nowm.
