1754 3164
528 130 1535 183 ANNOTATIONES1219

0 242 169 296 ἑφεξῆς,
204 239 321 297 αχρις
344 240 462 285 ἐννέα
489 239 727 294 διήκουσαι·
760 240 868 296 πλην
888 239 966 285 ου’κ
992 241 1034 293 ἐξ
1055 241 1148 284 ἴσου
1167 239 1244 297 τὴν
1261 242 1539 312 ἐποικοδομῆν

0 300 161 372 ἔχουσαι
197 304 346 352 πᾶσαι,
392 296 482 342 αλλ’
508 300 575 342 ἐπὶ
602 317 647 343 το
683 297 931 354 πλατύτερον
968 296 1249 355 ἀνοιγόμεναι,
1297 298 1421 357 βάσιν
1448 299 1540 345 οἷον

0 354 167 427 εὗρεῖαν
188 360 246 414 τῷ
267 357 504 430 ἐπικειμένῳ
529 358 797 428 παρέχουσαι·
841 374 886 400 το
910 354 952 400 δ’
978 358 1086 400 ἐστὶν
1116 358 1183 400 ἐπὶ
1210 362 1298 408 ταῖς
1320 359 1438 402 ἐννέα
1467 357 1538 411 ζω-

0 431 90 464 ναις
125 412 170 457 τὸ
209 400 399 464 δέκατον,
438 432 495 465 ως
532 413 584 457 ἂν
623 415 693 457 καὶ
726 431 847 457 τουτο
884 415 1004 471 μέρος
1043 413 1099 470 μή
1138 421 1315 485 στεροῖτο
1348 421 1424 472 τῆς
1459 421 1538 460 τοῦ

0 468 185 544 ἄριθμοῦ
221 469 475 540 τελειότητος.
529 489 574 515 το
607 471 652 516 δὲ
681 476 814 527 σχῆμα
851 476 926 527 τῆς
961 474 1085 515 λίθου
1123 470 1397 529 τετράγωνον,
1436 471 1538 519 ἄλλα

0 546 99 574 κατα
126 527 176 571 τοὶ
204 529 308 583 μέσα
335 526 576 582 συνιζανον,
626 547 683 580 ως
712 528 802 573 οἷον
829 546 902 580 τας
929 528 1117 603 γραμμάς
1145 535 1344 584 κλᾶσθαι,
1381 532 1453 575 καὶ
1482 535 1540 576 λί-

0 592 95 637 θοις
124 589 397 641 σημειοῦσθαι
424 604 498 637 τας
525 584 701 639 κλασεις,
733 588 803 630 καὶ
831 605 943 657 παρα
970 605 1142 638 τουτους
1169 588 1240 630 καὶ
1269 586 1423 661 μόνους
1450 594 1540 645 χαλ-

0 648 61 703 293
86 642 131 687 τὸ
156 647 241 686 πᾶν
268 648 343 686 τοῦ
371 646 495 687 λίθου
523 642 802 688 καλύπτεσθαι
830 642 1035 702 γύρωθεν.
1093 647 1288 689 ἐντεῦθεν
1316 643 1444 698 αυθις
1471 661 1539 690 συ-

0 687 169 748 στέλλων
195 701 220 744 o‘
244 703 424 756 τεχνίτης
450 700 496 744 τδ
517 700 803 775 οἰκοδόμημα,
845 705 989 773 τίθησι
1023 705 1147 746 λίθον
1182 703 1336 759 παχΰν,
1373 705 1444 747 καὶ
1472 702 1539 748 ἐπ’

0 756 111 817 αυτῷ
142 759 301 828 ἕτερον,
339 758 443 830 πρός
474 756 600 803 αὐτὸν
630 759 704 815 μὲν
732 758 1043 814 ἐλαττούμενον,
1085 760 1233 814 ἱκανην
1256 762 1308 805 ’δὲ
1333 759 1456 835 βασιν
1481 780 1538 821 τῳ

0 803 111 887 ἵππξο
141 814 315 859 διδόντα.
357 814 408 859 ου’
445 815 572 872 μόνον
600 834 677 872 γαρ
708 819 789 860 ἔδει
821 816 998 868 πλατους
1025 823 1084 876 τῷ
1105 816 1273 888 στύλῳ,
1307 818 1538 893 ασφαλείας

0 871 119 945 χάριν
146 878 226 917 τῶν
257 874 543 947 ἐπικειμένων,
575 873 665 917 ἄλλ’
691 876 889 932 ἑτέρωθεν
910 876 980 918 καὶ
1002 862 1257 949 στενότητος,
1286 877 1342 928 οἷς
1363 876 1417 920 ἂν
1435 895 1538 920 παν-

0 930 174 986 ταχόθεν
208 928 402 987 αρίδηλον
430 927 461 990 ᾗ
487 949 532 975 το
560 933 815 988 ἐπικείμενον
852 932 1161 1004 τέχνασμα.το
1191 933 1255 987 δὲ,
1293 937 1419 986 ιππος
1455 936 1539 978 ε’στὶ

0 993 196 1046 χαλκοῦς,
231 994 481 1061 θαυμαστῶς
509 1007 582 1033 του
615 989 823 1065 σχήματος
844 992 968 1046 ε’χων,
1005 991 1075 1034 καὶ
1102 988 1248 1044 ἥκιστα
1275 997 1539 1049 παρορᾶσθαι

0 1052 83 1098 τοῖς
110 1051 340 1118 παριοῦσιν
358 1046 491 1098 ἄξιος,
534 1049 571 1090 εἰ
596 1049 666 1090 καὶ
694 1045 888 1099 πολλακις
915 1066 976 1098 τις
998 1053 1072 1104 τῆς
1099 1047 1252 1104 ἡμέρας
1280 1051 1406 1092 ἐκεῖσε
1435 1051 1539 1106 διέρ-

0 1121 120 1160 χοιτο.
153 1105 284 1154 εἴποις
312 1121 365 1147 αν
395 1102 516 1148 αὐτὸν
545 1106 720 1160 βλέπων,
748 1105 854 1176 πρδς
882 1105 1036 1160 α’νεμον
1063 1107 1216 1162 τρέχειν
1244 1107 1441 1161 ὁρμῶντα,
1469 1108 1540 1150 καὶ

0 1166 73 1216 τῆς
101 1161 204 1218 πρός
231 1159 434 1217 ἀνατολὴν
466 1160 690 1206 απτεσθαι·
722 1161 851 1214 οὕτως
882 1162 982 1236 ἄρα
988 1162 1035 1206 vo*
1062 1168 1135 1218 τῆς
1160 1170 1341 1219 κεφαλῆς
1369 1163 1539 1220 ἐσχημα-

0 1233 145 1271 τισται,
178 1237 235 1269 ως
260 1219 616 1275 ἆνασεσοβημένην
645 1218 772 1275 εἶναι,
805 1222 875 1264 καὶ
902 1238 1008 1295 προς
1035 1223 1191 1276 βορῤἆν
1221 1221 1368 1278 μικρόν
1395 1240 1540 1294 παρεγ-

0 1279 239 1320 κλίνουσαν·
270 1276 401 1328 οὕτως
430 1279 477 1319 αἱ
501 1283 634 1332 χαῖται
661 1279 731 1321 καὶ
760 1276 854 1322 όσαι
883 1282 1013 1334 τρίχες
1039 1284 1092 1337 τῇ
1119 1284 1279 1351 κεφαλῇ
1307 1279 1538 1335 ἐμπεφύκα-

0 1348 66 1387 σι,
103 1339 309 1390 φυγοῦσαι
335 1352 381 1378 το
413 1334 603 1388 εὔθετον,
645 1338 929 1408 διεγείρονται,
967 1337 1036 1378 καὶ
1065 1335 1169 1391 πρὸς
1197 1336 1348 1391 α’νεμον
1376 1341 1539 1388 παίζου-

0 1405 78 1436 σιν.
115 1394 153 1435 εἰ
180 1392 224 1435 δέ
251 1409 334 1436 που
363 1392 442 1436 συν
469 1390 595 1463 ταύτῃ
624 1394 694 1435 καὶ
722 1393 766 1436 τὸ
796 1392 1027 1468 αριστερὸν,1
1031 1398 1113 1436 τῶν
1142 1395 1406 1450 ἐμπροσθίων
1435 1397 1539 1445 ἴδοις

0 1453 161 1502 ποδων,
189 1455 279 1500 πῶς
311 1467 414 1493 κατα
451 1448 563 1522 γόνυ
583 1455 827 1507 κυρτοῦται,
873 1452 942 1493 καὶ
970 1468 1052 1493 των
1081 1450 1214 1494 αλλων
1244 1453 1538 1508 ἐρηρεισμένων

0 1509 60 1558 εἰς
87 1511 167 1563 γῆν
196 1505 314 1558 αυτὸς
343 1505 468 1562 μόνος
498 1505 696 1565 η’ωρηται,
727 1510 857 1558 εἴποις
878 1526 931 1551 αν
950 1514 1155 1551 κινεῖσθαι
1184 1507 1235 1563 δη
1257 1511 1328 1552 καὶ
1355 1527 1405 1552 τα
1429 1510 1539 1564 αψυ-

0 1582 62 1635 χα.
108 1566 145 1607 εἰ
173 1564 218 1607 δε
247 1567 314 1608 καὶ
342 1563 507 1619 χαλινον
536 1566 679 1635 ἔφερεν
709 1566 776 1608 ἐπὶ
811 1563 1028 1620 στόματος,
1069 1583 1123 1616 ως
1154 1567 1256 1620 ε’χειν
1287 1566 1461 1619 εἰκάζειν
1489 1565 1533 1610 vd

0 1620 128 1666 παλαι
162 1637 236 1664 τον
263 1619 414 1692 ὄρθως
450 1620 751 1678 σκοπούμενον,
780 1621 958 1679 θατερον
994 1623 1214 1666 ὖπονοοῖτο
1244 1626 1383 1673 δυοῖν,
1424 1623 1454 1679 ἢ
1481 1622 1538 1681 τῷ

0 1682 146 1737 ῥυτῆρι
176 1677 425 1749 ἀγχόμενον,
454 1683 660 1733 κροαίνειν
689 1681 733 1723 ἐκ
761 1683 854 1736 βίας
880 1685 938 1738 τῷ
964 1682 1226 1753 ἐμπροσθίῳ,
1259 1699 1286 1736 η
1318 1699 1402 1736 μην
1431 1667 1535 1725 οἷνιέ-

0 1754 149 1794 μενον,
180 1735 310 1787 οὕτως
333 1736 589 1792 ἐπιταχύνειν
611 1755 662 1780 τα
690 1742 763 1792 τῆς
791 1741 979 1810 πορείας,
1010 1755 1065 1788 ως
1094 1736 1151 1792 μή
1180 1737 1362 1792 φθάνειν
1390 1744 1536 1783 τοῦτον

0 1799 76 1850 τῆς
93 1799 180 1866 γῆς
209 1793 432 1847 απτεσθαι,
473 1796 544 1838 καὶ
579 1793 845 1864 προφθανειν
880 1812 954 1838 τον
990 1795 1177 1838 ὄπισθεν.
1225 1813 1353 1846 ουτως
1384 1796 1463 1869 ἄρα
1491 1799 1536 1840 ἐκ

0 1851 231 1907 πνεύματός
259 1869 369 1903 τινος
397 1854 608 1909 ἐγκαρδίου
639 1850 821 1908 ἐμφύτου
849 1851 953 1909 πρδς
980 1870 1056 1907 την
1086 1851 1219 1925 ὁρμήν
1248 1854 1317 1896 καὶ
1347 1870 1396 1896 τα
1428 1855 1536 1924 στέρ-

0 1927 56 1953 να
82 1914 139 1968 τῷ
167 1908 254 1968 ζώω
285 1907 548 1981 εὕρύνονται,
588 1928 644 1961 ως
670 1912 963 1982 ἐπισημαίνειν
978 1911 1046 1952 καὶ
1074 1928 1123 1952 τα
1153 1908 1364 1980 οἰδήματα.
1406 1910 1535 1962 οὕτως

0 1953 238 2040 ἄκμαζουσα
265 1986 292 2022 η
324 1965 427 2025 013ρᾶ
458 1967 655 2021 ὄπισθεν,
688 1966 738 2011 ου’
767 1986 869 2011 κατα
891 1965 1045 2024 τρόπον
1074 1970 1144 2021 (an
1164 1965 1335 2022 τόπονῖ)
1357 1970 1533 2023 κειμένη,

2 2022 98 2068 ἄλλ’
127 2023 218 2068 οἷον
247 2023 545 2100 ανεγηγερμένη
572 2025 620 2069 το“
647 2043 823 2098 πρωτον,
853 2024 937 2069 εἶτα
965 2026 1188 2095 καθιεμένη
1209 2043 1320 2081 παρα
1349 2025 1475 2076 πόδας
1495 2027 1536 2076 ἐς

0 2087 93 2141 γῆν.
123 2100 197 2138 ορα
226 2083 270 2126 δὲ
297 2101 367 2126 και
394 2085 467 2127 τὸν
496 2082 693 2139 ἐπιβάτην
723 2082 862 2136 εὐθυς,
895 2081 1063 2127 ἱππότου
1085 2083 1296 2138 δρομέως’
1283 2085 1421 2138 ε’χοντα
1445 2082 1536 2138 σχή-

0 2158 131 2197 ματα,
160 2142 231 2183 καὶ
258 2140 355 2192 τούς
381 2140 514 2190 πόδας
542 2159 654 2213 παρα
669 2140 862 2212 πλευραν
889 2141 1080 2213 ἑκατέραν
1108 2141 1301 2195 διέχοντα.
1351 2143 1388 2183 εἰ
1419 2142 1464 2183 δέ
1491 2158 1535 2196 γε

0 2199 72 2241 καὶ
91 2197 270 2254 ἐμβάδας
287 2202 458 2269 φοροίη,
480 2196 571 2240 αλλ’
591 2196 810 2249 εἰκασαις
792 2198 845 2242 οἶν
865 2196 994 2242 αὐτόν
1009 2198 1346 2269 ἐπιγαννυμένῳ
1343 2203 1401 2255 τῷ
1422 2200 1534 2267 ’ἵππῳ

1 2256 72 2299 καὶ
88 2257 372 2325 κυδρουμένω,
398 2255 463 2300 ὅτι
478 2257 548 2298 καὶ
574 2258 665 2311 δίχα
684 2257 852 2313 κέντρου
873 2257 943 2299 καὶ
965 2253 1134 2327 μύωπος
1152 2258 1303 2306 ίκανως
1321 2253 1471 2298 ανυστα
1494 2242 1538 2296 όῑ

1 2312 52 2356 τοὶ
68 2318 143 2357 τοῦ
160 2311 313 2386 δρόμου
341 2315 412 2356 καὶ
438 2318 511 2369 τῆς
539 2314 784 2386 προθέσεως.
812 2314 882 2356 καὶ
911 2312 1041 2364 οὕτως
1069 2310 1324 2368 ἀτημελήτως
1345 2315 1387 2355 οἱ
1412 2309 1534 2360 πόδες

3 2371 184 2426 ἔχουσιν,
207 2371 309 2414 ω’στε
336 2374 473 2415 δοκεῖν
502 2369 650 2421 αὐτους
669 2369 749 2425 ’ὕφ’
766 2372 902 2414 αὑτῶν
930 2377 1179 2428 κρατεῖσθαι,
1210 2375 1285 2413 τοῦ
1313 2371 1534 2440 καρδιακοῦ

0 2428 250 2498 ἐξημμένους
286 2427 526 2499 κινήματος,
565 2428 696 2502 μηδὲν
730 2429 1022 2484 συνεχομένους
1050 2430 1092 2480 ἐξ
1117 2430 1347 2497 ἐφεστρίδος
1371 2443 1470 2467 κατα
1485 2441 1530 2467 το

3 2483 199 2557 σύνηθες.
210 2484 485 2557 ἐπικαθηται
522 2504 598 2543 γαρ
636 2503 693 2529 τω
732 2488 845 2529 ιππω
882 2488 1076 2542 θαρρων,
1123 2483 1295 2538 ἱππότης
1331 2481 1532 2533 νεανικδς,

3 2540 96 2593 ολος
125 2558 357 2617 μεταρσιος,
397 2545 466 2586 καὶ
501 2543 641 2594 ἔοικως
677 2561 837 2615 μακραν
875 2544 1081 2599 βλέποντι·
1127 2559 1230 2597 ανηρ
1272 2537 1322 2583 ου’
1350 2536 1533 2595 τριχώσει

3 2603 126 2655 φίλος
152 2600 202 2643 τοὶ
230 2618 331 2656 προς
361 2599 550 2657 ὑπήνην·
581 2619 654 2652 τας
682 2598 727 2643 δ’
757 2599 839 2644 ἀπὸ
864 2605 1047 2672 κεφαλῆς
1073 2602 1209 2669 τρίχας
1237 2595 1533 2651 οἷπεθρισμένος

5 2656 80 2728 μὲν
108 2675 158 2700 τα
187 2658 228 2708 ἐς
256 2659 462 2713 μέτωπον·
491 2677 541 2702 τα
571 2657 613 2702 δ’
643 2657 839 2710 ὄπισθεν,
871 2656 967 2701 οὐδὲ
995 2659 1107 2729 μέχρι
1135 2654 1310 2710 αὐχένος,
1338 2653 1435 2696 οσον
1463 2652 1534 2694 καὶ

6 2711 126 2758 αυτὸν
155 2715 333 2771 δρασθαι
366 2733 498 2772 κουρα
528 2718 737 2786 χαίροντα.
777 2713 868 2759 οἷον
897 2715 942 2759 δὲ
968 2716 1039 2758 καὶ
1066 2713 1110 2757 τὸ
1136 2714 1201 2756 ἐπὶ
1228 2715 1408 2764 κεφαλῆς
1435 2727 1532 2782 κρα.

4 2788 99 2824 νος,
130 2789 186 2822 ως
203 2771 343 2842 μηδὲν
370 2771 675 2826 ἐπικαλύπτειν,
704 2774 774 2816 καὶ
795 2771 869 2816 τόν
897 2777 1105 2843 φοροῦντα
1132 2774 1308 2837 κοσμεῖν.
1335 2765 1431 2811 οὐδὲ
1455 2783 1532 2818 γαρ

3 2827 107 2872 κατα
133 2826 285 2882 πλατος
313 2831 526 2876 ἐπίκειται·
558 2828 654 2875 οὐδέ
683 2847 729 2888 γε
755 2829 858 2874 κατα
884 2828 1036 2874 κύκλον
1064 2823 1406 2883 ἀποτετόρνευται·
1441 2820 1531 2868 ἄλλ’
