1754 3164
198 85 330 132 1294
754 88 1230 133 ANNOTATIONES.

198 196 371 270 σοφίαν,
411 193 516 251 υπὲρ
554 192 650 244 τους
688 191 787 244 σούς
825 191 989 266 δηλαδὴ
1017 191 1322 263 μυσταγωγοὺς,
1375 193 1648 265 Δημοσθένην
1688 209 1729 236 τε

197 255 268 297 καὶ
292 251 581 324 Ἀριστείδην,
582 252 650 294 καὶ
679 269 750 294 τον
780 249 880 306 παρ’
910 251 1009 322 υμῖν
1038 249 1346 323 θρυλλούμενον
1376 249 1598 294 Πλάτωνα
1630 253 1731 294 ἕπει-

201 310 254 366 δη
282 309 449 359 τούτους
486 306 608 360 αυτὸς
646 309 904 379 παρατρέχεις
940 305 995 350 δι’
1026 306 1213 351 ἑκούσιον
1253 307 1448 382 ὄῖγνοιαγ·
1484 310 1555 351 καὶ
1584 310 1734 363 ε’μαθες

202 367 278 419 ὂῖν,
320 385 374 417 ως
415 384 490 410 ουκ
530 364 612 410 ἀπὸ
652 364 863 420 σκαπάνης
894 366 964 408 καὶ
1001 368 1212 420 λατομίας,
1255 363 1351 409 οὐδ’
1381 364 1465 410 ἄπο
1498 363 1639 420 κώπης
1669 367 1736 408 ἐπὶ

204 429 334 481 βῆμα,
375 424 478 466 κατὰ
513 423 585 474 τοὶς
623 423 696 475 σας
734 424 1017 496 λογογραφίας
1033 421 1062 476 ἢ
1091 426 1315 479 λοιδορίας,
1356 421 1442 466 αλλ’
1481 421 1561 466 απὸ
1589 426 1738 477 σοφίας

205 484 271 528 ἐπὶ
301 483 453 535 σοφίαν
480 485 638 536 ηλθον,
666 486 740 537 τῆς
756 481 1114 554 καταργουμένης,
1156 498 1231 535 την
1258 480 1338 524 v‘w6
1365 486 1440 524 τοῦ
1467 483 1588 524 θείου
1613 478 1740 524 πνεύ-

206 556 329 597 ματος
357 539 678 612 ἐνεργουμένην,
721 537 796 597 τὴν
822 537 1007 593 πρώτην,
1049 537 1126 592 τήν
1155 538 1342 590 ἄνωθεν,
1371 556 1448 594 την
1475 556 1635 612 αγνην,
1664 555 1741 592 την

207 595 429 666 εἰρηνικην,
457 595 532 651 τήν
553 596 711 670 μεστην
740 597 874 646 ἐλέους
902 596 971 638 καὶ
999 600 1165 651 καρπῶν
1196 594 1364 651 ἀγαθῶν
1384 596 1484 638 κατα
1502 614 1598 646 τους
1621 595 1744 650 ἕμούς

207 652 455 710 θεολόγους,
498 655 568 696 καὶ
605 651 684 697 οἷπὸ
717 658 800 696 τῶν
835 650 1027 726 θυραθεν
1057 656 1254 708 μουσείων
1284 671 1326 696 τε
1351 655 1421 701 καὶ
1448 658 1520 695 τοῦ
1551 652 1744 708 βήματος,

210 713 277 758 ἐπὶ
309 729 383 766 την
414 711 527 768 ἱεραν
556 710 707 766 ταύτην
738 710 907 781 σχολὴν,
947 711 1016 753 καὶ
1043 709 1087 754 τό
1114 717 1233 754 θεῖον
1264 714 1395 781 βῆμα,
1425 712 1493 754 καὶ
1524 728 1572 753 τα
1606 711 1746 762 ἄδυτα,

210 771 282 814 καὶ
310 768 354 812 τὸ
381 770 480 824 μέγα
508 770 580 811 καὶ
608 769 909 825 υπερουρανιον
939 768 1067 819 ὅντως
1095 766 1402 846 θυσιαστήριον.
1438 773 1517 811 νῦν
1546 765 1584 811 δ’
1616 766 1750 823 ὀλίγος

215 825 354 877 αυτοῖς
386 831 468 870 τῶν
507 825 633 899 λόγων
669 831 742 881 τῆς
778 828 851 877 ἐξω
882 828 1029 879 σοφίας
1059 825 1080 869 ὅ
1107 824 1232 883 λόγος
1294 828 1404 869 ἰ’σασι
1431 827 1501 868 καὶ
1529 844 1605 900 γαρ
1636 824 1751 875 ὄντες

215 885 363 928 αλιέων
392 901 434 928 τε
463 884 532 927 καὶ
563 882 763 955 αγροίκων
792 885 994 939 μαθηταὶ,
1026 885 1190 926 ἐκείνων
1220 885 1326 953 φημὶ
1353 888 1434 927 τῶν
1461 883 1545 926 ὕπο
1575 886 1753 939 Χριστοῦ

216 947 288 998 τῆς
318 939 566 995 αὕτοσοφίας
594 940 765 997 πρώτων
793 942 1028 1011 κληθέντων
1060 943 1117 991 εἰς
1147 940 1391 992 αποστόλους
1421 949 1496 982 etc.
1530 956 1684 982 ΒοινιΝ.

334 1001 566 1054 Pag.885‚
601 1005 667 1044 10.
726 1001 785 1042 Αἱ
818 1016 1017 1066 τετταρων
1054 998 1142 1066 ἤδη
1173 1000 1274 1041 ἐτῶν
1312 1000 1563 1055 ἐπαγγελίαι]
1605 1001 1754 1052 Nempe

221 1059 543 1108 metacuzenus,
574 1059 709 1098 statim
731 1060 815 1098 fere
843 1065 963 1110 atque
985 1058 1145 1111 imperii
1164 1058 1258 1098 sede
1285 1061 1442 1112 potitus
1462 1065 1545 1110 est,
1573 1057 1754 1112 promisit

222 1130 265 1156 se
285 1122 522 1155 coacturum
546 1129 631 1156 esse
654 1116 847 1156 eiusmodi
873 1116 1095 1168 Synodum.
1153 1130 1308 1155 BOIVIN.

340 1176 436 1226 Pag.
468 1175 574 1223 889,
604 1178 674 1218 23.
738 1176 830 1215 Τῶν
870 1169 998 1214 πάλαι
1037 1173 1202 1226 σοφῶν]
1243 1173 1504 1213 Ecclesiastes
1542 1186 1632 1226 cap.
1664 1171 1754 1211 XII.

224 1243 267 1271 v·
293 1233 575 1341 Μὲαςῐῗωὸξέ,
606 1290 644 1330 9.
703 1282 916 1340 Ὠδίνησεν
939 1284 1128 1340 ἀδικίαν]
1160 1287 1305 1327 Psalm.
1329 1287 1418 1326 VII.
1443 1300 1482 1327 v.
1508 1289 1573 1332 15.
1607 1299 1754 1326 norvm.

340 1343 441 1398 Pag·
470 1347 574 1394 891,
604 1347 673 1387 23.
701 1343 808 1399 Ὀρῶ
821 1342 922 1385 κατοέ
942 1348 1104 1398 πλῆθος
1125 1341 1261 1393 ἰόντας
1280 1343 1380 1398 ’ἡμῖν
1401 1342 1552 1398 ἄνδρας
1572 1341 1754 1398 λογάδαςῖ

229 1402 289 1442 De
308 1402 455 1454 quibus
470 1403 590 1453 longe
612 1402 729 1441 aliter
745 1402 976 1455 patriarcha
997 1401 1231 1442 Philotheus
1250 1401 1471 1442 Antirrhet.
1492 1401 1524 1441 I.
1547 1402 1646 1441 Cod.
1667 1403 1751 1452 Reg

233 1462 358 1505 1996.
382 1460 450 1500 sol.
475 1459 541 1503 14.
595 1473 751 1499 BOIVIN.

307 1519 443 1570 Pag.
473 1519 570 1567 896,
599 1520 665 1561 21.
728 1519 820 1558 Τῶν
834 1516 1089 1571 Ναζιραίων]
1122 1514 1344 1556 Hominum
1364 1515 1532 1567 scilicet,
1556 1516 1626 1569 qui
1643 1525 1754 1555 auste

234 1574 377 1613 riorem
407 1575 510 1613 vitae
533 1572 787 1674 disciplinam
812 1574 984 1631 professi
1005 1584 1108 1614 sunt.
1165 1588 1320 1616 BOIVIN.

350 1632 453 1684 Pag.
483 1634 591 1683 897,
620 1635 663 1674 2.
718 1627 952 1686 ’Λναίμονες
972 1631 1042 1673 καὶ
1064 1627 1180 1673 αὐτοὶ
1200 1647 1238 1674 κ.
1257 1649 1291 1673 τ.
1315 1635 1350 1673 λ.
1361 1632 1378 1685 ]
1405 1631 1566 1672 Homer.
1588 1630 1703 1671 Iliad.
1723 1630 1754 1670 V

237 1687 333 1731 342·
372 1702 527 1730 1³01vm.

329 1745 454 1814 „Pag
484 1749 589 1796 901,
619 1749 687 1788 13.
747 1745 831 1786 Καὶ
850 1743 921 1795 οὓς
942 1747 985 1789 ἐν
1006 1750 1091 1795 τοῖς
1112 1743 1407 1799 ἄντιρρητικοΐς
1424 1760 1465 1787 τε
1487 1743 1556 1786 καὶ
1580 1748 1754 1797 στηλιτευ

239 1803 391 1856 τικοις]
421 1776 630 1843 Prioribus
663 1803 839 1853 scilieet,
876 1818 955 1843 non
987 1804 1291 1857 posterioribus.
1341 1803 1446 1843 Vide
1475 1803 1652 1842 Iudicem
1684 1817 1754 1856 ope

241 1874 332 1901 rum
361 1861 563 1912 Gregorae
588 1861 926 1911 Dogmaticorum.
985 1875 1141 1902 Belle.

356 1920 461 1971 1)αὲ.
491 1922 594 1968 901,
625 1922 690 1961 17.
734 1915 918 1967 Ὀδόντες
936 1915 1085 1973 χρόνου
1103 1913 1412 1971 παρατρῶγουσι
1431 1916 1534 1970 etc.]
1566 1918 1754 1968 Gregoraz

245 1989 327 2027 quo
356 1982 537 2028 tempore
565 1975 666 2015 haec
694 1975 914 2025 scribebat,
967 1975 1146 2014 nondum
1189 1976 1422 2028 expleverat
1454 1988 1599 2013 annum
1639 1976 1754 2014 aelati

246 2032 367 2073 LVII.
398 2033 602 2085 Siquidem
622 2032 724 2072 haec
753 2033 917 2085 scripsit
938 2047 1041 2072 anno
1064 2032 1155 2072 Chr.
1176 2032 1395 2071 MCCCLII.
1416 2039 1565 2072 aestate
1587 2034 1671 2071 fere
1703 2047 1754 2070 m<

248 2089 329 2138 dia,
350 2097 397 2129 ut
416 2103 538 2146 supra
551 2090 842 2131 annotavimus..
877 2090 1043 2132 Constat
1063 2097 1197 2132 autem
1211 2096 1350 2130 natum
1372 2103 1457 2129 esse
1475 2105 1537 2129 an.
1555 2090 1754 2129 MCCXCX

249 2160 406 2186 1301V1N.

321 2261 330 2269 ⁸
365 2203 402 2243 Ρ
403 2218 467 2257 ag
498 2208 603 2255 902,
635 2208 673 2248 6.
735 2202 942 2260 Κούρητές
970 2201 1010 2247 τ’
1035 2205 1246 2260 ἐπίκουροι
1278 2208 1378 2256 etc.]
1420 2204 1541 2259 Apud
1567 2205 1754 2244 Homerun

252 2261 702 2371 1θὸήω.)Κούρητές’
661 2314 702 2360 τ’
728 2316 922 2373 ἔμαχοντο
950 2318 1020 2361 καὶ
1048 2319 1223 2361 Αἰτωλοὶ
1252 2334 1509 2388 μενεχαρμαι.

255 2376 357 2417 Item
383 2377 494 2428 apud.
522 2377 760 2427 Gregorium
787 2379 1103 2428 Nazianzenum‚
1135 2378 1264 2416 Carm.
1288 2376 1381 2430 περὶ
1403 2372 1601 2427 εὐτελείας
1622 2372 1754 2431 ανθρο

257 2434 381 2476 πίνου
401 2434 505 2486 βίου.
561 2447 714 2473 noxvm.

376 2492 473 2544 Pag.
505 2493 610 2540 902,
639 2493 706 2534 23.
764 2491 822 2533 Et
839 2488 938 2546 παρ’
960 2488 1061 2545 όλην
1082 2493 1232 2545 μικροῦ
1253 2488 1327 2543 τήν
1349 2490 1528 2544 ἱστορίαν
1560 2494 1658 2540 elc.]
1689 2491 1754 2530 Hi1

260 2550 389 2588 lector
416 2548 618 2598 aestimet)
648 2555 794 2600 quanta
830 2549 1011 2588 habenda
1045 2549 1097 2588 sit
1119 2550 1319 2599 Gregorae
1345 2548 1443 2587 fides
1465 2549 1508 2586 in
1529 2548 1591 2600 iis,
1617 2562 1719 2601 quae
1745 2564 1754 2587 ‹

268 2607 546 2645 cantacuzeno
558 2619 631 2658 per
652 2619 806 2645 omnem
827 2607 1043 2646 Historiam
1063 2605 1310 2645 memoravit.
1351 2619 1507 2646 BOIVIN.

380 2665 475 2716 Peg.
504 2666 611 2713 903,
641 2667 680 2708 6.
743 2666 835 2704 Νῦν
863 2660 905 2704 δ’
930 2659 1264 2716 α’νακαλυπτήρια
1285 2690 1458 2705 ......
1476 2659 1624 2716 θύειν]
1657 2663 1701 2702 Id
1723 2677 1754 2704 e:

267 2734 419 2760 arcana
436 2719 616 2759 revelare.
650 2720 750 2760 Vide
770 2727 956 2760 annotata
977 2722 1025 2761 ad
1046 2735 1136 2774 pag.
1159 2720 1255 2762 416.
1278 2721 1325 2764 D.
1372 2733 1528 2762 BOIVIN.

386 2780 480 2830 Pag·
510 2779 615 2829 905,
645 2781 686 2820 ὃ.
747 2782 866 2829 Δεῖν]
904 2780 980 2820 Pro
1011 2781 1082 2821 δεῖ.
1123 2791 1280 2819 ΒΟΝΙΝ.
