1794 3172
229 116 330 163 782
635 119 951 166 NICEPHORI
981 119 1308 166 GREGORAE

8 242 45 275 A.
60 241 104 274 Μ.
127 230 392 290 6855ἥμερῶν
418 232 463 276 οἷ’
479 235 554 276 τοῦ
577 227 768 278 θανάτου
789 226 916 287 φόβοι
947 233 1189 281 κυκλοῦντες
1216 232 1284 274 καὶ
1316 230 1361 275 τὸ
1383 236 1458 289 τῆς
1477 237 1618 289 ’ψυχῆς
1637 251 1715 277 τα-

54 289 122 321 lnd.
138 288 181 323 15

230 300 449 360 ράττοντες
468 299 736 358 λογιζόμενον.
773 298 821 342 τὸ
850 298 927 355 γὰρ
946 303 1022 341 τοῦ
1043 303 1149 342 θεοῦ
1173 298 1454 359 μακρόθυμον
1483 303 1634 358 ἐπεῖχεν
1655 303 1714 346 ἔτι

229 372 282 415 τὰ
306 376 381 427 τῆς
399 372 634 420 τελευταίας
661 369 785 426 ὀργῆς
804 369 905 424 βέλη
938 370 1006 411 καὶ
1033 367 1104 411 τὸν
1139 373 1216 425 τῆς
1242 371 1435 427 γυναικὸς
1463 371 1712 424 ἀνεβάλλετο

186 440 431 498 Εἷίλεθρον,
463 440 570 495 πλὴν
593 438 692 482 ὅσον
721 438 798 495 τὴν
828 437 996 493 ἀπειλὴν
1032 439 1075 481 ἐν
1109 437 1312 491 τοιούτοις
1344 439 1648 499 ἇῤῥωστήμασί
1669 460 1713 486 τε

228 513 297 554 καὶ
328 508 565 567 πράγμασιν
593 508 792 565 ἀμυδρῶς
821 505 1072 564 ἐζωγράφει,
1111 511 1380 565 μεταμελείας
1399 510 1542 568 καιρὸν
1560 523 1742 566 μαινο-5

225 580 327 637 μένῃ
354 583 471 636 ψυχῇ
500 576 792 636 παρεχόμενον.
829 578 912 620 ἐπεὶ
939 575 1028 633 δὲῆ
1053 576 1228 636 τετάρτη
1256 578 1388 640 ῥᾴονά
1420 597 1463 624 τε
1498 579 1716 638 ἐπεπράχει

226 651 293 692 καὶ
328 647 542 706 ὑπερσχεῖν
571 645 875 704 παρεσκεύασε,
922 646 1020 697 τούς
1059 649 1284 706 προτέρους
1324 645 1451 701 αὖθις
1481 649 1714 695 ἀνεκαλεῖτο

228 718 333 761 κατὰ
364 722 438 761 τοῦ
461 715 717 774 πατριάρχου
743 714 943 773 τρόπους,
978 718 1046 759 καὶ
1076 719 1118 768 ἐς
1139 718 1192 760 τὰ
1216 715 1398 777 πρότερα
1427 718 1715 777 ἐπαλινδρόμει

226 785 507 843 βουλεύματα.
542 785 588 837 (ἐξ
603 787 760 842 μεταξὺ
780 783 1072 844 παρερῤύησαν
1092 785 1240 845 ἡμέραι
1253 822 1266 841 ,
1303 791 1372 831 καὶ
1392 788 1469 846 τὴν
1490 787 1715 848 ὖστεραιάν

186 853 355 908 Εαῦθις
397 855 619 914 ὅρισαμένη
663 856 761 907 τοὺς
795 854 1040 907 ἐπισκόπους
1077 857 1141 899 ἐπὶ
1174 865 1261 908 τοῖς
1300 856 1458 914 ὃμοιόις
1495 859 1712 909 ἐπέταττεν
1725 868 1772 905 10

228 922 356 977 αὖθις
383 926 672 984 ἀθροίζεσθαι.
728 924 815 985 (Ε.)
842 924 959 983 ’Άρτι
991 927 1038 970 δὲ
1070 931 1146 970 τοῦ
1174 925 1293 983 ἡλίου
1331 932 1406 984 τῆς
1433 932 1509 985 γῆς
1533 926 1715 986 ὑπερκύ-

226 1008 389 1051 ψαντος
399 1030 412 1050 ,
450 998 611 1054 σπουδῇ
637 994 818 1051 ταχύνας
838 989 934 1051 ἧκεν
953 995 1060 1054 αὐτῇ
1081 997 1306 1052 μοναδικόν
1323 1000 1391 1041 καὶ
1412 996 1582 1054 ἧσύχιον
1605 998 1714 1055 ἄγων

225 1068 320 1121 βίον
349 1066 478 1123 ἀνὴρ,
519 1059 552 1125 ᾧ
582 1063 762 1121 σύνηθες
791 1069 987 1123 φοιτῶντι
1018 1065 1264 1124 συχνότερον
1289 1066 1451 1111 ἀκούειν
1471 1068 1546 1118 τὰς
1563 1086 1715 1123 μυστι-

225 1135 302 1186 κὰς
325 1140 408 1179 τῶν
448 1139 654 1192 λογισμῶν
685 1133 963 1192 ἐξαγορεύσεις
1008 1135 1150 1192 αὐτῆς.
1198 1138 1267 1180 καὶ
1309 1138 1454 1181 δέλτον
1490 1138 1714 1196 ἐγχειρίζων

226 1203 358 1262 ἔλεγεν
383 1204 489 1262 αὐτῇ
499 1238 513 1258 ,
557 1204 638 1262 πρὸ
672 1210 756 1248 τῶν
788 1209 936 1262 θυρῶν
969 1203 1098 1264 εὗρεΐν
1126 1204 1374 1261 αὐτομάτως
1403 1205 1564 1259 ἐξιόντα
1585 1208 1712 1251 αὐτὸν
1724 1215 1770 1252 15

228 1273 540 1332 ὄρθριαίτερον,
572 1274 730 1331 ἀγνοῶν
754 1272 907 1325 ὅστιςὸ
931 1273 1060 1333 ῥίψας
1081 1275 1140 1332 εἷή
1153 1309 1167 1330 ,
1201 1278 1270 1319 καὶ
1303 1275 1400 1320 ὅτου
1423 1275 1560 1334 χάριν.
1597 1276 1651 1321 τά
1671 1295 1715 1334 γε

94 1343 309 1400 Ρ.492μὴν
338 1344 638 1401 ἐγγεγραμμένα
672 1343 748 1400 εἶχε
782 1346 1055 1401 πρῶτονμὲν
1087 1344 1236 1404 ὅρκους
1265 1344 1482 1404 φρικώδεις
1507 1346 1615 1390 κατὰ
1637 1352 1713 1390 τοῢ

225 1418 501 1469 πνευματικοῦ
523 1415 673 1457 ἐκείνου
706 1414 858 1472 ἀνδρὸς
889 1415 958 1457 καὶ
988 1412 1196 1459 κολάσεων
1225 1417 1367 1459 δεινῶν
1387 1416 1582 1470 ἀπειλὰς,
1618 1415 1714 1460 ὅσαι

227 1479 344 1541 ψυχῇ
363 1485 432 1526 καὶ
457 1481 618 1539 σώματι
646 1484 811 1541 μακρὰν
825 1485 1062 1543 ἐπιφέρουσι
1080 1487 1148 1527 καὶ
1170 1483 1385 1543 ἀφόρητον
1404 1485 1481 1542 τὴν
1509 1484 1714 1544 δριμύτη-

226 1570 305 1606 τα,
336 1554 370 1595 εἲ
387 1555 616 1609 βουληθείη
642 1553 711 1596 διὰ
730 1555 904 1608 δειλίαν,
943 1553 970 1610 ἢ
998 1554 1058 1598 δι’
1081 1553 1315 1611 οἶονδήτινα
1332 1553 1510 1613 τρόπον,
1547 1563 1710 1599 συστεΐ-
1722 1559 1770 1595 20

226 1625 294 1665 λαι
322 1623 390 1665 καὶ
416 1620 565 1678 ἥκιστα
595 1623 792 1680 ἐθελῆσαι
821 1626 966 1667 δοῦναι
1000 1628 1052 1682 τῇ
1071 1626 1254 1679 βασιλίδι
1285 1625 1360 1681 τὴν
1381 1626 1535 1669 δέλτον.
1573 1624 1714 1670 ἔπειτα

223 1690 395 1749 ἔστρεφε
425 1691 473 1735 τὸ
493 1696 569 1735 τοῦ
602 1690 726 1750 λόγου
759 1691 984 1751 πρόσωπον
1007 1695 1049 1744 ἐς
1067 1694 1143 1750 τὴν
1162 1696 1382 1750 βασιλίδα·
1419 1697 1487 1738 καὶ
1506 1690 1557 1751 ἧν
1578 1693 1605 1751 ἦ
1628 1700 1713 1739 τῶν

227 1761 452 1816 λεγομένων
474 1759 648 1816 δύναμις
670 1761 855 1819 τοιαύτη.
893 1765 967 1816 ,,εἷ
982 1763 1042 1819 μὴ
1057 1762 1198 1821 παύσῃ
1215 1764 1429 1821 μαχομένη
1444 1766 1510 1807 καὶ
1530 1763 1712 1820 πόλεμον

191 1831 443 1886 Βέγείρουσα
465 1831 571 1874 κατὰ
592 1835 676 1875 τῶν
697 1832 815 1889 ἱερῶν
834 1836 911 1888 τῆς
929 1833 1142 1889 ἐκκλησίας
1153 1832 1391 1890 δογμάτων,
1423 1834 1498 1877 οὐκ
1520 1833 1572 1877 ἂν
1590 1832 1712 1892 φθά-

228 1915 315 1949 νοις
339 1900 574 1957 φθείρουσα
605 1901 683 1957 τὴν
715 1901 793 1957 σὴν
823 1901 1048 1944 αὖθέντίαν
1085 1904 1153 1945 καὶ
1195 1902 1267 1945 τὸν
1296 1906 1370 1958 τῆς
1406 1904 1555 1953 οἰκείας
1587 1902 1768 1960 δόξης25

228 1985 550 2029 circumsteterunt,
574 1991 609 2022 et
626 1988 700 2022 eius
722 1987 883 2023 iudicium
905 1989 1162 2034 perturbarunt.
1209 1989 1346 2024 Etenim
1363 1990 1710 2035 perseverantissima

229 2031 297 2066 Dei
322 2032 503 2068 clementia
528 2034 711 2069 cohibebat
738 2034 849 2069 adhuc
868 2046 1047 2080 supremae
1073 2035 1148 2070 irae
1173 2036 1262 2077 tela,
1296 2041 1332 2071 et
1351 2036 1504 2071 mulieris
1523 2037 1711 2073 differebat

230 2078 392 2120 exitium3
416 2083 522 2125 atque
544 2081 586 2114 ad
610 2081 850 2126 poenitendum
873 2082 983 2115 animo
1008 2082 1138 2116 furenti
1169 2083 1316 2128 spatium
1343 2083 1548 2128 largita,his
1578 2088 1710 2119 tantum

227 2123 448 2164 incommodis
467 2130 502 2160 et
519 2126 780 2162 difficultatibus
799 2127 923 2162 leviter
948 2127 1172 2163 adumbrabat
1193 2141 1334 2175 poenam
1351 2136 1573 2165 reservatam.
1621 2131 1709 2166 Cum

230 2175 345 2206 autem
365 2177 509 2218 quartus
532 2172 606 2206 dies
631 2185 769 2219 aegram
795 2174 1028 2209 confirmasset
1051 2179 1086 2209 et
1105 2177 1296 2218 erexisset,
1322 2187 1416 2210 suum
1441 2176 1534 2211 illum
1560 2176 1709 2223 priorem

230 2217 377 2252 animum
396 2218 432 2259 in
455 2219 686 2265 patriarcham
710 2220 821 2254 denuo
847 2221 999 2266 recepit,
1022 2225 1058 2256 et
1078 2222 1122 2256 ad
1141 2222 1257 2268 priora
1276 2234 1394 2257 rursus
1422 2223 1566 2258 consilia
1591 2223 1708 2259 rediit.

229 2264 302 2298 Sex
322 2263 591 2300 intercesserant
609 2265 684 2301 dies
697 2291 707 2308 ,
730 2278 805 2301 cum
832 2267 1005 2312 episcopis
1033 2268 1157 2303 iterum
1179 2269 1305 2312 edicit,
1329 2274 1368 2303 ut
1388 2269 1509 2304 iisdem
1537 2270 1582 2304 de
1603 2271 1709 2305 rebus

230 2310 345 2352 ac‘turi
372 2311 542 2357 postridie
567 2312 783 2347 conveniant.
831 2313 914 2357 (V.)
939 2313 1023 2348 Sole
1044 2326 1166 2350 recens
1191 2321 1288 2358 orto,
1313 2315 1357 2350 ad
1379 2327 1453 2350 eam
1480 2327 1626 2361 propere
1646 2328 1705 2351 ac·

230 2357 339 2392 currit
358 2357 413 2393 vir
436 2358 644 2394 monasticae
667 2363 703 2393 et
719 2359 950 2405 tranquilliori
966 2361 1061 2396 vitae
1082 2362 1263 2404 addictus;
1288 2362 1342 2396 cui
1359 2361 1418 2396 ina
1442 2363 1588 2397 subinde
1608 2363 1652 2397 ad
1668 2375 1708 2398 se

227 2403 415 2439 ventitanti
437 2416 565 2439 arcana
587 2405 818 2440 conscientiae
841 2406 977 2452 aperire
998 2416 1236 2443 consueverat.
1282 2409 1350 2443 Hic
1369 2409 1528 2443 tabellam
1546 2409 1707 2455 porrigit,

227 2449 345 2496 aitque
366 2463 425 2493 se,
448 2462 574 2485 summo
595 2463 694 2486 mane
717 2463 912 2496 egressum,
936 2465 1009 2487 eam
1029 2460 1108 2490 ante
1129 2456 1222 2490 fores
1243 2467 1324 2489 casu
1344 2454 1550 2490 offendisse:
1572 2455 1707 2491 nescire

226 2503 352 2539 autem,
371 2509 391 2532 a
406 2509 472 2542 quo
494 2502 530 2532 et
548 2509 709 2544 quorsum
729 2498 821 2533 iacta
848 2505 950 2534 esset.
997 2501 1037 2535 In
1062 2513 1105 2536 ea
1126 2514 1214 2547 quae
1236 2501 1460 2546 legebantur,
1485 2503 1570 2537 haec
1594 2508 1705 2539 erant.

224 2542 339 2577 Primo
360 2544 554 2580 horrendae
573 2545 830 2580 exsecrationes
850 2545 885 2579 in
898 2546 1005 2580 virum
1024 2547 1115 2582 illum
1133 2547 1348 2593 religiosum,
1374 2552 1408 2582 et
1421 2560 1604 2594 poenarum
1623 2561 1706 2594 gra-

224 2589 440 2632 vissimarum
463 2590 741 2626 denunciationes
767 2592 904 2636 (earum
925 2592 1076 2636 scilicet,
1101 2606 1189 2640 quae
1209 2599 1245 2629 et
1266 2594 1398 2629 animae
1417 2599 1453 2629 et
1471 2595 1608 2641 corpori
1627 2595 1706 2629 diu-

224 2636 316 2670 turni
337 2648 378 2671 ac
392 2636 598 2672 intolerandi
616 2638 746 2672 doloris
771 2650 883 2673 acrem
900 2650 1036 2674 sensum
1055 2641 1223 2686 afferunt)
1244 2641 1273 2675 si
1292 2646 1384 2675 metu
1402 2641 1460 2676 ille
1474 2647 1535 2676 aut
1552 2653 1707 2687 quacun-

223 2693 293 2726 que
316 2682 384 2718 alia
406 2685 542 2719 ratione
564 2684 753 2719 deterritus
777 2685 1005 2730 supprimeret
1023 2699 1064 2721 ac
1087 2687 1227 2721 tradere
1255 2687 1468 2732 imperatrici
1496 2700 1571 2723 eam
1592 2688 1706 2723 tabel-

222 2726 288 2762 lam
315 2734 507 2765 recusaret.
556 2730 691 2766 Deinde
719 2732 765 2766 ad
793 2730 904 2777 ipsam
930 2732 1183 2777 imperatricem
1211 2733 1321 2768 oratio
1350 2735 1639 2775 convertebatur3
1669 2739 1706 2769 et

224 2774 311 2809 haee
339 2776 445 2812 ferme
468 2781 545 2812 erat
568 2777 622 2812 vis
647 2778 842 2813 verborum.
888 2778 1002 2820 „Nisi
1026 2779 1171 2814 desieris
1195 2791 1350 2825 pugnare
1374 2786 1412 2815 et
1433 2781 1556 2815 bellum
1576 2781 1706 2816 inferre

225 2823 454 2859 sacrosanctis
474 2823 640 2861 ecclesiae
656 2824 839 2872 dogmatiS,
863 2836 930 2860 non
949 2826 1082 2872 poteris
1100 2827 1228 2871 facere,
1251 2826 1333 2874 quin
1351 2831 1387 2863 et
1403 2830 1498 2863 tuam
1519 2827 1706 2863 auctorita-
