1794 3172
88 555 698 618 NIKHQJOPOY
737 556 940 617 ἦΤΟΥ
989 555 1490 617 ΓΡΗΓΟΡΑ

237 697 781 749 ΡΩΜΛΙΚΗΣ
844 697 1334 748 ΙΣΤΟΡΙΑΣ

573 816 878 857 ΛΟΓΟΣ
932 815 998 854 ΠΣ

40 911 735 1020 NICEPHORI
839 956 1514 1020 GREGORAE

246 1097 782 1148 BYZANTINAE
853 1095 1301 1147 HISTORI·AE

344 1228 532 1300 LlsER
576 1228 869 1269 DECIMUS
918 1226 1208 1269 TERTIUS.

511 1445 1033 1484 ARGUMENTUM.

126 1515 389 1553 Cantacuzenus
414 1517 724 1564 Christopolitanas
746 1519 932 1564 angustias
953 1521 995 1552 ut
1012 1517 1174 1553 evaserit.
1214 1516 1316 1553 Circa
1335 1516 1511 1563 Philippos

30 1567 314 1600 castrametatur.
362 1565 490 1600 Oblata
513 1565 547 1600 ei
569 1567 705 1600 auxilia
728 1577 752 1599 a
772 1567 916 1600 Chrele:
955 1575 1056 1609 quem
1083 1569 1276 1610 suspectum
1308 1565 1419 1598 amice
1448 1576 1510 1598 ex-

30 1610 138 1655 cipit5
167 1622 246 1646 mos·
267 1612 425 1648 dimittit.
470 1612 650 1646 Rbentina
671 1613 709 1646 in
731 1613 941 1646 deditionem
965 1616 1128 1655 accepta,
1153 1611 1433 1646 Thessalonicam
1456 1611 1510 1645 ire

30 1662 231 1700 cunctatur,
252 1669 314 1692 suo
338 1670 443 1694 more.
492 1659 656 1693 Melenici
676 1660 854 1693 castellum
879 1659 913 1693 ei
935 1658 1085 1692 deditur.
1105 1696 1109 1698 ,
1133 1657 1317 1703 Parergon
1340 1658 1384 1692 de
1407 1669 1509 1692 occa-

29 1704 125 1738 sione
146 1715 217 1738 non
238 1705 467 1751 negligenda.
514 1706 604 1740 Item
626 1706 671 1739 de
689 1705 884 1739 occasionis
905 1705 1036 1750 effigie.
1060 1705 1264 1750 Synadenus
1283 1709 1318 1739 et
1333 1705 1398 1738 alii
1414 1704 1508 1738 Can-

30 1754 199 1785 tacuzeno
221 1754 400 1796 faventes,
426 1752 671 1786 Thessalonica
689 1763 753 1796 per
773 1753 975 1786 seditionem
993 1753 1099 1796 pulsi,
1134 1752 1447 1796 Gynaecocastrum
1468 1762 1508 1785 se

29 1798 213 1842 recipiunt.
262 1798 375 1833 Guido
406 1799 632 1833 Armeniacus
666 1798 984 1833 Thessalonicenses
1016 1799 1125 1833 armis
1161 1799 1320 1833 adiuvat.
1377 1797 1508 1833 Classis

29 1844 253 1888 Byzantina,
290 1846 471 1890 Apocauco
493 1846 602 1888 duce,
640 1845 919 1880 Thessalonicam
941 1842 1110 1891 appulsa.'
1149 1845 1408 1880 Cantacuzcnus
1434 1846 1506 1889 Gy-

27 1896 289 1926 naecocastrum
311 1904 418 1938 usque
438 1903 646 1938 progressus
668 1904 745 1927 cum
771 1893 957 1937 Synadeno
987 1893 1201 1938 colloquitur.
1249 1891 1318 1926 Hic
1350 1891 1506 1926 animum

27 1942 143 1973 mutat
166 1943 201 1973 et
222 1939 277 1973 illi
297 1940 486 1974 insidiatur
513 1939 627 1984 (cap.
646 1939 698 1984 1).
752 1940 929 1984 Synadeni
957 1939 1106 1974 insidiae
1135 1939 1381 1985 deprehensae.
1432 1938 1506 1973 Tu-

26 1985 158 2019 multus
185 1986 225 2020 in
252 1987 389 2021 castris.
438 1986 700 2021 Cantacuzenus
721 1986 893 2031 dispersos
922 1987 1050 2022 milites
1078 1987 1184 2032 cogit.
1227 1987 1314 2021 Acie
1334 1986 1505 2020 instructa

26 2031 248 2076 Apocaucum
270 2037 466 2078 exspectat,
497 2044 575 2067 suos
598 2044 730 2078 quoque
750 2033 995 2077 instruentem,
1028 2037 1067 2069 at
1089 2033 1256 2079 congredi
1276 2044 1347 2068 non
1368 2032 1505 2067 auden-

25 2082 107 2113 tem.
155 2078 372 2115 Pedetentim
398 2084 433 2115 et
463 2081 646 2125 composite
666 2081 799 2116 recedit
821 2081 870 2115 ad
894 2081 1085 2122 Tribunos,
1110 2081 1235 2115 exteris
1257 2080 1375 2126 magis
1397 2090 1504 2125 quam

21 2125 248 2171 popularibus
275 2127 348 2161 suis
377 2128 532 2172 confisus.
586 2126 733 2161 Ubinam
761 2128 984 2173 pemoctarit.
1030 2127 1187 2174 Legatos
1209 2127 1254 2161 ab
1277 2139 1316 2161 eo
1339 2126 1389 2161 ad
1414 2126 1504 2161 Ora-

25 2172 94 2206 lem
122 2173 331 2217 praemissos
357 2174 456 2208 liomo
490 2173 666 2208 Triballus
693 2175 950 2220 comprehendit
973 2179 1009 2210 et
1029 2175 1078 2210 ad
1100 2175 1319 2219 Apocaucum
1348 2173 1502 2208 deducit.

24 2219 79 2254 De
95 2219 234 2254 Liber-io
252 2221 430 2262 Triball03
452 2231 515 2255 cur
529 2221 675 2255 nuncius
696 2222 746 2255 ad
768 2233 846 2256 eum
868 2223 1004 2256 missus.
1050 2222 1249 2256 Exercitum
1263 2225 1502 2256 transeuntem

23 2267 146 2301 nastici
178 2267 363 2302 lacessunt.
409 2267 569 2302 Liberius
596 2268 875 2303 Cantacuzenum
913 2269 1059 2313 hospitio
1090 2269 1227 2313 excipit.
1281 2268 1351 2302 Hic
1373 2266 1503 2312 hospiti

22 2323 112 2347 vasa
137 2314 294 2359 pretiosa
324 2314 414 2349 dono
445 2314 520 2349 dat.
579 2314 750 2349 Generum
782 2316 893 2350 eidem
920 2316 1103 2361 pollicetur
1143 2315 1344 2350 Manuelem
1369 2315 1498 2359 filium.

24 2359 123 2394 Grali
140 2371 206 2406 per
227 2361 365 2396 litteras
380 2360 640 2396 commendatus
662 2362 821 2407 Scopiam
850 2364 963 2405 venit,
995 2363 1046 2396 ad
1062 2362 1185 2397 Axium
1200 2363 1347 2406 flumen.
1399 2361 1501 2395 Tole-

21 2407 130 2441 rabili
160 2407 306 2453 hospitio
337 2413 516 2443 contentus
552 2408 625 2442 illic
653 2420 730 2443 cum
761 2410 913 2445 exercitu
943 2409 1109 2445 subsistit.
1163 2410 1301 2444 Gralem
1331 2408 1500 2452 postridie

22 2454 193 2490 convenit.
254 2454 404 2489 Mutuae
432 2455 670 2490 salutationes.
733 2456 865 2501 Dispar
894 2458 1074 2501 variusque
1101 2455 1366 2502 magnificentia
1405 2454 1497 2499 (2).

23 2500 201 2543 Quamdiu
227 2501 325 2546 apud
351 2501 522 2536 Triballos
544 2501 804 2537 Cantacaeizenus
826 2500 1005 2538 manserit.
1056 2503 1155 2546 Quae
1184 2507 1219 2537 et
1241 2513 1346 2548 quam
1366 2501 1500 2547 gravia

19 2547 149 2582 milites
166 2549 322 2593 perpessi
345 2549 427 2583 sint.
477 2548 629 2592 Quinam
645 2550 791 2592 facilius
813 2551 911 2584 mala
934 2550 1170 2585 toleraverint.
1217 2549 1373 2583 Habitae
1394 2548 1433 2582 in
1453 2549 1499 2582 iis

21 2593 104 2627 locis
134 2595 309 2629 orationes
337 2606 446 2641 quare
475 2596 691 2630 omittantur.
742 2597 957 2632 conditiones
981 2597 1079 2631 Crali
1099 2597 1239 2631 oblatae
1262 2607 1286 2630 a
1302 2594 1499 2640 Byzantiis,

18 2645 58 2675 ut
86 2640 365 2676 Cantacuzenum
383 2641 558 2686 proderet.
594 2642 734 2677 Venena
751 2644 796 2677 ab
818 2644 942 2678 iisdem
963 2645 1055 2678 clam
1078 2644 1272 2678 summissa.
1313 2642 1498 2686 Parergon

19 2686 65 2721 de
87 2687 307 2723 Mithridate.
353 2688 508 2724 Insidiae
529 2689 664 2725 variae.
711 2690 837 2724 Omnes
857 2690 993 2725 irritae.
1042 2691 1155 2733 Quam
1180 2690 1222 2724 ob
1245 2700 1388 2724 causam
1403 2688 1498 2722 Deus

19 2738 71 2768 tot
89 2734 247 2778 pericula
270 2735 449 2770 averterit.
499 2735 773 2779 cantamus,
796 2738 1003 2772 iniuriarum
1031 2738 1221 2779 immemor,
1254 2737 1439 2781 Augustae
1461 2738 1498 2769 et

14 2781 143 2824 pupilli
164 2781 336 2826 dignitati
356 2782 482 2827 ubique
502 2783 659 2817 consulit.
703 2782 778 2819 Lex
800 2785 846 2818 ab
870 2795 910 2819 eo
931 2784 1094 2829 imposita
1113 2784 1239 2818 Ioanni
1254 2784 1402 2829 Angelo,
1426 2781 1497 2817 Ae-

17 2827 97 2861 tolis
119 2833 155 2862 et
179 2827 356 2862 Thessalis
376 2830 585 2874 im12eratum
607 2830 722 2864 misso.
771 2830 969 2866 Patientiae
1001 2831 1187 2865 diutumae
1217 2841 1356 2865 merces.
1407 2829 1496 2863 Gre-

16 2884 126 2919 goras
154 2875 290 2910 alicnus
311 2875 357 2910 ab
379 2877 474 2913 omni
494 2876 624 2921 affectu
656 2877 819 2913 veritatis
849 2878 1002 2914 studium
1032 2879 1228 2926 profitetur.
1275 2876 1404 2921 Qualia
1433 2886 1496 2910 sen
