1754 3164
186 83 246 129 13
255 81 317 128 10
709 84 1183 130 ANNOTATIONES.

187 194 327 245 sitisse,
356 203 400 233 ut
417 208 465 232 ne
483 202 565 231 tum
587 187 743 245 quidem
756 221 766 240 ‚
797 206 886 232 cum
907 190 1083 231 habitum
1104 191 1366 230 monasticum
1385 186 1596 239 induisset,
1624 203 1712 227 ma-

188 253 304 307 gistri
321 249 473 305 proditi
493 250 638 288 crimen
666 247 789 287 solius
821 247 947 288 Iudae
963 250 1168 306 proprium
1197 263 1275 287 esse
1299 245 1476 286 voluerit.
1506 259 1657 285 flmvis.
1713 273 1715 276 -

304 312 400 361 Peg.
433 307 563 355 1050,
596 308 661 347 19.
724 309 814 346 Τῶν
847 308 1145 360 πατριαρχικαῖν
1181 301 1408 361 ἀρχόντων]
1451 303 1554 344 Vide
1594 304 1717 343 Goari

189 365 412 416 Eucholog.
434 377 522 416 pag.
542 365 638 407 268.
660 369 700 406 et
721 376 800 415 seq.
844 377 1087 405 CAPPERONN.

304 421 404 474 Pag.
435 421 568 471 1053,
607 419 646 462 4·
711 424 799 461 Τῶν
830 417 1202 476 ἀνδριαντοποιῶν]
1253 419 1320 459 Sic
1350 431 1472 472 supra
1502 418 1572 459 lib.
1608 419 1717 460 XIII.

194 494 280 533 cap.
302 479 333 520 Ι.
355 484 451 518 sect.
473 478 512 521 4.
572 491 812 518 carrssnonw.
1542 520 1545 521 ⁷

311 539 405 589 Pag.
438 533 547 578 1054
561 564 575 583 ‚a
603 537 641 577 9.
704 531 800 576 Τότε
828 532 979 590 μακρός
1001 551 1061 585 τις
1090 535 1242 590 γίνεται
1265 535 1342 574 τοῦ
1371 528 1575 585 παρόντος
1601 530 1723 588 λόγου

192 590 335 649 λόγος]
366 594 454 632 Νοη
481 593 588 632 omni
610 592 838 645 suspicione
859 593 991 633 mendi
1013 600 1121 633 caret
1143 591 1209 631 hic
1232 592 1360 631 locus.
1418 591 1570 629 Forsan
1589 591 1727 642 legen-

196 652 291 690 dum
311 647 399 692 τότε
420 647 469 703 δὴ
496 646 637 703 μικρός
659 665 718 698 τις
737 667 774 691 κ.
802 655 836 692 λ.
869 665 948 705 qua
978 651 1151 690 lectione
1184 648 1354 688 admissa
1381 655 1602 699 verterem,
1632 658 1727 689 tuno

196 708 354 749 huiusce
374 706 475 748 dicii
492 706 604 747 nulla
616 705 752 763 ferme
776 709 877 749 ratio
904 706 1086 748 habenda
1108 717 1176 748 est.
1236 719 1476 745 earm-:noum

315 768 407 819 Pag.
442 765 571 815 1055,
605 768 672 808 19.
731 762 845 818 Αὕτη
877 762 955 821 γάρ
990 765 1072 807 ἐστι
1099 762 1145 806 τό
1177 766 1338 816 πνεῦμα
1362 761 1407 804 τό
1435 760 1576 818 ἅγιον]
1610 760 1728 803 Haec

198 824 298 863 enim
317 823 451 876 gratia
479 832 535 861 est
565 821 738 876 Spiritus
757 833 935 874 sanctus3
965 823 1006 862 id
1025 829 1106 872 est,
1136 821 1235 860 haec
1254 820 1378 872 gratia
1399 827 1439 860 et
1462 820 1644 873 operatio
1670 834 1731 858 sa-

200 881 341 920 crisin
364 879 588 934 Scripturis
618 880 779 920 nomine
808 882 938 920 sancti
970 881 1142 934 Spiritus
1166 879 1411 930 designatur.
1468 877 1581 917 Unde
1610 877 1733 916 infert

200 939 380 978 Palainas
400 937 554 977 hancce
574 938 741 990 gratiam
762 952 844 977 non
875 952 959 978 esse
983 938 1080 990 quid
1104 943 1294 977 creatum.
1352 935 1478 975 Addit
1503 942 1634 975 tamen
1656 934 1732 974 liu-

200 994 378 1035 iusmodi
410 995 575 1047 gratiam
605 1009 686 1033 non
724 1009 808 1036 esse
836 997 1046 1048 ipsammet
1080 995 1207 1035 sancti
1239 993 1416 1046 Spiritus
1453 993 1733 1034 substantiam.

204 1053 316 1105 Quae
335 1053 414 1091 duo
435 1052 642 1092 conciliari
661 1052 735 1092 vix
762 1068 880 1107 posse
900 1053 1113 1104 videntur,
1146 1052 1222 1091 nisi
1247 1047 1501 1092 advertamus
1524 1066 1545 1089 a
1562 1051 1736 1090 Palami-

204 1111 255 1149 tis
275 1110 468 1150 admissas
496 1123 582 1149 esse
610 1110 820 1150 inferiores
840 1112 1030 1163 quasdam
1053 1111 1249 1160 Deitates‚
1281 1122 1385 1161 quae
1413 1109 1535 1148 Deum
1561 1109 1665 1147 inter
1695 1115 1736 1148 et

206 1174 412 1207 creaturas
445 1167 622 1208 medium
654 1168 790 1206 locum
821 1174 1018 1209 tenerent.
1077 1167 1232 1207 Nostris
1270 1166 1432 1219 quidem
1470 1180 1492 1205 e
1538 1166 1736 1217 theologis

207 1226 350 1266 Petrus
377 1224 637 1274 Lombardus,
668 1225 856 1276 magister
876 1225 1171 1275 sententiarum,
1203 1223 1378 1275 negavit,
1409 1223 1537 1262 sancti
1562 1223 1738 1276 Spiritus

208 1283 377 1334 gratiam
399 1296 485 1322 esse
509 1281 713 1335 quidpiam
738 1289 936 1325 creatum:
969 1282 1041 1322 sed
1062 1283 1181 1322 simul
1201 1281 1403 1320 statuebat
1424 1281 1542 1319 istam
1570 1282 1738 1332 gratiam

210 1353 282 1381 seu
313 1339 548 1379 charitatem
578 1353 663 1378 esse
693 1340 910 1392 ipsummet
941 1340 1133 1394 Spiritum
1167 1346 1371 1389 sanctum,
1416 1338 1549 1391 ipsum
1590 1340 1738 1379 Deum:

213 1410 315 1448 quae
341 1404 471 1436 tamen
497 1396 689 1436 sententia
711 1396 760 1435 ab
790 1398 971 1437 omnibus
993 1398 1184 1450 deinceps
1204 1395 1404 1447 theologis
1422 1395 1637 1448 reprobata
1665 1403 1740 1437 est.

213 1454 314 1493 Vide
334 1454 404 1493 lib.
430 1455 460 1494 Ι.
485 1455 662 1493 Sentent.
685 1453 863 1494 distinct.
894 1459 959 1498 17.
986 1462 1025 1494 et
1051 1455 1245 1494 articulos
1267 1453 1428 1494 Parisiis
1455 1453 1661 1492 damnatos
1688 1455 1741 1494 ad

215 1512 363 1550 calcem
390 1511 524 1564 operis
543 1511 650 1550 Petri
668 1511 899 1552 Lombardi.
943 1512 1068 1553 Divus
1088 1513 1207 1553 etiam
1226 1510 1454 1551 Bernardus
1479 1512 1633 1550 censuit
1651 1510 1743 1550 cha-

214 1569 391 1620 ritatem,
420 1582 492 1608 seu
518 1569 686 1619 gratiam
706 1570 1039 1621 sanctificantem,
1071 1584 1155 1610 esse
1177 1570 1309 1623 ipsum
1339 1569 1487 1607 Deum:
1517 1569 1588 1608 sed
1608 1568 1743 1608 chari-

216 1632 339 1665 tatem
356 1626 562 1679 spectabat
584 1640 635 1665 ex
656 1633 772 1680 parte
794 1627 944 1679 dantis,
975 1641 1047 1668 seu
1066 1628 1192 1682 ipsius
1219 1627 1306 1666 Dei:
1337 1626 1497 1665 aliunde
1525 1640 1621 1665 vero
1643 1628 1744 1667 sate-

216 1682 337 1722 batur
357 1685 523 1735 gratiam
544 1690 584 1723 et
609 1683 843 1724 charitatem
865 1686 908 1724 in
932 1686 1046 1725 nobis
1068 1699 1153 1725 esse
1177 1684 1379 1737 quoddam
1401 1683 1599 1723 accidens.
1641 1685 1744 1724 Hinc

220 1741 371 1790 aiebat,
414 1740 658 1780 substantiva
696 1740 870 1782 charitas
906 1741 1188 1784 accidentalem
1230 1740 1300 1780 dat
1334 1740 1581 1780 charitatem.
1644 1743 1745 1794 Lege

220 1797 302 1837 divi
322 1798 511 1837 Bernardi
531 1799 739 1851 epistolam
764 1799 839 1841 XI.
867 1800 918 1839 ad
941 1801 1160 1852 Guigonem
1193 1798 1530 1838 carthusiensium
1553 1800 1747 1852 Priorem,

222 1861 263 1894 et
282 1861 496 1895 tractatum
517 1855 565 1894 de
583 1856 785 1908 diligendo
807 1859 886 1897 Deo
913 1872 1002 1911 cap.
1021 1857 1111 1899 XII.
1172 1869 1412 1900 cArrERoNN.

340 1915 436 1966 Pag.
468 1914 598 1963 1056,
627 1918 667 1956 7.
714 1911 790 1963 “Ac
811 1913 835 1956 ὅ
861 1911 1083 1969 Προφήτης
1107 1915 1393 1966 κεφαλαιωδῶς
1414 1910 1512 1954 invii
1532 1913 1748 1967 προσεῖπε]

229 1968 340 2020 Quas
361 1969 560 2023 Propheta
582 1981 722 2025 septem
738 1974 962 2012 summatim
985 1971 1213 2027 appellavit.
1244 1971 1365 2012 Isaias
1385 1985 1472 2026 cap.
1496 1971 1565 2010 XI.
1586 1985 1692 2011 vers,
1707 1976 1748 2015 2.

226 2033 266 2065 et
285 2030 323 2068 ὃ.
343 2026 412 2065 ubi
434 2028 492 2066 sic
511 2035 768 2070 recensentur
795 2036 946 2082 septem
970 2030 1100 2069 sancti
1117 2029 1289 2082 Spiritus
1316 2028 1433 2068 dona.
1474 2027 1524 2066 Et
1546 2030 1753 2083 requiescet

226 2097 341 2135 super
359 2099 442 2122 eum
460 2086 621 2137 spiritus
636 2085 822 2137 Domini,
857 2088 1017 2140 spiritus
1036 2088 1250 2140 sapientiae
1270 2096 1304 2124 et
1324 2083 1562 2135 intellectus,
1593 2087 1753 2138 spiritus

229 2138 389 2178 consilii
412 2150 447 2179 et
455 2140 739 2199 fortitudinis,
767 2144 927 2197 spiritus
946 2146 1132 2187 scientiae
1154 2154 1190 2184 et
1206 2144 1385 2198 pietatis,
1414 2152 1450 2182 et
1477 2140 1637 2197 replebit
1666 2158 1752 2182 eum

227 2197 388 2250 spiritus
409 2198 561 2237 timoris
582 2198 755 2240 Domini.
817 2215 1054 2242 CAPPERONN.

347 2253 447 2307 Pog-
481 2259 605 2306 1056,
640 2260 704 2298 10.
761 2256 804 2298 Ὁ
825 2260 975 2310 κρίνων
1004 2262 1139 2300 πᾶσαν
1166 2257 1241 2313 τήν
1270 2262 1370 2313 γῆν,
1404 2253 1454 2299 οὗ
1471 2253 1655 2308 ποιήσεις
1671 2257 1754 2310 κρί-

233 2324 298 2352 σιν
307 2314 333 2361 ,·]
364 2312 512 2351 Locum
533 2311 642 2352 hunc
663 2314 843 2354 laudavit
861 2317 1040 2356 Palamas
1060 2331 1110 2355 ex
1128 2317 1310 2356 versione
1327 2316 1448 2358 LXX.
1471 2314 1754 2367 Interpretum.

234 2368 405 2419 Vulgata
435 2375 569 2408 nostra
597 2370 719 2410 habet
748 2373 897 2425 absque
922 2374 1259 2425 interrogatione,
1292 2375 1432 2412 Genea.
1464 2376 1529 2415 18.
1557 2385 1661 2411 vers.
1685 2372 1754 2415 25.

235 2427 306 2481 qui
322 2424 478 2466 iudicas
499 2442 647 2467 omnem
669 2439 834 2479 terram,
865 2446 943 2471 non
958 2430 1092 2485 facies
1114 2430 1303 2470 iudicium
1322 2429 1408 2472 hoc.
1439 2429 1642 2468 Hebraeus
1674 2436 1754 2467 tex-

236 2489 302 2521 tus
323 2489 381 2522 est
397 2483 647 2524 huiusmodi:
677 2495 795 2525 usum
821 2498 928 2527 ττι-,ψ’
951 2484 1003 2528 Νι)
1025 2499 1133 2539 ‘rw-⁸³³
1157 2484 1206 2528 Β)
1229 2498 1354 2526 mewa.
1396 2487 1442 2526 Id
1464 2493 1536 2534 est,
1566 2485 1754 2540 numquid

239 2541 309 2594 qui
334 2539 486 2581 iudicat
505 2556 655 2582 omnem
676 2553 838 2594 terram,
871 2544 939 2585 ille
959 2545 1179 2600 nonfaciet
1201 2544 1390 2584 iudicium
1404 2543 1428 2586 Ξ)
1457 2557 1699 2585 οΛΡῙ-ΕηυΝΝ.

351 2596 518 2638 Ibidem.
582 2596 642 2642 Οὕ
661 2598 884 2652 ποιήσεις-ς]
924 2602 1015 2642 Non
1038 2601 1210 2659 facies?
1240 2603 1309 2642 vis
1337 2602 1560 2653 argumenti
1591 2601 1693 2640 sistit
1717 2601 1754 2638 in

240 2654 318 2694 hoc
347 2656 484 2695 verbo.
543 2657 642 2697 Nan]
663 2662 794 2698 ποιεῖν
814 2659 976 2712 [facere]
1002 2659 1109 2712 apud
1130 2661 1304 2699 Graecos
1328 2659 1536 2710 theologos
1567 2658 1754 2709 significat

243 2728 382 2753 creare.
411 2713 560 2754 Forsan
574 2729 622 2754 ex
643 2715 784 2758 Genes.
799 2718 923 2768 cap.I.
944 2717 1014 2755 ubi
1034 2717 1142 2768 apud
1160 2714 1254 2767 τούς
1267 2718 1387 2758 LXX.
1402 2717 1559 2767 legitur,
1593 2715 1636 2756 ἔν
1657 2712 1754 2771 ἆρχῂ

244 2769 466 2825 ἐποίησενό
479 2767 592 2822 Θεός,
611 2770 659 2812 In
679 2774 876 2830 principio
888 2773 1113 2836 Deus-fecit,
1132 2775 1156 2815 i.
1169 2789 1201 2816 e.
1213 2776 1372 2816 creavit.
1403 2774 1507 2815 Hinc
1523 2774 1617 2813 olim
1627 2773 1754 2812 Ariani
