1754 3164
598 109 1081 156 ANNOTATIONES.
1472 110 1606 156 1277

57 224 144 264 cap.
167 210 388 251 LXXXVI·
417 225 588 255 DUCANG.
651 213 802 268 Θὲρους
823 216 847 256 ὃ
859 212 869 228 ’
890 214 972 270 ἤδη
999 220 1243 270 μεσοῦντος]
1271 219 1397 259 Immo
1416 236 1502 261 vere
1521 238 1598 262 ex-

52 278 175 308 eunte.
233 270 334 308 Nam
362 269 600 319 Momitilas,
653 273 767 311 cuius
803 273 938 312 clades
980 282 1197 327 narratur,
1241 279 1461 329 quatriduo
1503 287 1595 320 ante

52 324 262 377 Apocauci
295 325 457 366 caedem
484 327 728 380 debellatus,
758 332 995 383 Apocaucus
1027 346 1123 372 vero
1154 333 1260 372 Iunii
1285 335 1350 374 die
1379 336 1590 378 undecima

50 396 189 422 caesus
213 391 291 435 est,
322 390 367 422 ut
392 391 548 423 constat
575 400 624 424 ex
647 402 734 439 cap.
756 402 838 440 seq.
860 395 959 428 sect.
985 394 1021 431 l.
1045 396 1085 429 et
1104 392 1142 434 5.
1179 391 1380 442 Gregoras
1404 407 1490 445 ver,
1522 409 1586 434 ae-

52 446 222 491 statem,
253 447 514 480 auctumnum
547 449 586 481 et
606 442 788 495 hiemem,
821 460 901 485 non
923 453 1005 485 tam
1029 448 1292 500 aequinoctiis
1324 456 1364 488 et
1391 451 1583 500 solstitiis,

46 510 168 548 quam
189 498 349 549 calore,
391 499 564 550 frigore,
596 507 635 540 et
654 503 834 556 propriis
865 503 1061 557 cuiusque
1090 506 1343 559 tempestatis
1370 509 1584 560 proventi-

46 553 121 592 bus
153 554 346 597 definivit.
403 570 562 596 Bolva.

158 615 256 666 Peg.
285 617 390 663 729,
421 616 486 658 15.
551 616 636 655 Τοῦ
657 619 836 657 παλαιοῦ
857 619 1075 667 παλατίου]
1107 619 1373 659 Cantacuzen.
1405 621 1476 663 lib.
1506 623 1576 662 III.

46 682 133 721 cap.
148 669 405 711 LXXXVffl.
421 671 491 712 καὶ
512 669 558 713 ro*
580 672 623 713 ἐν
642 674 859 726 βασιλείοις
879 678 953 729 τῆς
974 678 1284 718 Κωνσταντίνου
1305 677 1580 734 δεσμωτήριον

44 724 325 777 κατασκευάζει
353 735 429 769 etc.
485 729 595 768 Idem
624 728 673 771 τοὶ
701 734 1013 773 Κωνσταντίνου
1047 730 1221 788 μεγάλου
1241 736 1424 788 βασίλεια
1442 745 1573 780 vocat.

39 784 138 823 Rem
159 785 276 824 etiam
294 786 442 825 ibidem
463 787 647 839 pluribus
669 796 818 828 narrat.
877 804 1054 829 DUCANG.

147 854 252 907 Pag-
283 858 385 905 730,
420 859 484 899 13.
532 852 735 911 Ου’ργιᾶς]
764 858 940 898 Barbare
958 873 1034 912 pro
1058 854 1236 913 ὀργυιᾶς.
1266 860 1368 900 Vide
1388 862 1566 902 Glossar.

34 910 211 962 Ducang.
268 926 424 953 Bmvm.

145 970 250 1021 Pag-
279 972 383 1019 730,
413 974 482 1013 21.
543 971 621 1019 Εἷς
644 967 779 1024 λήθης
801 968 1029 1029 φρούριον]
1062 972 1162 1012 Vide
1190 974 1363 1026 Procop.
1389 974 1438 1013 de
1458 975 1564 1014 bello

31 1024 193 1064 Persico
213 1026 280 1065 lib.
299 1027 331 1066 I.
350 1042 439 1080 cap.
465 1028 510 1067 V.
568 1043 724 1067 BOWIN.

140 1093 239 1148 Pag·
271 1099 378 1148 731,
412 1097 476 1140 15.
526 1091 624 1138 ἓἨκε
659 1092 758 1150 μεθ’
787 1093 942 1148 ὕπνον,
986 1097 1055 1138 καὶ
1082 1093 1280 1151 τράπεζαν
1312 1095 1558 1152 ὄψόμενος,]

27 1150 200 1190 Verbum
221 1153 343 1192 verbo
360 1154 534 1203 reddidi,
566 1168 641 1193 nec
667 1168 789 1193 ausus
816 1168 903 1193 sum
922 1155 1037 1193 aliter
1056 1155 1338 1207 interpungere
1363 1163 1483 1207 atque
1512 1164 1558 1196 ut

24 1207 67 1246 in
97 1209 244 1249 Codice
275 1211 399 1263 Regio
431 1212 734 1263 inter-punctum
763 1218 859 1251 erat.
921 1211 1033 1260 Quid
1065 1212 1119 1251 sit
1146 1210 1320 1266 τράπεζα
1348 1212 1427 1252 hoc
1452 1214 1556 1263 loco,

24 1279 106 1304 non
129 1267 226 1305 satis
247 1282 448 1321 assequor.
492 1270 676 1308 Fortasse
698 1269 765 1307 hic
786 1283 924 1308 sensus
945 1277 1023 1308 est:
1053 1270 1315 1323 Apocaucum
1348 1268 1428 1309 diri
1447 1269 1558 1309 illius

23 1326 195 1363 carceris
216 1336 375 1379 aspectu
395 1325 532 1366 oculos
548 1328 715 1379 pavisse,
740 1342 789 1366 ac
807 1328 881 1365 vix
900 1341 1036 1365 somno
1059 1328 1276 1365 excitatum
1299 1342 1342 1366 eo
1364 1337 1555 1381 tanquam

21 1377 78 1417 ad
96 1396 267 1420 mensam
286 1383 491 1436 opiparam
511 1385 736 1423 cucurrisse.
772 1386 834 1422 An
848 1384 911 1422 bis
927 1383 1059 1434 venit,
1082 1383 1218 1434 semel,
1244 1394 1335 1437 post
1353 1398 1553 1423 somnum:

21 1436 188 1488 iterum,
217 1449 308 1492 posi
332 1455 505 1479 mensam
521 1440 541 1479 ’ἓ
597 1454 748 1479 nolvxx.

131 1504 231 1559 Pag·
263 1509 368 1557 732,
400 1512 441 1551 6.
504 1504 643 1558 Οὕτως
661 1507 686 1549 ό
707 1504 1005 1563 δρασσόμενος]
1035 1508 1096 1547 Ad
1116 1508 1297 1548 Corinth.
1321 1509 1352 1547 I.
1376 1522 1466 1562 cap.
1485 1509 1552 1548 ΙΙΙ.

19 1574 58 1601 v.
86 1565 152 1606 19.
208 1577 358 1606 1301vm.
1223 1573 1227 1575 ’
1444 1609 1446 1611 .

126 1634 231 1685 Pag·
263 1637 367 1683 732,
399 1637 464 1676 10.
521 1632 565 1674 ‘O
579 1631 715 1675 Ῥαοιῖλ.
731 1637 890 1688 πρῶτος
909 1629 1116 1687 ἁρπάσας]
1146 1632 1313 1671 Alexius
1344 1634 1449 1671 forte
1478 1633 1547 1672 ille

16 1684 127 1738 δοΰξ,
159 1690 424 1730 Cantacuzeni
447 1704 564 1729 causa
584 1697 623 1729 et
647 1691 735 1744 ipse
756 1706 916 1730 carcere
939 1692 1162 1730 damnatus.
1221 1690 1330 1728 Idem
1351 1691 1544 1746 Cantacu-

16 1759 139 1785 zenus
166 1761 254 1799 pag.
283 1749 378 1791 657.
438 1749 495 1787 De
523 1749 755 1787 Raiiliorum
788 1749 937 1788 familia
971 1747 1318 1799 Constantinopoli
1338 1762 1359 1785 a
1381 1747 1544 1785 Francis

14 1809 101 1842 orta
122 1804 307 1856 pluribus
334 1805 485 1858 egimus
518 1806 568 1844 ad
594 1805 831 1845 Alexiadem
860 1807 1058 1845 Annaeam
1084 1818 1174 1858 pag.
1201 1807 1300 1848 239.
1332 1804 1541 1844 Notarum.

11 1874 185 1900 numne.

123 1917 221 1972 Peg.
251 1918 359 1969 735,
391 1921 455 1961 18.
515 1916 637 1973 Παροῖ
679 1916 746 1960 τόν
790 1918 950 1973 γείτονα
999 1912 1213 1965 συνιόντας
1257 1911 1536 1970 ἱππόδρομον]

11 1975 140 2024 Quem
162 1972 411 2026 Ξυλόκερκον
433 1983 579 2015 vocant
609 1976 852 2029 scriptores,
883 1976 932 2014 de
956 1975 1069 2013 cuius
1093 1975 1172 2013 situ
1193 1974 1344 2025 agimus
1367 1974 1407 2012 in
1429 1974 1537 2012 Con-

8 2033 265 2086 stantinopoli
288 2032 433 2074 Christ.
453 2034 525 2073 lib.
542 2033 592 2075 ΙΙ.
612 2040 708 2073 sect.
732 2033 764 2073 Ι.
789 2047 827 2073 n.
854 2036 918 2076 16.
943 2039 982 2072 et
1001 2032 1071 2073 lib.
1093 2032 1159 2071 IV.
1181 2037 1276 2071 sect.
1289 2031 1400 2071 Xffl.
1415 2032 1532 2074 n.25.

5 2104 180 2130 numne.

117 2147 216 2202 Pssg-
247 2150 352 2197 736,
381 2151 420 2190 7.
479 2150 575 2188 Πᾶν
604 2144 648 2189 τὸ
677 2143 978 2200 Γασμουλικόν]
1026 2146 1083 2186 De
1121 2146 1320 2186 Gasmulis
1358 2146 1532 2185 diximus

7 2219 129 2258 supra
151 2205 199 2244 ad
221 2206 290 2244 lib.
313 2204 376 2245 Vl.
434 2219 609 2245 numne.

119 2273 221 2328 Pssg·
252 2277 355 2322 737,
389 2276 452 2315 16.
507 2269 571 2321 Ἐς
590 2270 665 2326 τήν
697 2270 891 2326 ἐχομένην
918 2274 990 2325 τῆς
1016 2270 1127 2319 Νέας
1152 2269 1308 2324 μονήν]
1336 2270 1531 2309 Monaste-

3 2331 108 2370 rium
141 2332 317 2371 virorum
342 2330 465 2369 fuisse
486 2330 638 2369 indicat
664 2343 752 2382 cap.
785 2343 866 2382 seq.
891 2327 964 2378 τοὶς
991 2325 1170 2382 καλύβας
1195 2331 1277 2369 τῶν
1303 2329 1388 2369 ἐκεῖ
1409 2342 1529 2379 μονα-

2 2386 153 2437 ζόντων
181 2384 522 2444 ἤνδραποδίζοντό
553 2402 594 2427 τε
618 2386 688 2428 καὶ
717 2383 951 2442 διήρπαζον.
998 2387 1208 2425 Cantacuz.
1238 2385 1306 2423 lib.
1339 2384 1407 2422 111.
1439 2397 1525 2435 cap.

2 2446 257 2485 LXXXVIII.
304 2445 372 2487 ἐπὶ
407 2443 475 2487 τὸν
507 2443 622 2498 ἐγγύς
656 2443 884 2499 κατέφυγον
916 2441 1018 2485 ναόν
1052 2446 1135 2484 ταῖν
1171 2441 1286 2483 ἐννέα
1319 2435 1527 2493 ταγμάτων

0 2499 405 2558 προσαγορευόμενον.
447 2503 502 2541 De
526 2501 606 2540 hoc
626 2502 864 2541 monasterio
883 2501 1033 2552 egimus
1055 2501 1096 2539 in
1115 2499 1413 2547 Constantinop.
1434 2495 1524 2534 Chr.

0 2561 68 2599 lib.
88 2561 155 2600 IV.
178 2567 273 2601 sect.
293 2560 383 2600 XV.
406 2574 442 2600 n.
459 2560 530 2602 35.
571 2561 770 2610 corrupte
790 2559 910 2610 igitur
934 2558 1019 2600 Νέα
1040 2572 1115 2610 pro
1135 2554 1247 2597 ἐννέα
1271 2554 1457 2618 dicebant
1481 2566 1525 2616 {a

0 2624 128 2656 aetate
149 2617 593 2669 Constantinopolitani.
639 2617 737 2654 Nam
765 2617 842 2655 alia
871 2616 948 2654 fuit
976 2616 1093 2655 aedes
1124 2612 1210 2654 Νέα
1242 2611 1365 2674 dicta·
1383 2611 1422 2648 S.
1451 2609 1523 2674 M.¹'

0 2674 148 2714 chaelis
171 2676 212 2713 in
235 2675 376 2725 Magno
401 2674 552 2713 Palatio
572 2674 658 2723 sita,
691 2673 739 2712 de
759 2687 836 2726 qua
872 2674 1023 2726 pariter
1042 2671 1166 2711 multa
1190 2680 1457 2731 congessmius
1485 2679 1526 2730 τη

0 2732 134 2771 eadem
160 2731 441 2771 lucubratione
472 2732 543 2771 lib.
574 2731 624 2770 ΙΙ.
655 2744 743 2783 pag.
775 2734 867 2773 127.
902 2732 1009 2769 etin
1041 2729 1172 2767 Gloss.
1201 2725 1301 2792 me-d.
1332 2725 1459 2794 Lstm.
1487 2736 1530 2760 m

0 2788 150 2842 Aenea,
186 2795 226 2829 et
246 2789 287 2828 in
308 2789 439 2829 Gloss.
466 2789 567 2828 med.
589 2788 762 2828 Graecit.
782 2788 824 2827 in
845 2787 941 2830 Νέα.
978 2799 1149 2826 nnuma.
1213 2785 1293 2835 Της
1316 2784 1424 2830 Νεας
1458 2795 1526 2833 μο-
