1794 3172
241 150 375 203 1052
661 154 980 202 NICEPHORI
1006 151 1333 200 GREGORAE

23 291 62 324 A.
76 289 121 323 M.
140 287 232 325 6859
244 286 319 322 κας
337 267 435 326 ἡμῖν
457 266 576 312 οὐδὲν
609 262 774 323 ἀκριβές
789 277 800 287 ·
847 262 942 307 ἄλλ’
967 261 1134 322 ἀφῆκας
1161 263 1450 313 παντοδαπαῖς
1478 263 1722 307 πλανᾶσθαι

77 334 185 372 ¹¹¹⁶·4
243 338 427 399 φήμαις,
460 338 526 381 καὶ
559 335 834 393 ἀμφισβητεῖν
843 366 857 387 ,
896 330 1070 391 πότερον
1098 337 1186 383 τοῖς
1210 330 1323 390 ὅροις
1354 333 1515 383 ἐκείνοις
1545 332 1724 388 ε’μμένεις

243 411 312 454 καὶ
333 409 384 451 σύ
395 440 409 461 ,
455 403 647 462 καθάπερ
677 402 815 459 ἡμεῖς·
852 401 879 459 ἢ
899 400 1091 459 καθάπερ
1113 401 1296 457 θυέλλης
1320 405 1395 458 τῆς
1416 408 1503 452 τοῖς
1525 399 1725 459 δόγμασιν

245 473 512 533 ε’νσκηψάσης
533 478 606 517 νῢν
627 472 860 529 καταιγίδος
872 505 886 526 ,
917 474 985 516 καὶ
1005 471 1142 516 ἄλλων
1165 471 1318 515 ἄλλοθι
1331 474 1336 477 ’
1349 470 1612 529 φερομένων,
1649 489 1726 514 κα-

245 545 385 603 θάπερ
414 548 497 589 τῶν
531 543 687 587 πλοίων
720 542 773 585 τὰ
804 542 1061 599 ἀκυβέρνητα
1071 575 1085 596 ,
1122 541 1259 599 φέρων
1285 540 1425 584 καὶσὺ
1455 540 1609 584 σαυτὸν
1641 547 1761 591 τοῒς5

209 615 447 665 Βέναντίοις
480 612 727 672 ἓπέῤῥιψας,
766 613 835 655 καὶ
874 609 1059 668 γλώττης
1093 610 1274 669 ἀφειδῶς
1298 609 1404 654 καθ’
1427 608 1546 667 ἡμῶν
1575 608 1728 666 ὁμοίως

249 685 348 742 ἔχεις
367 684 542 732 ἐκείνοις.
593 683 725 725 καίτοι
751 681 794 738 γ’
829 679 1011 738 ἀνάγκην
1031 679 1171 736 ἥκιστ’
1196 680 1314 735 ἴσμεν
1337 679 1532 735 οὐδεμίαν
1558 680 1633 740 βία
1654 696 1728 722 πε-

251 759 445 813 ριοῦσαν,
484 752 642 797 πείθειν
667 755 717 810 τῇ
746 752 951 810 θρησκείᾳ
982 751 1051 793 καὶ
1072 750 1149 807 τὴν
1180 751 1320 807 φιλίαν
1351 747 1457 805 ὃμοῧ
1491 750 1727 800 συνεξίστα-

100 827 143 863 V·
161 825 231 863 534
255 829 384 869 σθαι·
423 824 506 866 ἐπεὶ
527 823 595 865 καὶ
615 818 848 876 Λιβάνιον,
872 819 1052 876 Ἕλληνα
1078 819 1155 876 τὴν
1178 820 1405 877 θρησκείαν
1429 817 1529 862 ὅντα
1543 851 1558 872 ,
1593 821 1730 862 Βασι-

250 894 343 953 λείῳ
373 892 494 950 φίλον
530 890 632 934 εἷναι
662 892 759 946 ε’νῆν
791 894 851 949 τῷ
878 887 1042 948 μεγάλῳ
1060 903 1069 913 ·
1117 890 1184 932 καὶ
1220 886 1419 932 τοιούτων
1445 886 1467 932 ὃ
1499 889 1591 943 βίος
1620 888 1730 945 γέμει
1745 895 1787 930 10

250 966 517 1021 παραβολῶν.
556 959 734 1013 ’Έπειτ’,
772 959 869 1003 owe*
900 960 1058 1012 θέλων,
1103 963 1162 1018 τῷ
1190 962 1382 1019 Παλαμᾷ
1421 959 1731 1016 προστίθεσθαι

211 1032 474 1088 Οδυνηθείης
495 1028 558 1075 ἄν.
606 1027 736 1073 οἶσθα
765 1029 844 1087 γὰρ
871 1027 927 1080 ὡς
952 1026 1123 1087 Ἰωάννῃ
1154 1031 1213 1088 τῷ
1242 1025 1477 1086 πατριάρχῃ
1506 1029 1625 1080 ζῶντι
1654 1043 1730 1070 συ-

248 1101 330 1158 χνοὶ
358 1102 426 1144 καὶ
454 1097 560 1156 μετά
590 1116 632 1156 γε
663 1102 820 1155 πολλῆς
846 1102 922 1154 τῆς
953 1094 1097 1148 αἰδοῦς
1133 1098 1338 1156 προσιιὺν,
1386 1097 1514 1140 αὐτὸν
1538 1098 1614 1152 μὲν
1645 1102 1734 1145 τοῖς

254 1169 384 1228 ἁγίοις
402 1170 643 1218 συνέταττες
667 1167 781 1218 ὅλαις
801 1167 1025 1225 προθέσεσι
1043 1171 1118 1224 τῆς
1133 1172 1274 1223 ψυχῆς
1287 1181 1297 1191 ·
1326 1170 1540 1222 Παλαμᾶν
1559 1166 1602 1209 δ’
1626 1164 1731 1221 ὁμοῦ

253 1243 420 1296 βασιλεῖ
444 1239 777 1296 Καντακουζηνῷ
801 1235 954 1287 πάσαις
976 1236 1142 1287 ἔπλυνες
1167 1235 1311 1294 ὕβρεσι
1341 1234 1501 1293 νύκτωρ
1527 1237 1594 1278 καὶ
1623 1233 1728 1290 μεθ’
1745 1242 1789 1279 15

254 1308 435 1367 ἡμέραν,
474 1309 541 1351 καὶ
564 1307 724 1362 ἀσεβῶν
750 1306 1043 1364 ἀσεβεστέρους
1074 1303 1268 1350 ἁπάντων
1298 1303 1475 1356 ἐκάλεις·
1512 1306 1585 1348 καί
1615 1320 1731 1362 σφισι

257 1379 388 1434 ταχὺν
422 1377 494 1420 τὸν
523 1375 758 1435 ἀφανισμὸν
789 1376 959 1420 ἔσεσθαι
985 1374 1225 1433 προῦλεγες·
1263 1373 1319 1426 ὥς
1347 1373 1496 1431 ἣκιστα
1523 1372 1639 1430 μάλα
1668 1390 1735 1417 σοι

258 1450 556 1506 περιίστασθαι
585 1449 683 1500 νῦν,
718 1445 793 1502 τὴν
824 1445 929 1504 πρὸς
955 1444 1153 1488 τάναντία
1180 1444 1416 1501 μεταβολὴν
1443 1442 1735 1502 ἁρμόττουσαν

215 1515 386 1570 nebat,
427 1515 629 1565 συνέσεως
659 1513 769 1559 οὕτω
792 1517 859 1558 καὶ
882 1512 1017 1572 γήρως
1040 1513 1193 1569 ἒβζοντι,
1224 1516 1292 1557 καὶ
1317 1518 1497 1575 συνορᾷν
1525 1514 1735 1572 δυναμένῳ

257 1591 334 1642 τῆς
354 1582 551 1641 αἲσχῦνης
574 1584 621 1627 τὸ
643 1584 833 1641 μέγεθος.
870 1591 989 1628 ποῖον
1008 1584 1086 1641 γὰρ
1111 1583 1169 1627 ἴτι
1186 1581 1338 1641 χρόνον
1358 1587 1442 1626 τῶν
1463 1581 1736 1639 καθηκόντων
1747 1591 1792 1625 20

258 1655 455 1710 ἆναμενεΐ
467 1671 530 1705 τις
554 1651 816 1709 σύμβουλον,
851 1654 894 1697 ἓν
915 1651 1088 1710 τοιαύτῃ
1106 1653 1279 1709 γεγονώς
1296 1651 1460 1713 ’ἡλικίας
1496 1654 1563 1695 καὶ
1585 1649 1738 1702 πάσαις

258 1726 333 1781 μὲν
350 1724 429 1782 γὰρ
450 1722 624 1780 ἡλικίαις
643 1725 711 1767 καὶ
734 1721 876 1779 τύχαις
902 1721 1058 1780 ἀνάγκη
1082 1720 1216 1779 φόβον
1235 1721 1336 1766 εἶναι
1357 1720 1573 1774 θανάτου,
1603 1721 1738 1778 ἀγνω-

260 1796 330 1856 σία
349 1797 527 1851 μυστικῇ
554 1793 653 1844 τοὺς
673 1790 847 1843 κανόνας
866 1790 964 1849 ἡμῖν
982 1796 1056 1849 τῆς
1079 1794 1185 1848 ζωῆς
1203 1796 1279 1836 τοῦ
1301 1795 1406 1836 θεοῦ
1429 1789 1738 1849 συγκαλύπτον-

351 1869 385 1904 2.
408 1866 575 1914 ἐμμένεις
596 1881 686 1905 corr.
711 1869 825 1916 Capp.
849 1880 911 1915 pro
935 1866 1121 1914 ἐκμείνεις.

262 1937 461 1980 videbaris,
484 1937 628 1973 necdum
647 1938 772 1974 feceris
798 1937 985 1980 certiores,
1009 1937 1070 1973 sed
1086 1936 1193 1972 variis
1209 1937 1277 1971 huc
1293 1936 1374 1971 illuc
1397 1934 1522 1971 abduci
1546 1935 1739 1971 rumoribus

264 1988 301 2020 et
319 1983 479 2019 dubitare
497 1985 712 2030 permiseris,
735 1989 870 2027 utrum,
893 1984 1172 2030 quemadmodum
1193 1995 1276 2025 ηοε,
1301 1987 1338 2018 tu
1365 1995 1500 2029 quoque
1521 1982 1556 2017 in
1578 1982 1647 2016 illis
1677 1982 1740 2016 de-

265 2030 477 2066 finitionibus
504 2042 722 2076 permaneas3
755 2042 799 2065 an
816 2042 920 2073 vero,
947 2043 1019 2065 cum
1046 2031 1155 2066 veluti
1186 2030 1336 2076 procella
1361 2030 1529 2075 quaedam
1555 2030 1740 2064 vehemens

266 2077 434 2111 ecclesiae
450 2077 665 2122 dogmatibus
679 2077 897 2121 incubuerit,
922 2083 958 2112 et
974 2076 1033 2111 alii
1059 2077 1125 2113 alio
1142 2077 1300 2112 ferantur
1329 2076 1372 2110 de
1398 2088 1490 2111 more
1514 2075 1741 2120 navigiorum,

266 2135 359 2168 quae
374 2124 604 2168 gubernaculo
629 2128 768 2166 carent,
791 2123 827 2158 in
842 2123 1116 2159 adversariorum
1137 2129 1254 2169 partes
1271 2127 1307 2158 te
1323 2123 1436 2168 ipsum
1454 2122 1654 2163 conieceris„
1675 2133 1740 2156 nec

267 2181 375 2215 parce
402 2169 550 2214 linguam
572 2170 739 2204 adversus
762 2181 822 2204 nos
852 2182 982 2212 acuas,
1012 2170 1105 2205 sicut
1134 2170 1184 2205 ini
1210 2171 1376 2204 hactenus
1401 2173 1579 2204 acuerunt.
1634 2167 1743 2213 Atqui

268 2222 383 2250 tamen
410 2216 536 2251 nullam
562 2217 717 2251 novimus
745 2228 823 2251 esse
844 2217 1109 2259 necessitatem,
1135 2229 1224 2263 quae
1243 2216 1364 2261 adigat
1383 2221 1422 2250 ut
1440 2215 1538 2250 simul
1561 2226 1635 2249 cum
1658 2214 1742 2249 reli-

268 2261 372 2307 gione
389 2262 539 2297 amicitia
558 2262 635 2308 ipsa
649 2263 860 2309 deponatur3
885 2263 1157 2310 quandoquidem
1183 2262 1349 2304 Libanio‚
1375 2261 1532 2296 ethnicae
1561 2260 1741 2305 religionis

269 2307 417 2350 cultori,
440 2308 589 2344 amicitia
609 2321 683 2344 cum
698 2321 820 2354 magno
839 2310 970 2345 Basilio
989 2322 1066 2345 esse
1082 2309 1215 2356 potuit:
1241 2313 1277 2343 et
1293 2309 1439 2343 humana
1455 2308 1532 2342 vita
1547 2306 1743 2343 huiusmodi

269 2354 435 2400 exemplis
453 2355 583 2390 referta
607 2358 672 2392 est.
718 2356 819 2391 Adde
844 2356 936 2402 quod
954 2356 1136 2398 Palamae,
1161 2368 1225 2390 nec
1244 2355 1273 2389 si
1288 2355 1377 2389 velis
1397 2353 1554 2400 quidem,
1579 2352 1741 2388 assentiri

269 2412 391 2446 queas.
443 2402 557 2443 Nam,
588 2406 631 2436 ut
656 2401 768 2444 nosti,
800 2402 843 2436 ad
867 2403 1026 2437 Ioannem
1047 2403 1276 2449 patriarcham
1304 2401 1410 2435 multa
1441 2412 1515 2435 cum
1543 2399 1742 2435 reverentia

270 2458 377 2493 saepe
405 2447 606 2488 accessisti,
630 2459 776 2493 eumque
802 2454 877 2483 tota
903 2450 1094 2484 intentione
1122 2448 1224 2483 animi
1241 2447 1379 2482 Sanctis
1405 2448 1672 2489 annnmerabas3
1706 2445 1742 2480 in

270 2493 446 2530 Palamam
471 2499 584 2529 autem
605 2499 642 2528 et
656 2494 895 2540 imperatorem
914 2496 1190 2531 Cantacuzenum
1205 2494 1316 2529 omnia
1339 2493 1520 2528 maledicta
1539 2493 1598 2529 diu
1620 2495 1742 2528 noctu-

272 2550 340 2586 que
365 2540 579 2576 conferebas.
635 2541 856 2575 vocabantur
881 2542 940 2576 isti
968 2553 988 2576 a
1018 2547 1052 2576 te
1081 2541 1224 2576 omnium
1252 2539 1431 2586 impiorum
1457 2540 1600 2575 maxime
1627 2539 1742 2585 impii:

270 2598 357 2632 quos
371 2587 475 2622 etiam
491 2587 535 2621 de
554 2586 665 2621 medio
681 2588 860 2622 confestim
877 2588 1046 2623 sublatum
1062 2588 1106 2622 iri
1123 2587 1363 2633 praedicebas:
1388 2586 1439 2620 ita
1455 2591 1494 2621 ut
1511 2599 1578 2622 non
1599 2585 1742 2632 amplius

270 2632 338 2667 iam
356 2635 394 2668 te
408 2632 532 2668 deceat
545 2633 580 2668 in
601 2633 742 2668 alteram
764 2639 896 2679 partem
912 2634 1086 2676 converti,
1111 2646 1183 2669 cum
1208 2638 1338 2669 tantam
1354 2632 1571 2679 prudentiam
1588 2637 1624 2667 et
1643 2643 1743 2666 sene-

273 2682 403 2714 ctutem
423 2679 569 2726 adeptus
588 2679 716 2720 fueris,
741 2684 778 2714 et
795 2680 899 2715 facile
916 2681 1113 2727 perspicere
1132 2680 1269 2722 valeas,
1293 2682 1458 2726 quantum
1476 2679 1512 2714 in
1535 2692 1575 2715 re
1594 2679 1744 2713 dedecus

273 2724 399 2760 exinde
415 2726 463 2760 sit
485 2725 765 2761 redundaturum.
813 2726 884 2768 Qui
911 2727 998 2761 enim
1018 2740 1058 2762 eo
1083 2727 1206 2762 aetatis
1225 2731 1412 2772 provectus
1436 2729 1510 2768 est,
1535 2726 1636 2772 quale
1656 2729 1744 2759 tem-

272 2782 338 2816 pus
358 2772 592 2818 exspectabit,
615 2772 707 2817 quod
727 2784 804 2807 eum
823 2773 877 2807 sui
900 2773 1010 2808 officii
1031 2774 1239 2809 admoneat?
1269 2772 1360 2807 Nam
1385 2783 1460 2807 cum
1486 2772 1594 2807 omnis
1617 2770 1743 2806 aetatis

274 2820 312 2851 et
329 2817 489 2853 fortunae
507 2819 699 2854 hominibus
716 2819 867 2853 timenda
887 2819 935 2853 sit
953 2831 1066 2864 mors,
1089 2831 1130 2855 eo
1153 2819 1244 2866 quod
1269 2818 1365 2854 vitae
1386 2822 1525 2854 nostrae
1542 2822 1649 2854 metas
1669 2828 1743 2862 my-

275 2861 363 2900 stica
382 2864 530 2911 quadam
547 2865 765 2912 ignoratione
781 2865 875 2902 Deus
894 2866 1086 2910 obvelarit‚
1110 2870 1181 2903 tum
1200 2865 1344 2903 maxime
1361 2864 1405 2902 iis
1421 2865 1571 2902 timenda
1587 2867 1659 2906 est,
1683 2861 1742 2909 qui
