1754 3164
196 83 330 133 1216
383 141 386 144 ⁴
655 58 659 64 ’
724 87 1208 135 ANNOTATIONES.

192 193 468 250 οἷςὸπόσους,
498 202 575 237 etc.
633 195 683 236 In
698 195 848 237 Codice
859 195 1058 236 Wolfiano
1082 195 1215 238 minus
1237 197 1468 239 consultum
1491 204 1578 239 erat
1602 199 1733 239 famae

186 254 399 309 NiphoniS.
457 267 606 296 1³01vm.

300 323 399 379 Pag.
429 327 538 375 262,
567 327 611 366 2.
668 318 736 364 Ἐκ
755 325 830 377 τῆς
859 322 978 377 ἇγίου
996 319 1186 378 Ἀνδρέου
1208 323 1364 378 μονῆς]
1396 324 1453 364 De
1478 338 1559 377 quo
1587 338 1734 364 mona-

187 381 311 423 sterio
332 381 508 421 diximus
535 395 659 435 supra
681 381 733 420 ad
757 381 826 422 lib.
847 381 916 422 VI.
934 395 1022 435 cap.
1052 385 1090 424 1.
1112 395 1203 435 pag.
1223 385 1320 425 101.
1341 382 1387 421 F.
1427 396 1606 423 nummo.

302 448 399 504 Pag·
431 445 536 500 262,
567 450 607 495 5.
664 445 825 505 Ἀργίαν
850 446 1062 504 δηλονότι]
1092 450 1310 504 InterpreS,
1339 448 1540 502 videlicet,
1567 467 1615 489 ne
1632 450 1733 490 XL.

189 506 326 546 diebus
347 524 425 547 rem
444 507 619 548 divinam
637 505 846 562 facerent:
876 508 1086 559 edidimus,
1118 518 1160 546 ut
1186 523 1212 547 a
1233 524 1273 547 re
1288 506 1424 547 divina
1441 523 1511 562 per
1530 507 1630 547 XL.
1652 506 1736 546 dies

188 564 453 605 abstinerent:
502 579 598 606 mox
614 597 625 611 ‚
668 566 964 619 γονυκλισίαις,
1015 564 1377 620 deprecationibus,
1422 566 1735 615 emendavimus,

184 623 544 677 genzfflexionibus.
600 623 704 663 Vide
743 624 874 664 Gloss.
912 623 1018 664 med.
1051 623 1226 663 Graecit.
1261 624 1304 662 in
1344 622 1423 662 hac
1453 636 1567 662 voce.
1625 623 1736 662 Infra

186 681 452 732 προστασίαις
472 682 777 734 μοναστηρίων,
805 681 1053 735 παρῤησίαις
1074 680 1118 722 ἐν
1139 682 1369 734 βασιλείοις.
1399 680 1618 735 InterpreS‚
1641 679 1738 721 Ab·

189 735 334 787 batiae,
365 753 556 779 munera:
586 738 811 791 edidimus,
840 739 1169 778 monasteriorum
1189 737 1488 795 praefecturae,
1513 753 1736 792 praeroga-

188 796 293 833 tivae
314 795 356 833 in
381 793 551 848 palatio.
591 811 769 837 numne.
828 797 960 837 Vertit
988 795 1179 845 Wolfius,
1221 811 1269 835 ne
1300 794 1571 851 quadraginta
1601 794 1737 835 diebus

189 866 268 889 rem
306 849 483 892 divinam
519 853 725 911 jacerent.
784 854 1016 906 Ducangius
1053 854 1253 902 malebat,
1293 863 1337 892 ut
1367 867 1394 892 a
1427 869 1468 893 re
1497 851 1634 893 divina
1666 868 1750 907 per⁴

188 906 463 964 quadraginta
485 909 569 951 dies
597 910 861 952 abstinerent.-
890 926 972 951 non
998 911 1119 952 video
1145 925 1265 965 quam
1288 910 1340 950 ob
1368 924 1545 950 causam.
1583 923 1734 950 nonrm-

304 976 405 1035 Pag.
434 983 542 1031 262,
572 984 613 1024 7.
669 976 763 1023 Ἐπὶ
802 980 964 1035 ῥητοῖς]
1008 978 1122 1021 Certa
1161 979 1243 1034 lege
1284 978 1467 1035 affluitis,
1529 980 1595 1019 Sic
1630 980 1734 1018 infra

187 1034 259 1073 lib.
285 1035 393 1074 XIII.
419 1044 514 1076 sect.
535 1037 583 1076 II.
616 1037 683 1080 ἐπὶ
704 1039 842 1092 ῥητοῖς
865 1036 909 1081 τό
933 1036 1237 1094 συγκεχωρηκός
1260 1034 1486 1091 δεχόμενοι,
1515 1037 1585 1077 ubi
1617 1036 1754 1088 licen-¹

189 1093 288 1130 iiam
308 1094 424 1132 certis
444 1092 595 1147 legibus
618 1094 755 1135 datam
782 1107 1027 1151 acceperunt.
1085 1096 1233 1136 Videat
1253 1102 1386 1135 tamen
1412 1095 1553 1146 lector,
1587 1110 1635 1135 an
1655 1094 1736 1133 hoc

189 1149 281 1188 loco
307 1150 420 1190 malit
447 1152 666 1192 subaudire
688 1150 874 1208 χρόνοις,
902 1155 970 1194 vel
1001 1153 1115 1195 ἔτεσι.
1149 1154 1215 1192 Sic
1233 1153 1336 1192 infra
1354 1153 1427 1193 lib.
1445 1154 1515 1194 IV.
1539 1167 1626 1207 cap.
1647 1152 1735 1191 VII.

189 1213 288 1249 sect.
310 1210 349 1250 3.
378 1207 448 1250 καὶ
466 1206 563 1259 τούς
585 1208 659 1264 μὲν
681 1206 823 1267 ἆργεῖν
849 1214 923 1265 τῆς
944 1207 1166 1267 ἱερωσύνης
1185 1209 1390 1253 ἐκέλευσεν
1413 1210 1479 1254 ἐπὶ
1501 1211 1637 1266 ῥητοῖς
1659 1209 1735 1252 ἔτε-

188 1275 241 1306 σι.
278 1278 431 1306 nomm.

304 1333 404 1390 Pag-
435 1340 542 1388 262,
574 1341 642 1382 20.
699 1334 768 1380 Ἐν
789 1333 948 1387 τούτοις
974 1341 1060 1387 τοῖς
1085 1333 1263 1395 χρόνοις]
1294 1336 1529 1391 Pachymer.
1557 1336 1631 1378 lib.
1660 1336 1734 1379 XI.

188 1404 278 1446 cap.
299 1392 371 1434 IX.
430 1408 606 1436 nocuo.

309 1463 407 1516 Pag-
439 1466 548 1515 263,
581 1468 648 1507 17.
711 1466 844 1519 Φιλῆν
886 1462 958 1506 τόν
1001 1459 1309 1519 Παλαιολόγον]
1359 1463 1561 1503 Phranzes
1601 1463 1671 1503 lib.
1702 1464 1735 1504 I.

192 1532 278 1571 cap.
302 1518 373 1558 IX.
402 1520 661 1561 Theodorum
682 1522 838 1563 Philem
863 1521 907 1563 ἐκ
939 1525 1022 1563 τῶν
1049 1519 1299 1575 μεγιστάνων
1326 1521 1448 1561 habet
1469 1521 1736 1574 Pachymeres

190 1576 260 1615 lib.
289 1576 315 1618 1.
349 1590 438 1632 cap.
459 1579 567 1620 VIII.
609 1586 648 1619 et
677 1581 848 1620 alterum
879 1578 1033 1619 Philem
1060 1579 1135 1620 lib.
1166 1580 1238 1619 ΙΙΙ.
1269 1594 1356 1633 cap.
1386 1579 1514 1620 XVII.
1548 1580 1737 1618 Ioannem

195 1636 354 1687 Φιλῆν,
381 1639 463 1677 τῶν
490 1633 763 1692 εὐπατριδῶν,
795 1639 1063 1677 Cantacuzen.
1086 1637 1156 1676 lib.
1177 1638 1242 1678 IV.
1271 1651 1359 1691 cap.
1383 1637 1554 1678 XXXII.
1577 1643 1737 1676 exstant

189 1690 384 1732 Manuelis
405 1693 541 1734 Philae
565 1709 707 1734 versus
738 1696 900 1735 iambici
924 1695 967 1734 in
1001 1694 1154 1734 obitum
1182 1695 1358 1735 eiusdem
1383 1695 1545 1746 Georgii
1570 1694 1731 1746 Pachy-

190 1749 311 1788 meris
326 1780 338 1796 ,
369 1752 478 1804 apud
501 1753 690 1792 Allatium
712 1753 763 1793 de
786 1753 970 1805 Georgiis
988 1766 1077 1805 pag.
1099 1756 1195 1796 373.
1244 1753 1356 1792 Idem
1377 1752 1412 1791 is
1437 1752 1479 1790 ni
1502 1753 1636 1803 fallor,
1666 1766 1736 1791 cu-

190 1806 254 1845 ius
278 1807 409 1848 editus
435 1809 609 1850 habetur
630 1810 679 1849 de
704 1811 934 1850 animalium
962 1810 1236 1863 proprietate,
1269 1824 1385 1862 quem
1416 1809 1604 1849 Michaeli
1633 1811 1734 1863 imp.

190 1866 246 1920 τῷ
271 1863 371 1921 νέῳ,
402 1873 449 1906 ut
476 1869 653 1920 praefert
682 1869 779 1909 cod.
804 1870 898 1919 Reg.
924 1871 1072 1916 2216.,
1104 1868 1326 1906 Andronici
1353 1868 1523 1907 senioris
1548 1868 1646 1917 filio,
1677 1871 1737 1906 in-

193 1922 370 1975 scripsit.
429 1924 533 1965 Vide
558 1926 694 1965 Allatii
725 1932 913 1979 excerpta
948 1926 1099 1964 Romae
1126 1925 1231 1964 edita
1257 1939 1350 1978 pag.
1377 1928 1471 1968 339.
1505 1925 1549 1964 in
1579 1925 1737 1977 Chrey-

193 1977 386 2029 ghtonum
409 1996 502 2036 pag.
535 1986 634 2027 702.
662 1987 759 2028 703.
796 1982 1054 2024 Lambecium
1080 1983 1149 2023 lib.
1174 1983 1248 2024 HI.
1273 1983 1377 2023 Bibl.
1393 1983 1550 2026 Caesar.
1572 1997 1611 2036 p.
1639 1983 1734 2026 184.

192 2048 217 2075 D
224 2049 324 2076 UCAN
329 2053 369 2076 Gr.
385 2071 387 2075 .

307 2106 406 2160 Pag.
418 2107 524 2158 264,
546 2111 614 2151 12.
647 2104 733 2151 Οὔκ
757 2107 802 2151 ἐν
821 2113 908 2160 ταῖς
925 2105 1103 2165 κνήμαις
1119 2111 1193 2152 τοῦ
1211 2104 1359 2165 ἀνδρός
1381 2103 1562 2162 εὐδοκεῖ]
1584 2108 1734 2148 Psaim.

140 2223 143 2224 ⁷
196 2160 298 2213 145,
329 2166 394 2206 10.
453 2179 604 2207 BOIVIN.

312 2234 410 2287 Pag.
438 2234 544 2286 264,
575 2238 645 2279 20.
687 2234 820 2289 Φησὶ]
859 2235 1120 2277 Ecclesiastes
1156 2236 1334 2285 scilicet,
1364 2249 1452 2288 cap.
1477 2235 1550 2276 IX.
1585 2247 1626 2275 v.
1665 2237 1734 2278 11.

192 2302 343 2330 1³01V1N.
443 2312 450 2318 1

310 2357 413 2412 Pag·
444 2359 549 2410 265,
579 2363 618 2404 8.
677 2360 759 2402 Καὶ
781 2357 1017 2415 ὅμόπνους]
1048 2361 1161 2401 Alter
1185 2360 1313 2400 codex
1334 2359 1511 2400 habebat
1538 2355 1736 2414 ὅμόπους.

197 2414 287 2464 Qua
306 2416 479 2458 lectione
502 2417 693 2471 deceptus
711 2425 922 2471 verteram,
948 2421 1042 2475 pari
1058 2417 1192 2473 gradu
1211 2419 1406 2472 ingressus
1426 2428 1493 2460 est.
1538 2432 1735 2458 woers.

312 2488 411 2539 Pag·
444 2486 549 2537 265,
578 2490 645 2530 21.
701 2484 967 2544 Ξηρόγυψον]
999 2488 1192 2528 Thraciae
1215 2487 1386 2538 fluvius,
1418 2487 1532 2526 cuius
1554 2487 1737 2526 meminit

195 2541 524 2595 Theophylactus
545 2544 761 2584 Simocatta
786 2546 855 2589 lib.
874 2547 942 2588 VI.
965 2559 1056 2600 cap.
1076 2549 1115 2589 3.
1139 2551 1180 2585 et
1201 2544 1317 2584 Anna
1340 2546 1538 2585 Comnena
1564 2545 1631 2584 lib.
1648 2545 1736 2584 Vll.

196 2613 285 2653 pag.
305 2600 404 2643 215.
460 2615 637 2643 numne.

311 2667 411 2722 Pag.
442 2671 549 2720 269,
579 2670 645 2713 24.
679 2666 936 2724 Ἐκβάλλεται
955 2671 1025 2713 καὶ
1048 2672 1199 2724 Νίφων
1225 2674 1300 2713 τοῦ
1323 2672 1613 2724 πατριαρχικοῦ
1633 2666 1735 2723 θρό-

197 2741 285 2775 νου,
298 2726 431 2768 αἰτίαν
443 2724 632 2780 εἰληφαὶς,
651 2726 748 2782 ete]
774 2728 864 2768 Huc
876 2730 1050 2783 pertinet
1063 2730 1191 2769 oratio
1201 2730 1234 2768 N
1239 2728 1422 2782 icephori
1433 2727 1616 2776 Ghumni,
1635 2741 1735 2780 quae

200 2782 456 2836 inscribitur,
488 2783 643 2841 ἔλεγχος
666 2782 768 2828 κατὰ
785 2790 860 2829 τοῦ
876 2790 1013 2838 κακαῖς
1030 2783 1078 2829 τοὶ
1096 2783 1230 2830 πάντα
1250 2782 1639 2843 πατριαρχεόσαντος
1661 2785 1736 2826 Νί-
