1754 3164
570 136 1561 186 ANNOTATIONES1207

139 248 372 300 Pag.237,
404 250 473 291 13.
532 243 747 300 Θεόδωρον
764 243 839 289 τὸν
857 242 955 287 υἰόν
977 241 1109 301 αὐτῆς
1130 244 1204 290 τόν
1231 243 1444 300 δεύτερον]
1476 249 1560 288 Ρι-ἰ-

18 317 89 344 mo
115 304 273 356 genitus
302 303 408 344 enim
430 317 481 343 ex
501 303 582 344 hoc
608 305 788 344 secundo
809 303 1033 343 Andronici
1069 305 1256 360 coniugio
1285 306 1367 346 fuit
1392 306 1558 347 Ioannes

19 362 217 416 Despota,
247 361 364 401 cuius
381 363 507 414 paulo
537 370 629 402 ante
654 361 848 401 meminit.
903 375 1084 404 nocuo.

138 422 233 473 Pag.
262 422 371 470 237,
404 421 472 463 15
536 423 602 460 Τω
627 417 791 473 ἄρχοντι
809 421 1054 474 Πελασγῶν]
1085 419 1124 458 Is
1143 420 1223 459 fuit
1241 420 1409 460 Ioannes
1429 421 1558 475 Ange.

14 476 84 517 -lus
106 476 237 515 nuens
263 476 491 516 comnenus
515 477 676 517 Ioannis
704 477 1043 516 Sebastocratoris
1061 477 1190 529 filius,
1219 477 1271 518 de
1295 492 1377 532 quo
1403 480 1558 532 agimus

14 533 63 573 in
83 533 223 574 Famil.
243 533 409 585 Byzant.
432 548 475 587 p.
493 538 591 578 210.
648 548 825 574 nucase.

129 593 236 644 Pag.
264 593 371 640 237,
399 594 468 633 21.
529 593 706 647 Θυγατρί
719 608 830 640 τινος
843 586 1010 644 ὅνόματι
1031 588 1268 644 Σπινούλα]
1300 591 1557 645 Argentinae,

15 647 185 702 Opicini
209 647 400 700 Spinolae
420 648 526 688 filiae
555 650 709 691 unicae.
756 649 859 688 Vide
888 655 1058 688 stemma
1079 650 1409 702 Palaeologorum
1427 653 1556 692 Mont-

15 705 299 746 fex-ratensium
319 705 366 744 in
386 706 528 746 Famil.
550 708 718 759 Byzant.
741 720 782 759 p.
805 707 902 749 249.
960 721 1138 747 necno.

130 761 230 816 Pag.
258 765 365 813 238,
395 766 435 805 3.
493 763 605 805 Ἡδὲ
621 767 696 806 τοῦ
718 765 960 815 Mapnem'ov
983 760 1119 816 τάξις]
1152 763 1279 815 Atqui
1300 770 1434 804 tamen
1446 765 1555 805 Mar-

15 820 208 860 chionum
227 819 418 872 primitus
437 835 580 872 magna
601 836 650 860 ac
671 821 840 860 illustris
859 821 969 874 apud
995 822 1160 861 Latinos
1183 822 1262 860 suit
1282 823 1476 874 dignitas,
1506 830 1554 864 ut

15 878 88 930 qui
109 891 326 928 regnorum
345 878 544 918 limitibus
574 885 829 932 praeessent,
857 878 965 919 unde
995 879 1159 919 illorum
1179 879 1303 919 fluxit
1326 882 1553 921 nomencla-

14 941 119 976 mra.
146 935 251 974 Vide
271 935 404 979 Gloss.
428 937 535 978 med.
555 937 685 975 Latin.
739 950 918 976 nuc-axa.

133 995 227 1046 Pog·
254 995 361 1042 238,
390 996 434 1035 4.
462 992 512 1034 ‘O
527 992 604 1046 τήν
623 991 839 1047 βασιλικήν
855 992 1031 1047 κατέχων
1050 994 1252 1048 σημαίαν]
1283 994 1363 1034 Sed
1383 1001 1424 1034 et
1442 996 1552 1048 apud

11 1050 177 1090 Latinos
204 1049 410 1101 legionum
438 1052 506 1090 vel
528 1052 648 1098 etiam
676 1052 878 1091 exercitus
907 1052 1034 1091 totius
1057 1052 1274 1091 vexilliferi
1297 1051 1552 1092 marchiones

11 1121 218 1160 nunquam
235 1107 350 1159 dicti,
381 1108 491 1161 quod
514 1115 553 1148 et
576 1109 682 1148 infra
698 1109 860 1162 repetit.
919 1109 976 1148 Ita
1000 1123 1120 1162 saepe
1138 1115 1339 1162 nugantur
1363 1110 1552 1150 Graeculi

11 1165 81 1204 isti
101 1165 332 1217 scriptores,
350 1179 487 1205 rerum
506 1166 748 1206 nostratium
766 1166 930 1205 omnino
946 1167 1076 1219 ignari
1094 1181 1140 1206 ac
1158 1167 1347 1221 imperiti.
1376 1181 1550 1208 »σευ-ο

130 1225 370 1276 Ραὸη238,
401 1226 470 1266 10.
530 1224 586 1265 Οἱ
621 1222 667 1265 δὲ
700 1225 901 1265 Γαλατίαν
936 1224 1005 1265 καὶ
1030 1221 1206 1277 Ἰβηρίαν
1236 1224 1308 1265 καὶ
1349 1225 1551 1279 Κελτικήν

9 1237 298 1334 ὑπηγάγοντο]
341 1278 536 1320 Celticum
566 1288 686 1320 vocat
718 1296 819 1329 eam,
847 1296 951 1334 quae
981 1282 1104 1332 vulgo
1126 1280 1335 1322 Celtiberia
1361 1291 1547 1333 vocatur,

11 1338 80 1377 vel
109 1338 245 1390 potius
274 1351 362 1377 eam
385 1344 541 1391 partem
571 1339 750 1385 Galliae,
784 1353 885 1392 quae
915 1339 1133 1392 Hispaniae
1151 1339 1285 1378 vicina
1308 1346 1391 1391 est3
1426 1339 1550 1380 Gala-

11 1396 112 1434 tiam
137 1401 270 1434 autem
289 1395 469 1448 reliquas
489 1396 645 1436 Galliae
665 1396 908 1449 provincias.
942 1397 1141 1448 Gregoras
1162 1397 1333 1436 iberiam
1358 1397 1409 1436 ad
1427 1398 1548 1451 Alpes

10 1453 98 1492 fere
121 1466 249 1505 usque
266 1453 470 1505 pertinere
487 1453 744 1493 existimavit.
783 1454 884 1493 Nam
903 1453 1010 1492 infra
1027 1455 1140 1502 (sect.
1156 1454 1241 1503 vl.)
1262 1454 1548 1496 montisferrati

9 1507 334 1549 Marchionatum
353 1510 528 1549 collocat
540 1511 648 1550 inter
666 1511 787 1564 Alpes
805 1518 845 1550 et
864 1511 1098 1550 inferiorem
1123 1511 1305 1552 iberiam.
1333 1525 1489 1552 noivm.

126 1570 226 1620 Pug·
259 1570 369 1615 239.
400 1570 442 1610 3.
470 1566 516 1608 Ὅ
534 1566 577 1609 δὲ
594 1566 799 1620 Ῥωσικός]
830 1568 944 1617 Quae
964 1567 1034 1606 hic
1055 1568 1106 1607 de
1123 1569 1288 1608 Russiae
1305 1582 1377 1608 seu
1391 1570 1546 1609 Mosco·

8 1624 103 1664 viae
121 1624 324 1691 principi,
356 1623 423 1665 ἐπι
449 1625 666 1678 τραπέζης,
695 1639 768 1665 seu
785 1624 987 1680 dapiferi3
1015 1625 1171 1664 Morene
1191 1640 1263 1665 seu
1280 1626 1545 1680 Peloponnesi

6 1681 196 1731 domino,
224 1682 444 1734 Ριὶιιοίρὶε;
474 1681 743 1732 Athen-num,
774 1682 908 1735 magui
937 1682 1073 1733 ducis;
1102 1683 1290 1722 Boeotiae
1317 1690 1358 1722 et
1386 1684 1545 1723 Theba-

7 1752 124 1789 ιιιιιι,
155 1739 290 1790 magni
316 1739 560 1792 primicerii,
594 1756 642 1780 ac
672 1713 862 1792 denique⁰
873 1740 1054 1790 Siciliae,
1094 1740 1199 1792 regis
1232 1755 1254 1779 a
1284 1742 1543 1780 Constantino

7 1795 153 1847 Magno
185 1796 291 1836 datis
323 1796 586 1848 dignitatibus
617 1804 909 1837 commentatur
939 1798 1163 1849 Gregoras‚
1212 1812 1343 1837 merae
1369 1806 1463 1838 sunt
1494 1813 1542 1839 ac

9 1854 136 1892 aniles
154 1854 318 1892 omnino
344 1855 525 1906 fabulae,
560 1869 661 1907 quas
683 1855 889 1905 refellere,
919 1869 1083 1907 operam
1103 1862 1208 1895 esset
1231 1856 1384 1897 ludere.
1442 1856 1542 1896 Nam

6 1917 56 1950 ut
77 1910 129 1951 de
144 1912 312 1950 Russica
338 1919 505 1962 taceam,
535 1926 638 1965 quae
655 1911 797 1952 nullibi
815 1912 1007 1960 occurrit,
1036 1918 1214 1953 caeterae
1233 1927 1316 1952 non
1335 1928 1357 1952 a
1375 1913 1542 1953 Graecis

7 1968 81 2008 sed
109 1983 133 2007 a
159 1969 312 2008 Latinis
332 1976 557 2010 manarunt.
617 1970 697 2019 Qui
721 1970 827 2010 enim
855 1984 906 2008 ex
928 1970 1074 2009 nostris
1092 1976 1188 2023 post
1216 1977 1373 2024 captam
1402 1972 1541 2011 urbem

5 2025 174 2066 Athenis
198 2026 471 2079 imperarunt,
511 2027 660 2067 ducum
695 2028 1005 2080 appellationem
1032 2027 1099 2066 vel
1130 2027 1291 2068 sibimet
1315 2028 1542 2082 adscripse-

4 2089 123 2128 runt,
154 2083 222 2122 vel
243 2083 294 2122 ab
309 2083 619 2138 imperatoribus
638 2086 789 2124 Latinis
809 2085 1085 2134 obtinuerunt,
1109 2085 1221 2137 iique
1242 2086 1362 2125 simul
1377 2093 1418 2126 et
1438 2085 1541 2125 The-

4 2139 70 2180 bis
98 2140 375 2193 imperarunt,
414 2142 600 2194 quamvis
625 2143 824 2194 Gregoras
852 2142 1034 2182 diversos
1067 2142 1192 2181 fuisse
1222 2142 1471 2183 Athenarum
1498 2149 1540 2182 et

4 2197 236 2237 Thebarum
269 2198 455 2238 dominos
491 2198 561 2238 hic
591 2200 755 2249 innuat,
792 2199 889 2238 licet
924 2199 1030 2238 infra
1067 2213 1155 2252 cap.
1177 2200 1265 2241 VII.
1291 2201 1538 2241 contrarium

6 2262 222 2305 agnoscat;
261 2255 332 2308 qui
360 2256 523 2307 quIdem
554 2253 720 2310 μεγάλοι
750 2252 902 2310 ,Κύριοι
933 2271 956 2295 a
985 2258 1174 2308 Graecis,
1212 2272 1235 2297 a
1263 2258 1410 2298 nostris
1439 2271 1536 2296 vero

7 2310 173 2352 Grands
193 2312 327 2363 Sires,
351 2313 396 2353 id
417 2320 478 2353 est
502 2315 640 2366 magni
662 2312 838 2364 domini,
866 2321 1034 2368 propter
1054 2318 1269 2355 vastiorem
1297 2329 1435 2356 eorum
1461 2314 1537 2352 do·

4 2370 266 2410 minationem
290 2371 414 2423 vulgo
441 2371 773 2424 appellabantur,
803 2384 885 2410 non
904 2384 1002 2412 vero
1030 2386 1083 2412 ex
1103 2386 1206 2413 voce
1235 2368 1537 2429 Πριμμικήριος

4 2434 219 2479 corrupta,
252 2433 298 2467 ut
312 2426 382 2467 hic
402 2434 444 2468 et
464 2442 552 2481 cap.
572 2429 661 2470 vn.
683 2434 871 2480 nugatur.
925 2442 1097 2468 nucaxo.

122 2487 219 2553 Pag3
245 2484 352 2535 240,
384 2489 423 2528 1.
484 2485 570 2527 Και
585 2489 660 2539 τῆς
682 2501 793 2527 κατω
809 2481 1004 2557 Ἰβηρίας]
1032 2487 1118 2526 Imo
1142 2486 1308 2526 Galliae.
1355 2497 1532 2526 nocane.

5 2543 149 2582 ,Κεῖται
175 2536 219 2583 δ’
245 2557 273 2594 η
306 2538 421 2596 χώρα
447 2539 550 2594 αὕτη
579 2539 727 2593 μεταξύ
754 2558 837 2584 που
863 2539 975 2584 Ἀλπ.
1004 2543 1076 2586 καὶ
1104 2547 1179 2597 τῆς
1204 2558 1315 2584 natm
1333 2537 1532 2595 Ἰβηρίας]

5 2599 208 2650 Gregorae
225 2599 364 2652 itaque
384 2598 553 2655 inferior
569 2598 702 2640 Iberia
722 2606 783 2640 est
807 2601 917 2652 regio
942 2601 1036 2652 iua,
1066 2615 1166 2654 quae
1188 2600 1237 2639 ab
1261 2599 1454 2651 Hispania
1480 2599 1529 2638 ad

2 2655 295 2698 montisferrati
324 2657 476 2697 limites
513 2670 644 2710 usque
682 2658 935 2711 extenditur,
974 2665 1024 2698 ut
1060 2666 1101 2698 et
1136 2670 1258 2710 supra
1286 2661 1532 2698 annotatum.

0 2726 157 2753 nonus.

0 2771 15 2798 ’·
112 2772 222 2823 ΑΡειις.
249 2769 359 2819 240,
389 2774 461 2814 20.
504 2766 652 2825 ’Ἕτερα
674 2767 716 2812 δ’
738 2765 866 2820 αὖθις
884 2769 1181 2825 βουλευομένης
1197 2764 1328 2822 αὐτῆς
1348 2768 1441 2822 περὶ
1457 2771 1535 2810 τοῦ·

0 2826 122 2879 υἱοῦ]
153 2828 219 2867 An
239 2827 427 2880 intelligit
451 2827 597 2868 initum
625 2829 676 2868 ab
705 2842 755 2868 ea
782 2829 997 2869 consilium
1017 2828 1068 2869 de
1096 2828 1168 2867 illo
1192 2826 1235 2866 in
1254 2826 1533 2866 Lombardiam
