1794 3172
338 133 658 181 HISTORIAE
688 132 1066 178 BYZANTINAE
1095 131 1195 178 XV.
1224 134 1266 179 4.
1450 122 1554 173 759

59 254 199 294 λευται
212 263 222 273 ·
258 247 333 292 τὸν
351 246 397 290 δὲ
407 249 483 290 τοῦ
501 242 838 302 τετελευτηκότος
856 244 948 288 υἶόν
966 242 1173 300 βασιλέως
1203 241 1414 303 εἶληφέναι
1442 260 1554 301 γαμ-
1576 261 1615 295 Α,
1632 262 1670 298 c,
1686 257 1779 298 1346

57 320 164 379 βρὸν
201 319 265 362 ἐπὶ
292 317 476 374 θυγατρὶ
517 314 623 373 πρὸς
660 315 860 371 διαδοχὴν
896 319 973 371 τῆς
1001 314 1243 368 βασιλείας·
1281 318 1455 371 πρᾶγμα
1486 310 1689 356 ‹indm-1⁰·
1709 310 1777 342 Pa-

54 388 275 446 ’καιότερον
301 388 403 438 ἴσως
424 387 492 429 καὶ
522 385 702 442 ἥμερον,
738 387 806 428 καὶ
825 382 964 440 πάσης
991 384 1192 439 μέμψεως
1211 380 1433 442 ὖπερόριον
1459 381 1554 439 ἕχον

60 460 133 503 τὸν
157 458 280 503 πόδα.
319 451 369 502 οὗ
395 455 502 500 κατὰ
530 453 732 511 βούλησιν
758 456 882 498 θείαν
911 453 986 497 οὐκ
1011 452 1155 507 ὄντος,
1187 450 1244 504 ὦς
1274 453 1399 507 ἔοικε,
1430 458 1596 497 avve-1⁴2

30 527 263 576 5πεπτῶκει
292 527 398 582 κάμὲ
423 525 527 584 πρὸς
553 526 794 582 ἐπισφαλεῖς
821 525 1007 574 διανοίας
1038 523 1110 567 τὸν
1132 527 1233 567 νοῦν
1261 522 1451 581 ἀγαγεῖν,
1482 525 1551 567 καὶ

59 599 256 655 πολέμιον
281 595 450 655 ἰσχυρὸν
479 602 567 646 τοῖς
588 596 740 638 ἐκείνου
767 592 971 645 τοιούτοις
989 591 1247 648 βουλεύμασι
1274 598 1548 650 καταστῆναι,

59 667 385 725 ἀναμνησθέντα
404 669 480 721 τῆς
500 669 577 709 τοῦ
597 669 825 721 τηνικαῦτα
853 661 1229 722 πατριαρχεύοντος
1242 663 1451 722 Ἀρσενιόυ
1469 681 1555 708 νω-

61 737 293 798 θρότητος·
332 736 391 780 δι’
418 735 493 792 ἣν,
528 732 585 786 ὡς
603 733 702 790 ἡμῖν
723 752 766 792 γε
789 732 1025 790 νενόμισται
1035 767 1050 787 ,
1083 734 1285 792 ἐπιορκίαι
1305 735 1487 777 ποικίλαι
1507 751 1552 778 τε

59 811 127 852 καὶ
150 805 368 867 φρικώδεις
391 805 663 868 προῦβησαν,
699 807 769 848 καὶ
798 804 851 848 τὰ
873 809 949 861 τῆς
974 802 1067 847 τότ’
1100 804 1262 854 ἀδικίας
1282 805 1347 847 ἐπὶ
1363 803 1412 848 τὸ
1435 804 1550 861 με’γι-
1560 808 1684 848 Ρ.476

1 888 48 926 10
61 896 163 923 στον
181 868 481 935 προκεχωρήκει
495 890 504 899 ·
548 873 605 926 ὥς
623 876 781 918 ἐκεῖθεν
802 878 877 931 τῆς
893 878 970 918 τοῦ
988 878 1094 918 θεοῦ
1115 875 1313 932 σφοδρῶς
1331 874 1551 918 ἓκκαυθεί-

58 966 136 1006 σης
155 948 318 1007 ὀργῆς,
340 946 395 990 τὰ
416 946 589 1002 μέγιστα
609 945 716 1008 κατὰ
730 943 944 1000 Ῥωμαίων
962 948 1200 1001 βλαστῆσαι
1219 944 1342 1005 κακὰ,
1374 945 1443 987 καὶ
1464 962 1552 999 μα-

57 1018 184 1077 κροὺς
202 1018 524 1072 κακοδαιμονίας
554 1016 777 1073 ἐγερθῆναι
798 1014 907 1058 κατὰ
927 1019 1012 1058 τῶν
1036 1019 1184 1058 κοινῶν
1206 1012 1465 1072 πραγμάτων,
1482 1017 1552 1058 καὶ

55 1090 221 1144 βιαίους
247 1085 463 1137 κλύδωνας
503 1085 599 1143 ἄχρι
629 1086 698 1128 καὶ
735 1085 777 1135 ἒς
820 1084 898 1141 τὴν
926 1082 1118 1143 τήμερον.
1159 1083 1277 1144 ᾤμην
1294 1084 1399 1142 γὰρ,
1439 1083 1496 1135 ὡς
1516 1086 1552 1127 εἰ

57 1162 193 1212 ζῶσαν
212 1157 314 1214 ἔχων
334 1158 483 1207 ἐκεῖνος
513 1154 607 1199 τότε
632 1155 775 1211 ψυχὴν
809 1154 1041 1199 ἀνθίστατο
1073 1162 1160 1206 τοῖς
1176 1155 1343 1204 ,ἐκείνου
1364 1156 1553 1213 περὶτῆς

0 1240 44 1275 15
54 1229 268 1283 βασιλείας
293 1224 555 1283 βουλεύμασί
577 1242 621 1269 τε
651 1227 720 1268 καὶ
745 1223 1003 1282 πράγμασιν,
1048 1222 1190 1282 ἥκιστ’
1221 1223 1274 1268 ἂν
1302 1222 1438 1282 δήπου
1473 1232 1588 1269 ’το-Β

55 1302 192 1342 σαῦτα
213 1297 321 1341 κατὰ
334 1294 549 1352 Ῥωμαίων
569 1295 733 1351 ἕκέχυτο
752 1295 806 1339 τὰ
823 1293 948 1340 δεινά.
987 1293 1089 1339 ὅθεν
1105 1295 1182 1353 τὴν
1199 1292 1293 1339 τότε
1311 1292 1551 1354 προσήκου-

55 1386 134 1412 σαν
165 1368 242 1424 μὲν
264 1368 519 1425 θεραπείαν,
555 1364 705 1422 ἥκιστα
738 1366 784 1409 δὲ
812 1365 1057 1422 γενομένην,
1096 1367 1140 1410 ἓν
1171 1372 1261 1416 τοῖς
1284 1370 1359 1410 νῦν
1390 1372 1551 1424 καιροῖς

54 1441 122 1483 καὶ
150 1435 389 1496 πράγμασιν
418 1437 728 1480 ἐπιδείκνυσθαι
750 1435 890 1480 θέλων
917 1435 1068 1490 αὐτὸς,
1115 1437 1185 1479 καὶ
1204 1433 1337 1480 πολύν
1361 1453 1454 1479 τινα
1473 1435 1548 1479 τὸν

52 1514 188 1567 τῦφον
218 1509 287 1550 καὶ
317 1507 395 1563 τὴν
425 1506 559 1565 ὄφρῦν
591 1506 909 1563 ἐπισυρομένους
927 1506 1099 1563 θρέψας
1121 1505 1343 1563 λογισμοὺς
1352 1539 1366 1559 ,
1403 1502 1550 1564 ἁπάσῃ

0 1588 43 1622 ΞΟ
55 1578 253 1634 προθέσει
281 1581 423 1633 ψυχῆς
453 1578 509 1626 εἷς
528 1576 601 1619 τὸν
623 1575 731 1619 κατὰ
751 1579 828 1619 τοῦ
848 1577 1200 1632 Καντακουζηνοῦ
1230 1576 1447 1631 διανέστην
1467 1573 1548 1619 πό-

53 1652 197 1703 λεμον,
219 1650 415 1703 λαμπρᾶς
435 1663 546 1696 τινος
560 1647 691 1701 δῆθεν
705 1643 953 1703 προφάσεως
970 1644 1074 1702 ἔχων
1093 1643 1241 1704 ἐφόδια
1264 1645 1369 1703 πρὸς
1391 1645 1550 1704 διέγερ-

53 1735 145 1770 σιν,
182 1715 236 1760 τά
257 1734 300 1760 τε
329 1715 437 1759 ἄλλα
476 1717 545 1759 καὶ
578 1714 690 1766 ὅπως
719 1716 764 1759 ἐκ
794 1719 870 1759 τοῦ
899 1720 1157 1774 παραχρῆμα
1181 1715 1287 1774 πρὸς
1309 1713 1584 1772 ὖπεροψίανῦ

51 1787 190 1844 ἤθους
210 1785 360 1830 ἑαυτὸν
377 1783 662 1841 μετεσκεύασε,
693 1786 762 1828 καὶ
779 1783 870 1841 ἅμα
889 1785 967 1829 κᾶν
983 1793 1076 1837 ταῖς
1094 1790 1176 1829 τῶν
1198 1786 1356 1830 οἰκείων
1378 1786 1545 1829 ἐπιστο-
1554 1797 1598 1833 V.
1610 1798 1681 1834 385

52 1862 135 1901 λῶν
169 1857 461 1913 ἐπισημασίαις
491 1855 539 1900 τὸ
567 1853 750 1913 σύνηθες
780 1857 934 1900 δοῦλον
965 1855 1193 1911 ἀπείπατο,
1237 1853 1546 1915 ἀφαιρούμενος

259 1945 269 1960 1

1599 357 1697 391 laeol.
1705 355 1731 391 5

49 2018 156 2050 tatem
181 2024 368 2060 arrogare,
397 2013 526 2050 mortui
544 2018 658 2050 autem
677 2013 896 2062 imperatoris
921 2014 1028 2050 filium
1060 2025 1228 2061 generum
1254 2017 1292 2050 et
1307 2013 1447 2061 imperii
1463 2026 1545 2050 suc-

49 2073 219 2097 cessorem
239 2063 417 2097 adsumere
437 2062 616 2098 decrevit:
639 2061 676 2097 id
698 2062 792 2109 quod
816 2062 942 2097 iustius
961 2063 1111 2098 fortasse
1130 2062 1403 2108 benigniusque,
1428 2065 1465 2097 et
1482 2074 1546 2097 ex-

48 2113 106 2143 tra
131 2120 262 2143 omnem
287 2109 588 2154 reprehensionem
617 2108 764 2154 positum
794 2113 880 2145 erat.
928 2109 1001 2144 Sed
1023 2109 1104 2155 quia
1123 2109 1213 2152 alia,
1238 2114 1278 2144 ut
1291 2109 1451 2151 videtur,
1474 2109 1544 2144 Dei

47 2155 208 2191 voluntas
226 2155 306 2197 fuit,
329 2167 371 2190 eo
390 2156 520 2191 factum
538 2159 603 2197 est,
627 2161 666 2190 ut
683 2162 720 2191 et
733 2156 810 2203 ipse
827 2156 872 2192 ad
888 2156 1045 2192 incautas
1061 2156 1292 2202 cogitationes
1312 2155 1460 2191 animum
1478 2168 1544 2202 ap-

48 2203 225 2248 pellerem,
250 2206 287 2237 et
302 2202 401 2237 hisce
418 2202 510 2237 illius
527 2202 680 2237 consiliis
698 2203 829 2239 hostem
848 2216 903 2239 me
919 2203 1122 2239 acerrimum
1140 2214 1359 2250 opponerem,
1384 2214 1461 2238 cum
1475 2204 1544 2238 Ar-

49 2249 151 2291 senii,
175 2249 237 2294 qui
255 2248 455 2295 patriarcba
471 2249 541 2284 illis
556 2250 766 2304 temporibus
782 2251 862 2294 fuit,
888 2250 1081 2285 socordiam
1100 2248 1211 2285 animo
1227 2255 1458 2297 reputassem,
1480 2260 1544 2295 per

48 2307 150 2341 quam
169 2295 351 2338 effectum,
375 2308 450 2331 meo
475 2296 612 2343 quidem
631 2297 781 2340 mdicio,
805 2303 844 2333 ut
862 2297 897 2332 in
917 2297 1018 2332 varia
1037 2298 1280 2344 horrendaque
1303 2296 1455 2343 periuria
1474 2296 1547 2331 ire·

47 2346 120 2384 tur,
139 2346 176 2377 et
192 2353 235 2376 ea
252 2354 340 2388 quae
356 2347 428 2377 tum
449 2343 585 2378 exstitit
601 2343 728 2379 iniuria
745 2343 1240 2390 progredereturlongissime;
1264 2344 1317 2379 ita
1335 2347 1387 2386 ut,
1405 2343 1543 2378 numine

47 2389 150 2434 gravi
176 2388 229 2423 ira
253 2401 423 2433 accenso,
453 2390 600 2425 maxima
618 2390 702 2425 inde
719 2390 755 2425 in
773 2392 945 2426 Romanos
968 2391 1167 2436 pullularint
1192 2391 1302 2432 mala,
1324 2401 1542 2436 magnaeque

47 2435 84 2470 in
101 2436 343 2481 rempublicam
361 2437 575 2472 calamitates
595 2441 631 2472 et
648 2437 791 2473 violenti
809 2438 852 2473 ad
871 2438 1067 2473 hodiernam
1084 2449 1192 2484 usque
1208 2438 1297 2472 diem
1313 2437 1439 2472 fluctus
1457 2448 1541 2482 pro-

46 2482 217 2528 ruperint.
263 2483 434 2519 Putabam
454 2484 565 2526 enim‚
590 2484 620 2518 si
641 2484 684 2526 is,
705 2485 816 2519 animo
834 2484 908 2520 acri
929 2489 965 2519 et
981 2485 1102 2520 vivido
1122 2485 1323 2531 praedituS,
1347 2483 1440 2518 illius
1456 2488 1541 2518 tunc

48 2529 93 2562 de
109 2529 252 2574 imperio
269 2529 464 2566 invadendo
482 2531 635 2566 consiliis
653 2531 953 2577 molitionibusque
971 2531 1178 2574 obstitisset,
1194 2531 1330 2566 minime
1348 2529 1468 2576 utique
1485 2533 1541 2564 tot

46 2575 137 2610 mala
159 2575 396 2613 redundatura
414 2578 450 2612 in
470 2578 642 2612 Romanos
666 2577 785 2613 fuisse.
832 2578 1040 2614 Medicinam
1056 2579 1183 2624 igitur,
1209 2590 1298 2624 quae
1317 2582 1390 2612 tum
1409 2587 1540 2623 oppor-

45 2626 131 2655 tuna
149 2621 286 2667 quidem
304 2629 392 2667 erat,
417 2624 478 2659 sed
497 2625 693 2672 neutiquam
710 2625 804 2659 facta
822 2630 888 2667 est,
908 2637 986 2660 cum
1003 2625 1080 2671 ipse
1096 2626 1162 2660 hoc
1177 2629 1331 2670 tempore
1349 2628 1457 2669 atque
1472 2624 1540 2658 hoc

45 2678 159 2702 rerum
180 2673 275 2703 statu
293 2670 417 2706 vellem
437 2671 622 2714 adhibere,
647 2678 684 2706 et
707 2671 935 2716 cogitationes
954 2672 1066 2707 animo
1087 2672 1214 2707 alerem
1234 2671 1355 2718 plenae
1374 2671 1486 2704 fastus
1503 2673 1542 2704 et

46 2715 288 2759 arrogantiae,
312 2717 403 2752 omni
427 2718 544 2753 studio
566 2718 610 2752 ad
637 2719 910 2764 persequendum
935 2719 1025 2754 bello
1047 2719 1324 2753 Cantacuzenum
1349 2716 1445 2751 erexi
1462 2727 1541 2758 me;

44 2762 222 2806 speciosas
238 2762 404 2799 videlicet
418 2765 587 2810 'quasdam
605 2777 740 2806 causas,
759 2765 884 2811 quibus
900 2770 1061 2812 tanquam
1078 2765 1304 2800 irritamentis
1318 2769 1449 2805 uterer,
1467 2767 1540 2797 tum

42 2808 129 2842 alias
152 2808 304 2852 babens,
327 2815 397 2845 tum
417 2812 586 2854 maxime,
609 2812 701 2857 quod
721 2812 897 2857 ingenium
921 2825 1018 2848 suum
1037 2812 1096 2847 ille
1115 2812 1160 2846 ad
1182 2810 1380 2858 superbiam
1395 2814 1540 2856 repente

42 2854 276 2899 traduxisset,
300 2867 342 2903 ac
361 2857 398 2892 in
418 2858 572 2905 propriis
599 2858 760 2905 epistolis
789 2859 1015 2905 obsignandis
1046 2859 1209 2895 usitatum
1236 2857 1387 2893 subditis
1412 2867 1539 2902 morem
