1754 3164
163 142 295 191 1364

206 253 265 291 14.
298 255 430 300 legatos
463 254 508 290 ad
533 255 664 301 Papam
688 255 812 297 mittit,
848 268 911 302 per

205 313 293 348 quos
326 303 370 336 ‹le
403 302 592 337 evertendo
628 303 754 337 Carolo
796 307 833 337 et
867 304 912 338 de

207 348 392 383 concordia
416 349 490 394 agit
524 350 611 394 125,
642 351 676 387 3.
710 349 912 395 Palaeologi

205 395 332 430 blanda
355 399 390 430 et
416 395 604 431 artificiosa
629 396 741 431 oratio
768 408 911 431 concor-

207 443 297 476 diam
321 442 540 477 eeclesiarum
565 443 741 478 suadentis
759 444 835 486 126,
856 445 911 480 15

205 488 374 523 severitas
407 489 444 523 in
477 495 696 525 contumaces
732 492 910 532 127,12.

204 535 435 580 palaeologus
476 537 670 571 Lachanam
710 537 911 583 Bulgarum,

205 582 345 628 oppidis
368 583 529 618 Romanis
558 584 809 627 imminentem,
851 596 912 619 an-

203 635 382 664 tevertere
406 636 433 663 s
427 630 549 664 atuit:
571 630 693 665 loanni
715 631 833 673 Asani,
860 632 911 666 le-

203 676 326 722 gitimo
351 676 527 722 Bulgarici
554 677 655 723 regni
685 677 827 721 heredi,
868 677 913 712 fi-

203 724 285 758 liam
307 735 400 758 suam
424 724 546 758 11.-011011
570 725 790 770 despondet·
827 736 912 759 eun-

204 770 281 805 dem
304 782 382 804 cum
415 771 547 815 magnis
579 772 688 817 copiis
711 772 748 806 in
777 771 911 827 Bulga-

203 817 289 852 riam
312 818 420 852 mittit
445 798 530 861 132,
564 821 597 855 6.
630 819 675 854 ob
699 818 799 853 unius
824 819 912 854 civis

205 865 255 910 By
262 865 391 899 zantini
416 865 557 900 caedem
581 865 730 900 minatur
756 872 911 901 extrema

204 912 450 947 Genuensibus
476 912 671 948 Galataeis:
696 912 830 949 veniam
849 913 912 948 dat

205 959 294 1002 134,
328 962 361 995 1.
403 971 522 995 eorum
562 961 689 994 fastum
730 959 910 1002 imminuit,

202 1017 362 1051 magnum
387 1007 572 1042 exercitum
597 1006 725 1041 'lurcis
746 1006 909 1052 opponit·

203 1053 308 1087 duces
334 1054 494 1099 praeficit
515 1053 672 1089 incautos
691 1055 800 1095 139,4
778 1056 812 1086 2.
837 1054 910 1088 Ro-

201 1100 294 1135 mani
316 1100 353 1134 in
374 1101 515 1135 insidias
535 1101 704 1147 pertracti
722 1101 911 1135 caeduntur

205 1147 286 1189 140,
310 1147 344 1183 6.
367 1148 432 1182 Pal
435 1149 620 1192 aeologus,
661 1148 791 1183 munita
820 1148 911 1182 San-

202 1193 294 1239 gatii
316 1194 412 1240 ripa,
443 1195 642 1239 Bithyniam
666 1199 817 1229 tutatur.
850 1206 910 1228 co-

202 1240 284 1322 piae
308 1241 381 1275 eius
403 1246 591 1276 terrestres
614 1252 655 1275 ac
675 1242 815 1276 navales
834 1240 910 1275 aliis

229 1288 304 1322 eliis
326 1287 518 1323 distractae
545 1289 811 1331 140,12.cum
835 1287 910 1322 ca-

203 1335 277 1370 rolo
300 1346 386 1380 rege
405 1341 626 1389 comparatur
645 1334 796 1378 144,11.
821 1334 911 1368 Fre.-

203 1382 356 1416 (leticum
380 1381 522 1416 Siciliae
545 1394 661 1427 regem
682 1383 719 1416 in
749 1381 911 1416 Caroluni

203 1434 335 1463 armat:
379 1441 420 1464 eo
454 1433 530 1464 astu
565 1429 708 1464 classem
732 1428 851 1462 Caroli
874 1427 911 1461 111

201 1475 339 1510 Siculos
371 1477 500 1510 avertit
538 1476 716 1518 146,16.
762 1473 910 1528 publicis

204 1522 368 1569 precibus
390 1523 561 1566 indictis,
601 1522 791 1558 exercitum
816 1534 880 1567 cog
860 1520 912 1556 nit

205 1570 294 1610 146,
326 1569 383 1606 24.
408 1570 544 1615 legatos
575 1570 681 1604 mittit
705 1569 749 1604 ad
773 1569 910 1613 Nogam

201 1617 369 1662 Scytham
395 1617 532 1652 affinem
555 1629 671 1652 suum.
711 1615 840 1650 auxilia
865 1615 910 1649 ab

203 1676 244 1698 eo
269 1663 415 1728 accipit:
440 1664 648 1699 Thessaliae
672 1676 727 1699 ex.
717 1663 778 1698 tio
801 1661 911 1697 immi-

201 1715 262 1746 net
277 1709 355 1754 149,
370 1713 424 1748 16.
448 1712 561 1746 subito
580 1711 698 1746 morbo
718 1714 911 1756 correptus,

202 1769 271 1792 non
284 1763 402 1804 potest
417 1758 589 1794 destinata
606 1757 767 1804 exsequi:
791 1757 910 1792 audito

202 1805 355 1840 locorum
378 1806 534 1848 nomine,
568 1805 801 1840 reminiscitur
828 1815 909 1838 ora-

202 1852 289 1887 culi:
312 1851 407 1886 dolet
425 1865 476 1895 se,
500 1852 695 1897 aenigmate
713 1851 908 1896 deceptum,

202 1900 319 1934 oculos
342 1898 418 1934 viro
441 1899 568 1935 insonti
590 1898 755 1934 effodisse
772 1900 851 1940 150,
877 1899 908 1933 1.

202 1946 366 1981 moritur:
408 1946 481 1982 eius
524 1946 674 1982 cadaver
714 1947 910 2000 neglectum

205 1994 292 2036 152,
313 1994 370 2029 23.
407 1994 507 2028 dotes
531 1993 695 2028 eximiae·
731 1991 909 2028 conscien-

204 2039 273 2074 tia:
320 2039 450 2075 caritas
485 2041 520 2075 in
545 2041 674 2075 liberos
697 2039 803 2075 nimia
829 2040 909 2095 153,

205 2088 261 2123 15.
282 2086 469 2123 liberorum
492 2099 606 2123 amore
628 2087 683 2121 ius
706 2098 804 2121 omne
832 2086 911 2121 vio-

203 2133 311 2168 lavit:
353 2134 519 2169 scelerum
552 2135 687 2169 fructus
719 2132 806 2176 154,
853 2135 909 2170 18.

204 2179 331 2215 mortui
346 2192 472 2226 corpus
483 2181 676 2225 Selybriam
686 2180 888 2215 translatum
899 2191 909 2214 ι

203 2228 318 2263 luctus
339 2227 490 2263 indictus
515 2230 594 2270 159,
609 2229 668 2263 21.
690 2227 727 2262 111
749 2238 911 2262 summam

205 2278 411 2320 potestatem
426 2275 606 2330 tyrannice
623 2274 752 2310 invasit
769 2276 852 2318 301,
873 2275 910 2310 5.

160 2320 314 2357 Michael
335 2321 406 2366 (ΙΙ.
418 2322 436 2366 )
468 2320 677 2367 imperator,
721 2319 911 2357 Andronici

204 2367 354 2405 senioris
376 2368 490 2403 filius:
513 2368 768 2413 Massagetas·
757 2381 794 2404 m
813 2369 911 2404 Tur-

206 2428 268 2451 cos
291 2414 406 2451 ducit·
429 2427 451 2451 a
474 2414 605 2450 Turcis
627 2416 761 2458 victus,
786 2415 911 2463 recipit

207 2474 247 2498 se
277 2462 315 2496 in
347 2463 466 2498 urbem
501 2461 716 2507 Magnesiam
748 2464 911 2507 205,1.

206 2508 396 2554 Rogerium
419 2519 536 2544 coram
558 2520 597 2543 se
620 2510 820 2545 obtruncari
844 2522 912 2557 pa-

206 2555 294 2591 titur
314 2555 405 2599 224,
433 2557 466 2592 8
499 2556 535 2591 in
559 2555 748 2591 Catalanos
770 2560 909 2592 movet.

207 2602 428 2659 Tutcopulos
470 2607 507 2637 et
543 2602 758 2648 Massagetas
797 2615 911 2639 secum

207 2649 324 2685 ‹lucit-
365 2649 465 2685 iuxta
495 2650 606 2696 Apros
645 2653 911 2686 castrametatur

206 2700 298 2739 229,
323 2697 357 2733 5
390 2709 411 2732 a
433 2696 646 2742 Massagetis
670 2700 706 2731 et
728 2697 912 2753 Turcopu-

207 2746 253 2780 lis
271 2721 443 2779 d’eseritur
456 2745 539 2786 230,
553 2746 587 2780 7.
611 2744 783 2779 turbatam
805 2745 913 2779 aciem

209 2793 339 2827 frustra
355 2793 499 2826 conatur
515 2790 724 2826 restituere:
744 2789 780 2824 in
797 2791 913 2826 hostes

209 2844 338 2875 temere
369 2838 552 2881 invectus,
591 2838 651 2873 vix
683 2836 802 2874 evadit
830 2839 911 2881 230,

750 153 916 195 INDEX
943 156 1147 208 RERUM,

1004 257 1062 294 24.
1097 259 1224 306 recipit
1248 272 1286 295 se
1308 259 1602 306 Didymotichum:
1651 264 1714 299 ob-

1004 307 1166 352 iurgatut
1183 319 1204 341 a
1219 312 1332 353 patre,
1356 314 1396 343 ut
1411 308 1508 344 vitae
1529 310 1711 355 pre-digus:

1004 354 1235 389 Romanorum
1257 355 1343 399 fuga
1366 359 1403 389 et
1426 355 1543 391 clades
1571 358 1713 400 232,1

1004 400 1157 436 Michael
1189 400 1225 435 in
1256 401 1394 436 Turcos
1416 408 1532 437 movet
1554 405 1642 446 256,
1679 405 1712 439 7.

1005 459 1027 482 a
1059 446 1221 482 militibus
1251 448 1471 483 destituitur:
1511 449 1636 486 flebilis
1679 457 1714 486 et

1006 494 1135 529 invitus
1157 493 1327 529 discedit:
1351 494 1498 540 insignia
1522 496 1595 532 eius
1620 497 1713 532 dire—

1004 546 1068 586 pta
1107 544 1143 575 et
1179 541 1329 576 ludibrio
1365 541 1486 577 habita
1523 545 1614 586 257,
1658 548 1712 580 19.

1006 587 1290 623 Thessalonicam
1307 587 1400 623 abit:
1425 590 1572 625 abeundi
1590 603 1711 626 causa:

1004 634 1130 669 ibidem
1153 634 1300 669 moritur
1322 636 1412 678 277,
1439 638 1492 671 19.
1527 637 1713 673 Oracnlnm

1005 682 1051 717 (le
1075 682 1147 716 eius
1170 686 1282 717 morte
1304 683 1388 724 278,
1407 684 1441 718 2.
1466 682 1556 718 Vide
1577 691 1613 719 et
1631 687 1712 729 224,

1006 730 1037 764 1.
1061 730 1143 767 228.
1171 730 1223 764 10.
1250 729 1331 770 264,
1358 729 1413 764 15.
1439 731 1521 773 295,
1548 731 1601 766 14.

957 775 1112 811 Michael
1123 775 1290 821 Despota,
1301 777 1413 810 frater
1422 775 1557 812 Ioannis
1567 777 1712 812 Palaeo-

1004 822 1320 868 logiimperatoris:
1347 822 1541 869 quadrimus
1554 824 1636 867 576,
1656 827 1712 862 21.

956 869 1110 905 Micliael
1138 869 1350 911 Monachus,
1389 875 1512 905 auctor
1548 871 1650 906 Vitae
1674 869 1737 907 S.

1005 915 1186 952 Theodori
1211 916 1374 951 Studitae
1398 918 1502 960 1160,
1526 916 1584 954 40.

957 963 1109 1000 Micliael
1149 965 1270 1005 Aean,
1305 963 1502 1006 catharus,
1544 966 1713 1009 Gutrules,

1005 1011 1148 1053 Glabas,
1162 1010 1443 1056 Strategopulus.
1467 1010 1558 1047 Vide
1567 1012 1713 1049 nomina.

957 1058 1133 1095 Miltiades
1155 1058 1237 1100 337,
1263 1058 1318 1093 15.

957 1103 1211 1150 angustamur,
1236 1101 1479 1150 μιξοφρύγιοι
1503 1106 1584 1147 379,
1610 1106 1666 1141 20.

956 1152 1177 1188 Mithridatis
1208 1151 1386 1197 imperium
1399 1163 1520 1207 quam
1551 1152 1623 1187 late
1647 1165 1713 1199 pa—

1003 1198 1138 1235 tuerit:
1164 1210 1298 1233 venena
1321 1198 1436 1235 omnia
1456 1199 1501 1234 ab
1526 1211 1567 1234 eo
1592 1199 1713 1246 explo-

1002 1254 1083 1280 rata
1106 1245 1274 1287 642,16.

956 1293 1128 1337 Mitylene
1149 1281 1232 1332 525,
1268 1293 1322 1328 18.
1354 1289 1413 1328 24.
1452 1291 1621 1334 526,18.
1654 1293 1713 1327 20.

1002 1341 1085 1382 528,
1109 1338 1142 1375 4-
1169 1340 1249 1378 529,
1273 1340 1307 1374 2.
1333 1339 1416 1381 534,
1443 1340 1499 1375 13.
1523 1317 1584 1375 '19.
1607 1350 1712 1374 recu-

1002 1390 1129 1432 perata
1149 1397 1216 1431 per
1228 1385 1558 1431 Philanthropenum
1578 1385 1660 1430 534,
1679 1388 1711 1421 1.

956 1432 1150 1469 Momitilae
1173 1444 1302 1478 genus:
1344 1432 1444 1467 varia
1475 1432 1634 1467 fortuna:
1674 1438 1713 1467 ut

1002 1491 1065 1526 per
1097 1478 1279 1514 latrocinia
1318 1479 1519 1514 metuendus
1558 1480 1714 1514 evaserit

1003 1528 1093 1568 703,
1119 1528 1176 1561 12.
1209 1525 1409 1560 societatem
1433 1524 1498 1560 init
1517 1538 1593 1560 cum
1619 1527 1712 1560 Can-

1002 1578 1171 1608 tacuzeno
1194 1575 1276 1615 704,
1297 1572 1330 1608 4.
1363 1571 1574 1619 Despoticae
1597 1572 1712 1617 digni-

1003 1619 1088 1655 tatis
1120 1619 1267 1665 insignia
1299 1619 1428 1666 accipit
1461 1631 1482 1654 a
1511 1619 1711 1666 Byzantiis:

1003 1668 1248 1702 Cantacuzeno
1262 1666 1446 1701 insidiatur
1457 1666 1539 1709 704,
1555 1669 1612 1702 20.
1637 1666 1712 1701 Ro-

1002 1725 1121 1750 manas
1145 1715 1245 1748 urbes
1267 1713 1403 1748 invadit
1425 1714 1603 1755 727,18.
1640 1713 1711 1748 eius

1003 1760 1150 1796 audacia
1173 1762 1346 1804 728,12.
1381 1759 1606 1795 circumventi
1629 1771 1711 1794 con-

1003 1807 1191 1842 sternatio=
1216 1819 1358 1854 pugnae
1383 1811 1420 1842 et
1443 1806 1588 1842 caedes.
1622 1806 1711 1842 mili-

1005 1858 1077 1890 tum
1109 1860 1244 1900 strages
1279 1856 1358 1896 728,
1397 1851 1455 1890 24.
1508 1853 1711 1897 Momitilas,

1003 1901 1248 1936 Cantacuzeno
1275 1902 1507 1946 Μομιτζίλος
1530 1902 1634 1943 1273,
1652 1902 1709 1938 29.

956 1948 1092 1983 Momus
1110 1947 1187 1983 Iovi
1211 1959 1410 1983 succensens
1435 1946 1517 1990 342,
1543 1949 1599 1983 18.

956 1994 1131 2037 1110050111,
1157 1995 1200 2029 ab
1226 1994 1415 2029 Athanasio
1436 1994 1638 2040 patriarcha
1655 2007 1711 2031 se-

1002 2053 1086 2077 vere
1110 2042 1264 2087 correpti
1287 2046 1323 2076 et
1346 2041 1509 2086 castigati
1536 2043 1623 2084 182,
1652 2044 1710 2078 22.

1002 2090 1084 2132 183,
1109 2090 1163 2126 17.
1183 2089 1247 2123 sub
1271 2087 1475 2144 patriarcha
1498 2088 1626 2123 Ioanne
1643 2089 1712 2124 So·-

1002 2135 1117 2217 3352}
1109 2135 1404 2217 “11111ι,ἷῗὲἓζ“ἶζῗι
1418 2136 1712 2236 dffiptssssbsffii

974 2246 978 2248 ·
1003 2230 1095 2273 556,
1119 2231 1176 2265 21.
1209 2229 1451 2282 monachorum
1473 2228 1595 2263 montis
1618 2230 1711 2264 Atho

1002 2275 1185 2322 diligentia
1217 2279 1254 2310 et
1291 2275 1384 2311 zelus
1424 2274 1461 2308 in
1501 2275 1711 2311 Haereticos

1002 2324 1095 2366 719,
1120 2323 1176 2359 15.
1207 2321 1331 2357 literae
1361 2320 1407 2356 ad
1437 2332 1495 2356 eos
1527 2321 1632 2357 datae
1664 2322 1710 2356 ab

1002 2370 1103 2405 Anna
1145 2372 1181 2405 et
1218 2369 1348 2403 Ioanne
1378 2367 1585 2414 Palaeologo
1627 2369 1710 2411 768,

1003 2418 1038 2453 6.
1069 2415 1313 2451 monachorum
1325 2415 1465 2449 Chorae
1484 2414 1631 2451 saevitia
1646 2414 1710 2451 ad·
1740 2440 1748 2443 -

1002 2474 1122 2499 versus
1147 2463 1343 2508 Gregoram
1369 2460 1471 2506 1044,
1498 2463 1554 2500 19.

956 2508 1229 2551 Monasterium,

1050 2556 1233 2592 Adelorum
1251 2554 1333 2597 891,
1343 2555 1401 2591 23.
1438 2554 1604 2591 roximum
1614 2555 1710 2591 Tra·-

1002 2601 1158 2650 ianopoli
1181 2601 1378 2645 castellum,
1402 2601 1414 2635 i
1439 2601 1489 2637 id.

1049 2652 1089 2688 S.
1114 2648 1273 2684 Andreae
1297 2649 1377 2691 178,
1401 2650 1458 2683 22.
1482 2649 1565 2692 262,
1588 2649 1625 2684 2.

1052 2695 1314 2741 Archistrategi,
1345 2694 1390 2731 ad
1415 2695 1607 2742 Bosporum
1628 2695 1709 2738 125,

1053 2789 1289 2831 Auderorum,
1322 2787 1517 2836 proximum
1540 2786 1711 2834 Rhodope

1006 2836 1111 2875 monti
1134 2834 1216 2879 624,
1238 2836 1295 2873 23.
