1794 3172
349 155 664 202 HISTORIAE
687 155 1062 202 BYZANTINAE
1087 155 1227 202 XVII.
1247 158 1288 202 5.
1446 146 1546 196 857

68 265 132 310 ὅτι
151 265 286 311 πολλὰ
305 271 387 310 τῶν
406 270 640 311 πολυτελῶν
659 267 876 322 κειμηλίων
894 267 962 310 καὶ
978 263 1208 323 χρημάτων
1227 265 1267 310 οἳ
1282 264 1326 308 ἓν
1341 270 1428 316 τοΐς
1450 266 1494 309 Γ
1489 283 1541 309 α-
1564 276 1602 308 Α.
1620 276 1659 308 C.
1675 271 1767 309 1348

67 335 196 380 λάτου
218 337 430 392 ἐνθέμενοι
448 341 500 395 τῇ
518 334 658 397 Ῥοδίᾳ
685 334 840 394 τριήρει
872 337 914 386 ἒς
939 334 1084 397 Ῥόδον
1113 336 1172 379 δι’
1195 334 1333 379 αὐτῶν
1348 323 1765 403 zheffln0v,¹¹¹¹t¹‡c¹ffgf³;⁰'

68 404 246 457 δεδιότες
268 408 358 463 περὶ
379 410 455 450 τοῦ
477 406 713 462 μέλλοντος.
751 401 859 461 ἦσαν
878 407 903 448 δ
909 404 923 421 ’
945 406 992 448 οἳ
1003 407 1072 449 καὶ
1091 412 1287 462 γυναῖκας
1307 406 1376 448 καὶ
1392 407 1547 456 παῖδας

67 476 256 527 ἐξέθεντο
297 475 366 519 διὰ
402 475 450 520 τὸ
491 479 567 520 τοῦ
596 474 820 530 μέλλοντος
849 474 1018 530 ἄδηλον.
1077 474 1167 534 (Ε.)
1199 475 1314 518 Ἐπεί
1331 492 1374 531 γε
1393 475 1479 532 μὴν
1502 476 1678 518 a‘lP.540

38 557 113 593 5τε
135 546 179 588 ἓν
211 546 427 604 Βυζαντίῳ
459 546 529 589 καὶ
558 544 718 601 ἀλλαχῆ
745 542 1077 601 ναυπηγούμεναι
1100 542 1278 603 τριήρεις
1298 543 1546 589 συνεσκευά-

68 619 238 671 σθησαν
263 614 343 670 ἤδη
369 619 429 674 τῷ
462 619 647 668 βασιλεῖ,
692 612 867 671 μεγάλαι
900 615 977 669 μέν
1005 614 1145 667 ἐννέα,
1184 611 1378 671 μονήρεις
1402 615 1449 658 δὲ
1475 616 1546 659 καὶ

16 706 18 709 ·
67 682 220 740 διήρεις
238 685 425 737 πλείους,
463 685 607 727 πολλοὶ
631 685 676 727 δὲ
693 686 760 727 καὶ
790 689 873 728 τῶν
895 685 938 728 ἓν
956 685 1170 743 Βυζαντίῳ
1191 685 1399 728 πλουσίων
1423 688 1545 742 φιλο-

66 751 282 811 τιμότερον
310 755 367 804 εἷς
404 747 580 810 τοῦργον
621 753 880 804 διατεθέντες
923 753 1103 809 λε’μβους
1142 752 1444 811 στρατιώτιδας
1475 756 1545 798 καὶ

67 821 218 866 ἀκάτια
250 820 603 872 συνεσκευάσαντό
633 841 676 866 τε
713 826 780 866 καὶ
819 821 1049 875 ἔξώπλισαν
1078 824 1122 875 ἐξ
1152 822 1302 873 οῗκείας
1337 822 1541 881 δαπάνης,

10 903 56 938 10
67 891 353 948 μετάπεμπτοι
381 893 564 950 γίνονται
596 894 665 935 καὶ
701 892 794 936 ὅσαι
830 893 928 936 κατ’
959 893 1089 944 ἄλλας
1115 897 1200 936 τῶν
1217 890 1412 949 ὑπηκόων
1436 889 1546 950 ἦσαν

66 960 244 1007 πόλεων·
282 956 339 1006 ὧν
372 963 417 1006 αἶ
442 963 519 1018 μὲν
554 967 700 1019 καιροῦ
734 961 1046 1018 λαμβανόμεναι
1088 960 1249 1021 νύκτωρ
1290 961 1476 1021 ἀπῄεσαν
1504 965 1547 1014 ἐς

65 1032 140 1075 τὸν
169 1036 253 1076 τῶν
279 1033 519 1084 Βυζαντίων
542 1032 709 1087 λιμένα,
749 1030 870 1087 μόλις
896 1031 1185 1077 λανθάνουσαι
1214 1032 1291 1083 τὰς
1309 1033 1586 1083 ΛατινικὰςΒ

65 1100 267 1159 τριήρεις,
303 1102 354 1145 αἳ
367 1104 562 1158 διηνεκῶς
579 1103 846 1160 ἐπιτηροῦσαι
863 1103 932 1145 καὶ
951 1100 1356 1160 παραφυλάττουσαι
1376 1101 1543 1162 πόῤῥω-

64 1176 144 1215 θεν
179 1170 358 1215 ἐκώλυον
392 1171 466 1215 τὸν
503 1171 696 1215 εἴσπλουν
731 1172 892 1215 ἐκείνων
902 1203 917 1226 ,
966 1171 1126 1229 αἶ’θριοι
1159 1171 1544 1230 διανυκτερεύουσαι

6 1251 53 1288 -15
65 1241 138 1284 τὸν
151 1241 356 1299 χειμέριον
367 1239 522 1299 χρόνον
539 1242 702 1287 ἐκεῖνον.
741 1242 928 1285 ἐνταῦθα
950 1241 1030 1299 γὰρ
1049 1241 1096 1285 τὸ
1112 1241 1305 1286 ναυτικὸν
1323 1243 1448 1286 ἐκεῖνο
1469 1260 1542 1286 πε-
1566 1252 1652 1286 Α.Ο,
1674 1249 1765 1287 1349

65 1309 207 1368 λάγιον
230 1311 290 1355 ἀεὶ
312 1312 668 1355 δειπνοποιεῖσθαί
695 1329 740 1355 τε
763 1313 832 1356 καὶ
852 1311 1211 1369 ἀριστοποιεῖσθαι
1233 1313 1302 1355 καὶ
1323 1300 1609 1356 καθεύδεινΙΠῘΡ
1611 1324 1620 1332 “
1631 1301 1764 1333 1⁰'Can'

66 1381 105 1424 οἳ
135 1379 381 1439 τριηράρχαι
409 1379 662 1439 ἠνάγκαζον·
699 1379 756 1433 ὥς
784 1382 1024 1437 συμβαίνειν
1053 1380 1245 1424 ἐντεῦθεν
1255 1414 1270 1435 ,
1311 1385 1542 1440 πολιορκεῖ-

64 1454 171 1494 σθαι
192 1452 268 1506 μὲν
285 1452 541 1504 Βυζαντίους
563 1452 608 1495 ἐκ
626 1449 845 1508 θαλάττης
869 1449 949 1495 ὕπὸ
970 1452 1196 1504 Λατίνων,
1228 1454 1543 1508 πολιορκεῖσθαι

65 1522 91 1562 δ
100 1519 112 1536 '
141 1515 193 1563 αὗ
215 1522 258 1572 ἓξ
274 1520 445 1578 ἠπείρου
465 1523 682 1572 Λατίνους
702 1519 784 1564 ὖπό
800 1519 1035 1576 Ῥωμαίων,
1076 1522 1145 1564 καὶ
1168 1518 1269 1564 εἶναι
1288 1522 1481 1576 δεσμίους
1499 1522 1544 1573 ἐξ

7 1598 55 1634 20
69 1587 272 1646 ἑκατέρων
293 1589 510 1647 ἑκατέρους
531 1592 599 1633 καὶ
619 1589 694 1634 ὕπ’
716 1588 907 1646 ἀλλήλων
928 1588 1146 1646 ἀλλήλους.

168 1658 212 1703 ε’.
240 1658 357 1717 ’Άρτι
388 1661 434 1703 δὲ
466 1664 540 1703 τοῦ
574 1659 694 1718 ἴαρος
723 1658 1025 1715 ἕπιλάμποντος
1044 1693 1059 1713 ,
1098 1660 1166 1702 καὶ
1200 1663 1283 1703 τῶν
1312 1676 1356 1702 τε
1385 1658 1669 1718 ἀγρίωννΑὲιΊ

62 1727 308 1784 πνευμάτων
340 1729 416 1785 τὴν
440 1731 649 1787 χειμερίαν
683 1730 836 1786 ἐκείνην
866 1729 1090 1786 αὐλητικὴν
1117 1728 1389 1787 τρεψαμένων
1417 1730 1460 1780 ἐς
1489 1711 1581 1774 roc

64 1797 306 1852 καθεύδειν,
341 1801 408 1842 καὶ
436 1803 601 1858 μακρᾶς
629 1797 732 1855 ὁμοῦ
763 1803 838 1855 τῆς
864 1797 1047 1856 γαλήνης
1079 1795 1427 1857 ἐπιχωριαζούσης
1454 1805 1543 1850 τοῖς

63 1867 265 1924 κύμασιν,
297 1869 382 1911 ἐπεὶ
413 1867 549 1913 πάντα
579 1864 630 1926 ἦν
660 1868 703 1912 ἔκ
731 1886 774 1912 τε
805 1872 880 1926 γῆς
911 1870 979 1912 καὶ
1009 1866 1228 1924 θαλάττης
1255 1868 1541 1926 ἀπηρτισμένα

6 1940 133 1984 25καὶ
168 1938 287 1981 οὐδὲν
322 1942 405 1982 τῶν
438 1940 480 1990 ἐς
505 1938 644 1996 μάχην
676 1936 911 1996 ἀνηκόντων
939 1939 1178 1996 ἐπιτηδείων
1194 1944 1282 1989 τοῖς
1298 1939 1544 1992 Βυζαντίοις

1584 1350 1689 1380 tacuz.
1701 1347 1724 1382 3

63 2038 133 2073 que
150 2025 299 2060 redeunt
315 2026 446 2062 infecta
460 2039 499 2062 re
511 2052 522 2069 ‚
539 2027 608 2063 nisi
627 2027 722 2073 quod
740 2027 847 2063 multa
874 2039 918 2063 ex
936 2026 1093 2075 pretiosa
1117 2025 1325 2073 supellectili
1344 2028 1380 2061 et
1401 2037 1446 2062 ex
1461 2027 1543 2062 the·

63 2073 196 2115 sauris,
218 2072 378 2108 Rhodiae
396 2074 528 2109 triremi
547 2075 654 2110 futuri
669 2079 760 2109 metu
775 2073 948 2120 imposita,
967 2073 1129 2110 Galataei
1141 2073 1299 2109 Rhodum
1315 2085 1380 2119 per
1397 2085 1457 2109 eos
1475 2074 1541 2107 mi-

63 2124 195 2155 serunt.
229 2119 344 2154 Fuere
362 2120 464 2155 etiam
483 2121 542 2166 qui
560 2133 684 2156 uxores
703 2121 899 2168 liberosque
915 2120 1151 2166 imposuerint,
1175 2121 1258 2167 quid
1274 2121 1426 2155 futurum
1444 2123 1540 2155 esset

62 2166 199 2201 incerti.
246 2166 329 2212 (V.)
353 2166 438 2202 Cum
465 2179 547 2202 vero
570 2180 630 2202 eas
649 2167 828 2211 triremes,
853 2179 941 2214 quae
960 2168 1125 2214 Byzantii
1149 2172 1186 2203 et
1210 2167 1294 2202 alibi
1313 2172 1539 2202 constructae

63 2217 174 2254 erant,
197 2217 338 2259 paratas
356 2214 425 2248 iam
442 2214 587 2249 haberet
604 2214 804 2260 imperator,
828 2226 969 2261 magnas
987 2215 1124 2261 quidem
1140 2226 1274 2257 novem,
1297 2225 1456 2248 moneres
1473 2225 1540 2248 au-

62 2264 133 2294 tem
152 2271 193 2294 ac
208 2259 355 2295 biremes
374 2262 502 2306 plures,
527 2265 565 2296 et
581 2261 853 2307 Byzantinorum
871 2262 1015 2296 divitum
1033 2261 1151 2304 multi,
1175 2265 1304 2296 navata
1323 2260 1537 2295 ambitiosius

63 2318 191 2352 opera,
223 2306 390 2342 militares
413 2307 543 2343 lembos
563 2313 600 2342 et
618 2307 794 2343 naviculas
823 2312 1078 2354 comparassent
1100 2320 1142 2343 ac
1167 2308 1321 2355 propriis
1342 2307 1537 2352 sumptibus

63 2353 302 2395 armavissent,
320 2354 509 2389 arcessitae
524 2354 626 2389 etiam
643 2366 706 2389 eae
721 2366 847 2398 omnes,
860 2367 949 2402 quae
968 2355 1003 2390 in
1021 2355 1098 2390 aliis
1112 2355 1250 2401 imperii
1266 2354 1408 2389 urbibus
1423 2358 1534 2387 erant.

63 2399 194 2434 Harum
213 2399 315 2442 aliae,
338 2400 454 2435 oblata
471 2402 662 2443 occasione,
687 2405 789 2435 noctu
799 2400 1026 2448 Byzantinum
1043 2402 1078 2437 in
1093 2409 1229 2447 portum
1254 2411 1417 2441 evasere,
1438 2403 1535 2444 post-

64 2457 163 2490 quam
184 2445 326 2481 Latinas
345 2447 504 2483 triremes
519 2460 625 2494 aegre
650 2448 875 2491 fefellissent,
900 2460 988 2494 quae
1013 2454 1184 2495 perpetuo
1209 2447 1426 2494 speculantes
1448 2445 1538 2480 insi-

63 2491 266 2538 diautesque
287 2506 307 2528 e
323 2493 530 2541 longinquo,
554 2501 590 2530 et
606 2495 749 2530 hiberno
775 2494 835 2529 illo
861 2500 1015 2541 tempore
1040 2496 1104 2530 sub
1121 2495 1179 2530 dio
1202 2497 1464 2541 pernoctantes,
1489 2492 1536 2526 ab

61 2537 223 2583 ingressu
244 2551 302 2574 eas
323 2542 498 2576 arcebant.
545 2542 599 2576 Ibi
626 2542 714 2576 enim
740 2541 896 2577 nauticas
923 2542 1001 2577 illas
1021 2541 1140 2587 copias
1162 2542 1200 2576 in
1219 2540 1288 2576 alto
1313 2549 1449 2583 semper
1466 2537 1535 2572 flu-

62 2590 222 2620 ctuantes
246 2590 283 2620 et
312 2599 479 2629 coenare,
513 2591 550 2623 et
572 2588 764 2634 prandere,
789 2592 826 2622 et
852 2588 1001 2624 dormire
1023 2588 1212 2623 triremium
1238 2584 1406 2633 praefecti
1429 2595 1537 2629 coge-

63 2631 160 2665 bant.
207 2631 299 2667 Hinc
316 2633 435 2675 fiebat,
456 2638 496 2668 ut
510 2635 598 2669 mari
618 2635 753 2680 quidem
774 2634 937 2680 Byzantii
951 2646 971 2670 a
987 2634 1144 2677 Latinis,
1165 2639 1262 2670 terra
1284 2635 1398 2668 autem
1414 2630 1535 2665 Latini

62 2688 84 2712 a
115 2677 294 2723 Byzantiis
317 2679 579 2723 obsiderentur3
623 2693 665 2717 ac
690 2681 742 2717 sic
767 2680 908 2727 utrique
934 2682 979 2717 ab
994 2681 1151 2728 utrisque
1179 2684 1216 2716 et
1233 2691 1255 2715 a
1274 2691 1314 2713 se
1331 2677 1479 2712 invicem
1497 2676 1536 2715 hi

62 2727 170 2769 atque
187 2724 237 2759 illi
256 2725 364 2760 vincti
383 2731 592 2763 tenerentur.

154 2771 190 2807 5.
215 2771 308 2806 Vere
326 2773 443 2808 statim
461 2774 672 2819 affulgente,
695 2773 754 2809 ubi
773 2773 970 2820 asperiores
988 2773 1086 2810 venti
1105 2785 1166 2810 sua
1189 2772 1250 2807 illa
1266 2771 1417 2806 hiberna,
1432 2767 1535 2804 sibila

61 2816 265 2862 sopiverunt
286 2822 323 2854 et
340 2830 462 2865 magna
478 2821 516 2855 in
535 2821 623 2856 mari
637 2820 871 2867 tranquillitas
893 2820 1042 2864 exstitit,
1066 2819 1244 2867 Byzantii,
1267 2816 1425 2863 perfecto
1444 2815 1536 2850 omni

59 2864 223 2899 terrestri
238 2864 424 2912 navalique
442 2873 610 2913 apparatu
622 2893 633 2910 ,
655 2867 750 2904 nulla
767 2879 808 2904 re
824 2868 871 2905 ad
887 2867 1014 2904 bellum
1028 2866 1226 2904 necessaria
1243 2863 1442 2905 deficiente,
1465 2873 1534 2898 ua-

153 2922 370 2969 Nicephom
385 2925 535 2973 angor.
564 2926 637 2961 ναι.
649 2925 700 2961 11.
1201 2913 1258 2958 55
