1794 3172
277 131 411 180 1104
694 136 1010 184 NICEPHORI
1038 137 1364 186 GREGORAE

56 259 95 293 A.
111 259 156 293 M.
176 261 269 300 6859
279 254 344 294 λεῖ
354 266 399 308 γε
424 247 481 299 ὥς
499 248 553 293 τὰ
572 246 707 292 πολλὰ
723 246 771 292 τὸ
793 252 868 305 τῆς
888 246 1052 307 φύσεως
1078 250 1235 301 ἐλλιπὲς
1258 254 1310 308 τῇ
1331 246 1569 307 θρασύτητι
1597 247 1754 295 διασώ-

112 308 180 342 ¹¹¹d·
196 307 222 345 4
279 322 358 374 ζειν
382 316 628 373 βιάζεσθαι·
664 316 856 377 καθάπερ
877 319 916 362 οἳ
931 317 1181 375 χωλεύοντες
1199 320 1247 363 τὸ
1269 324 1406 364 λεῖπον
1426 324 1499 364 τοῦ
1528 319 1656 370 ποδὸς
1680 323 1754 371 ξυ-

276 391 375 449 λίνῳ
397 385 668 440 διασώζουσιν
687 388 826 432 ἐνίοτε.
865 387 962 432 ἀλλ’
986 386 1007 432 ὃ
1030 391 1120 447 περὶ
1140 393 1215 432 τοῦ
1235 389 1429 433 ἀκτίστου
1448 387 1568 446 λόγος
1590 391 1646 439 εἷς
1667 388 1754 432 ἑτέ-

277 475 357 516 ραν
377 455 475 513 ἡμῖν
493 455 784 512 τεταμιεῦσθω
806 455 1034 517 τράπεζαν·
1070 461 1162 516 περὶ
1193 459 1234 502 δ’
1259 459 1490 515 ἆμεθέκτου
1519 463 1603 502 τῶν
1630 457 1754 515 ἁγίων

236 527 359 582 Εὸ,τι
379 528 507 585 φασὶν
526 525 822 582 ἀκουσώμεθα.
880 527 980 587 (H.)
1007 527 1230 580 Διονύσιος
1251 530 1390 573 τοίνυν
1413 527 1783 587 ὅἈρειοπαγίτηςὸ

275 596 377 643 τάδε
392 597 566 649 διέξεισι.
600 597 839 653 „maenae
856 598 933 654 μέν
951 595 973 642 ὅ
994 598 1109 651 θεὸς,
1123 598 1230 642 κατὰ
1248 598 1324 650 τὰς
1340 597 1581 655 μεταδόσεις
1601 599 1729 642 αὐτοῦ
1743 612 1754 622 ·

278 666 511 723 ἆμέθεκτος
531 666 577 710 δὲ
586 699 600 720 ,
636 666 744 710 κατὰ
765 666 812 710 τὸ
839 668 970 724 μηδὲν
989 668 1160 724 μετέχον
1182 668 1313 725 αὐτῆς
1333 673 1407 725 τῆς
1432 670 1577 719 οὐσίας
1605 668 1752 721 αὐτοῦ,

276 735 305 793 (ἢ
331 741 407 793 τῆς
424 738 530 793 ζωῆς
548 735 679 780 αὐτοῦ
689 769 704 791 ,
741 735 769 793 ἢ
791 741 865 793 τῆς
884 739 1037 795 σοφίας
1065 737 1218 793 αὐτοῦ,
1252 737 1281 794 ἤ
1302 756 1412 790 τινος
1430 744 1515 783 τῶν
1538 736 1752 790 τοιούτων,

275 804 383 864 ἅπερ
401 804 479 862 ἔχει
499 803 637 850 πάντα
654 805 760 850 καθ’
779 804 983 865 ὖπεροχὴν
1014 809 1082 851 καὶ
1103 807 1361 866 ἔξαιρὲτως.”
1396 811 1463 852 καὶ
1492 806 1616 851 πάλιν
1630 822 1640 832 ·
1677 804 1755 860 ,ἓν

273 876 351 932 μέν
370 877 456 920 ἐστι
474 875 522 919 τὸ
545 874 674 927 {imag
697 874 744 920 ὃν
763 877 832 920 καὶ
854 876 980 920 καλὸν
1000 879 1068 921 καὶ
1092 877 1257 934 ἀγαθὸν
1276 879 1344 921 καὶ
1367 878 1513 936 σοφὸν,
1541 872 1589 921 οὗ
1607 875 1756 928 πάντες
1769 884 1794 919 1⁴

277 946 318 990 οἱ
344 944 531 995 ἓνοειδεῖς
561 946 766 1003 ἐφίενται·
811 946 1026 1002 μετέχουσι
1055 946 1100 990 δ’
1133 947 1263 992 αὐτοῦ
1298 948 1375 1004 οὐχ
1402 946 1587 1000 ἓνιαίως,
1623 948 1757 990 καίτοι

121 1019 164 1055 Ρ.
184 1019 255 1058 693
278 1013 368 1066 ἑνὸς
390 1017 459 1059 καὶ
480 1014 637 1059 ταύτοῦ
667 1014 813 1069 ὄντος,
848 1015 946 1059 ἀλλ’
969 1014 1025 1067 ὥς
1050 1014 1210 1076 ἑκάστῳ
1241 1016 1294 1060 τὰ
1321 1022 1421 1061 θεῖα
1449 1017 1626 1073 διανέμει
1658 1016 1757 1074 ζυγὰ

276 1084 386 1130 κατὰ
404 1085 481 1140 τὴν
499 1082 675 1128 ἑκάστου
705 1083 1034 1141 ἐπιτηδειότητα·
1073 1087 1191 1129 καθὰ
1219 1089 1286 1129 καὶ
1312 1084 1448 1138 πάσας
1471 1086 1572 1143 ἔχειν
1600 1085 1756 1143 ἔφαμεν

275 1158 352 1198 τοῦ
361 1146 524 1198 ἀύκλου
537 1153 612 1204 τὰς
628 1153 825 1211 γραμμὰς
844 1154 891 1197 τὸ
904 1154 1070 1212 κέντρον
1090 1154 1319 1207 ἕνοειδῶς.”
1353 1157 1570 1213 ἐπιστῆσαι
1583 1156 1626 1199 δ’
1641 1155 1756 1208 ἄξιον

278 1223 501 1278 ἐνταυθοῖ,
533 1227 622 1274 πῶς
642 1220 663 1266 ὅ
682 1223 810 1280 μέγας
829 1221 1051 1276 Διονύσιος
1072 1223 1182 1269 οὕτω
1202 1223 1309 1285 λόγῳ
1329 1231 1482 1282 βραχεῖ
1503 1230 1642 1269 πᾶσαν
1672 1244 1749 1268 πα·
1768 1234 1794 1269 11

278 1294 487 1350 λαμναίαν
503 1290 742 1346 κακόνοιαν,
783 1290 814 1337 o‘
819 1309 839 1344 ς
859 1291 1042 1351 ἀράχνης
1062 1295 1198 1349 ἱστὸν,
1231 1296 1453 1340 διαλέλυκε.
1493 1298 1663 1353 διαιρῶν
1678 1295 1757 1353 γὰρ

278 1367 357 1420 τῆς
383 1361 527 1412 οὗσίας
546 1359 569 1405 ὅ
594 1364 810 1418 Παλαμᾶς
843 1365 996 1421 σοφίαν
1023 1366 1091 1408 καὶ
1120 1363 1293 1421 δύναμιν
1323 1367 1391 1408 καὶ
1414 1363 1661 1422 ἀγαθότητα
1689 1367 1758 1408 καὶ

242 1432 415 1488 Βζωὴν,
447 1433 514 1475 καὶ
537 1428 618 1475 ὅσα
648 1432 775 1489 φησὶν
796 1432 996 1490 ἐνεργείας
1023 1451 1067 1477 τε
1087 1436 1155 1478 καὶ
1177 1434 1396 1486 ἀκτίστους
1416 1433 1624 1491 θεότητας
1635 1468 1649 1488 ,
1682 1434 1759 1490 τὴν

277 1503 354 1558 μὲν
376 1501 523 1545 οὐσίαν
543 1499 774 1556 ἂμέθεκτον
795 1499 897 1545 εἶναι
923 1502 970 1546 τὸ
993 1502 1192 1561 παράπαν
1214 1502 1412 1562 ὁρίζεται,
1449 1502 1688 1558 ἰδιαζόντως
1714 1521 1759 1561 γε

276 1571 363 1627 μὴν
381 1570 512 1621 αὐτὰς
531 1570 762 1626 mamete,
798 1573 867 1615 καὶ
883 1571 1092 1630 τοσαύτην
1120 1571 1295 1630 ἐχούσας
1317 1571 1554 1632 ἴδιότροπον
1579 1573 1794 1630 {adamata

276 1639 396 1696 ι’σχῦν
406 1673 420 1695 ,
457 1637 513 1691 ὥς
539 1637 750 1684 δύνασθαι
771 1642 839 1684 καὶ
858 1641 956 1693 τούς
975 1641 1228 1701 ἀνθρώπους
1245 1644 1464 1695 ἀκτίστους
1483 1643 1610 1695 θεοὺς
1631 1644 1759 1700 ἀπερ-

276 1708 480 1768 γάζεσθαι
520 1711 589 1753 καὶ
616 1706 836 1768 ἀνάρχους.
892 1710 1115 1764 Διονύσιος
1149 1711 1171 1758 ὅ
1204 1713 1258 1757 τὰ
1284 1718 1383 1757 θεῖα
1410 1713 1542 1773 σοφὸς
1576 1714 1757 1758 συνελών

369 1821 430 1860 22.
452 1818 512 1867 δὲ,
537 1823 601 1858 aut
618 1817 713 1859 ἀλλὰ
734 1820 850 1869 Capp-
866 1825 947 1871 post
965 1822 1168 1866 Διονύσιος
1188 1823 1376 1862 desiderat.

282 1913 398 1950 nescit
413 1913 608 1962 imperitia,
632 1921 671 1954 et
698 1918 896 1964 saepissime
918 1917 1071 1953 homines
1097 1917 1209 1964 cogit,
1234 1921 1273 1953 ut
1289 1920 1432 1954 naturae
1455 1916 1627 1954 defectum
1651 1919 1759 1954 auda·

284 1960 341 1995 cia
364 1971 426 1995 sua
445 1966 628 2007 tueantur;
658 1965 938 2012 quemadmodum
964 1964 1078 1999 claudi
1102 1965 1307 2010 quandoque
1334 1965 1427 2011 ligno
1456 1965 1629 2000 defectum
1659 1967 1759 2011 pedis

282 2010 436 2042 tuentur.
485 2010 557 2044 Sed
576 2011 621 2046 de
639 2011 796 2047 increato
815 2023 1001 2047 sermonem
1020 2011 1063 2045 ad
1092 2012 1192 2045 aliam
1210 2011 1319 2046 veluti
1344 2024 1492 2047 mensam
1519 2012 1758 2055 recondamus,

285 2057 325 2088 et
352 2053 434 2098 quid
468 2055 532 2091 SS.
563 2058 689 2093 Patres
725 2059 770 2093 de
803 2063 884 2093 ente
922 2069 990 2092 non
1023 2057 1255 2103 participabili
1291 2058 1536 2104 pronuncient,
1568 2060 1758 2094 audiamus.

283 2099 420 2148 (VIII.)
444 2101 556 2147 Igitur
565 2104 752 2151 Dionysius
768 2104 979 2151 Areopagitas
1003 2104 1089 2140 haec
1105 2104 1257 2139 disserit.
1292 2105 1578 2152 „Participabilis
1596 2111 1650 2140 est
1662 2107 1757 2140 Deus

287 2147 474 2182 secundum
503 2161 582 2185 suas
607 2151 946 2194 communicationes;
970 2162 1036 2186 non
1062 2151 1316 2197 participabilis
1343 2164 1448 2195 vero,
1471 2157 1641 2198 quatenus
1674 2152 1758 2186 nihil

287 2192 515 2229 substantiam
523 2196 594 2231 eius
607 2197 805 2243 participat,
815 2201 874 2232 aut
885 2198 1002 2239 vitam,
1015 2203 1075 2233 aut
1084 2198 1214 2243 aliquid
1230 2198 1434 2241 huiusmodi,
1443 2210 1532 2245 quae
1543 2199 1760 2233 omniaDeus

287 2238 478 2275 eminenter
503 2247 542 2276 et
565 2244 691 2279 eximie
707 2243 901 2290 possidet.”
952 2245 1002 2279 Et
1020 2245 1164 2279 iterum=
1188 2245 1343 2287 „Verum
1366 2257 1426 2279 ens
1453 2250 1508 2280 est
1532 2257 1653 2287 unum,
1679 2245 1759 2290 pul-

287 2285 428 2328 chrum,
451 2290 488 2321 et
513 2288 657 2333 bonum,
681 2294 717 2325 et
736 2290 893 2337 sapiens,
918 2291 1018 2326 cuius
1046 2291 1220 2326 desiderio
1249 2296 1410 2326 tenentur
1427 2302 1564 2333 omnes,
1589 2291 1648 2337 qui
1667 2291 1760 2325 divi-

288 2343 366 2367 nam
388 2332 554 2369 unitatem
579 2336 798 2382 participant.
844 2338 954 2373 Porro
982 2349 1043 2373 ens
1065 2337 1179 2380 istud,
1203 2338 1341 2373 tametsi
1367 2349 1469 2372 unum
1490 2342 1526 2372 et
1554 2338 1665 2380 idem,
1691 2349 1759 2372 non

289 2378 393 2413 unico
417 2380 517 2415 modo
542 2381 777 2428 participant:
799 2384 861 2418 sed
888 2387 927 2419 ut
952 2384 1157 2430 unicuique,
1190 2395 1252 2431 pro
1273 2384 1543 2430 uniuscuiusque
1566 2384 1760 2429 habilitate,

287 2423 408 2460 divina
423 2428 555 2463 statera
574 2428 774 2472 distribuit3
797 2431 1074 2476 quemadmodum
1093 2431 1196 2466 etiam
1221 2442 1335 2466 omnes
1356 2430 1477 2465 circuli
1495 2431 1605 2465 lineas
1626 2431 1760 2465 unifor-

290 2471 394 2507 miter
423 2475 541 2508 centro
568 2474 736 2510 contineri
763 2476 943 2513 diximus.”
986 2478 1096 2512 Porro
1118 2477 1175 2512 hic
1203 2489 1330 2523 operae
1349 2477 1498 2533 pretium
1525 2482 1578 2512 est
1604 2477 1761 2512 animad-

290 2523 452 2561 vertere,
473 2521 639 2565 quomodo
664 2533 807 2569 magnus
830 2523 1016 2570 Dionysius
1034 2528 1103 2559 tam
1127 2524 1245 2570 paucis
1269 2525 1385 2559 verbis
1407 2535 1536 2559 omnem
1563 2535 1704 2570 pravam
1723 2526 1760 2558 et

293 2565 561 2602 consceleratum
588 2567 748 2604 Palamae
773 2575 936 2613 mentem,
967 2571 1076 2606 veluti
1105 2582 1253 2605 araneae
1278 2572 1403 2613 telam,
1433 2570 1611 2606 dissolvat.
1668 2570 1762 2606 Nam

293 2610 454 2664 Palamas
479 2624 501 2648 a
527 2614 645 2650 divina
669 2615 862 2651 substantia
890 2617 1048 2652 dividens
1072 2617 1293 2663 sapientiam,
1325 2617 1533 2663 potentiam,
1558 2616 1761 2658 bonitatem,

295 2662 424 2701 vitam,
445 2664 482 2694 et
501 2671 723 2708 quascunque
747 2663 961 2708 operationes
989 2669 1095 2710 atque
1121 2663 1293 2698 increatas
1309 2664 1459 2699 deitates
1478 2663 1654 2709 appellat3
1679 2663 1763 2696 sub-

295 2704 455 2740 stantiam
473 2706 608 2752 quidem
635 2708 827 2744 nullatenus
846 2722 922 2746 esse
943 2710 1215 2757 participabilem
1243 2710 1387 2753 definit3
1409 2710 1486 2745 illas
1509 2721 1592 2744 vero
1620 2709 1762 2756 proprie

297 2760 340 2785 ac
365 2751 562 2797 specialiter
580 2754 841 2801 participabiles
859 2769 935 2792 esse
961 2757 1104 2798 statuit,
1128 2761 1164 2791 et
1193 2768 1309 2792 earum
1334 2767 1600 2802 unamquamque
1629 2756 1665 2790 in
1698 2767 1763 2790 sua

323 2798 437 2842 ropria
457 2804 492 2833 et
511 2801 654 2846 speciali
679 2801 814 2837 ratione
831 2806 948 2838 tantae
968 2815 1046 2840 esse
1062 2803 1205 2838 virtutis
1232 2804 1402 2845 affirmat,
1426 2809 1467 2838 ut
1489 2802 1640 2837 homines
1664 2802 1763 2848 ipsos

308 2847 466 2881 ncreatos
488 2850 524 2883 et
539 2847 704 2896 principii
723 2853 883 2897 expertes
900 2850 994 2887 Deos
1007 2850 1148 2886 efficere
1165 2849 1285 2898 possit.
1333 2851 1464 2886 Contra
1481 2848 1665 2896 Dionysius
1677 2873 1688 2892 ,
1704 2859 1762 2883 re-
