<?xml version="1.0" encoding="UTF-8"?>
<!DOCTYPE html PUBLIC "-//W3C//DTD XHTML 1.0 Transitional//EN"
    "http://www.w3.org/TR/xhtml1/DTD/xhtml1-transitional.dtd">
<html xmlns="http://www.w3.org/1999/xhtml" xml:lang="en" lang="en">
 <head>
  <title>
</title>
<meta http-equiv="Content-Type" content="text/html;charset=utf-8" />
  <meta name='ocr-system' content='tesseract 3.04.00' />
  <meta name='ocr-capabilities' content='ocr_page ocr_carea ocr_par ocr_line ocrx_word'/>
</head>
<body>
  <div class='ocr_page' id='page_1' title='image "./corpusscriptorum39niebuoft_0621.png"; bbox 0 0 1794 3172; ppageno 0'>
   <div class='ocr_carea' id='block_1_1' title="bbox 546 185 1534 236">
    <p class='ocr_par' dir='ltr' id='par_1_1' title="bbox 546 185 1534 236">
     <span class='ocr_line' id='line_1_1' title="bbox 546 185 1534 236; baseline 0.001 -1"><span class='ocrx_word' id='word_1_1' title='bbox 546 186 1028 235; x_wconf 83' lang='lat' dir='ltr'>ANNOTATIONES.</span> <span class='ocrx_word' id='word_1_2' title='bbox 1400 185 1534 236; x_wconf 85' lang='lat'>1179</span> 
     </span>
    </p>
   </div>
   <div class='ocr_carea' id='block_1_2' title="bbox 10 282 1562 406">
    <p class='ocr_par' dir='ltr' id='par_1_2' title="bbox 10 282 1562 406">
     <span class='ocr_line' id='line_1_2' title="bbox 10 282 1562 349; baseline 0.004 -15"><span class='ocrx_word' id='word_1_3' title='bbox 10 292 132 334; x_wconf 85' lang='lat' dir='ltr'><strong>etiam</strong></span> <span class='ocrx_word' id='word_1_4' title='bbox 149 292 334 343; x_wconf 85' lang='lat' dir='ltr'><strong>Latinos,</strong></span> <span class='ocrx_word' id='word_1_5' title='bbox 362 299 576 345; x_wconf 85' lang='lat' dir='ltr'><strong>tueantur,</strong></span> <span class='ocrx_word' id='word_1_6' title='bbox 607 294 716 335; x_wconf 89' lang='lat' dir='ltr'><strong>unde</strong></span> <span class='ocrx_word' id='word_1_7' title='bbox 736 295 914 336; x_wconf 84' lang='lat' dir='ltr'><strong>universi</strong></span> <span class='ocrx_word' id='word_1_8' title='bbox 934 293 1191 349; x_wconf 85' lang='lat' dir='ltr'><strong>postmodum</strong></span> <span class='ocrx_word' id='word_1_9' title='bbox 1214 295 1376 349; x_wconf 83' lang='lat' dir='ltr'><strong>imperii</strong></span> <span class='ocrx_word' id='word_1_10' title='bbox 1398 297 1533 340; x_wconf 77' lang='lat' dir='ltr'>clades</span> <span class='ocrx_word' id='word_1_11' title='bbox 1559 282 1562 286; x_wconf 87' lang='lat'><strong>.</strong></span> 
     </span>
     <span class='ocr_line' id='line_1_3' title="bbox 10 351 1368 406; baseline 0.004 -16"><span class='ocrx_word' id='word_1_12' title='bbox 10 356 151 390; x_wconf 81' lang='lat' dir='ltr'><strong>exorta</strong></span> <span class='ocrx_word' id='word_1_13' title='bbox 173 357 257 401; x_wconf 89' lang='lat' dir='ltr'><strong>est,</strong></span> <span class='ocrx_word' id='word_1_14' title='bbox 288 357 336 390; x_wconf 90' lang='lat' dir='ltr'><strong>ut</strong></span> <span class='ocrx_word' id='word_1_15' title='bbox 356 351 554 404; x_wconf 85' lang='lat' dir='ltr'><strong>Gregoras</strong></span> <span class='ocrx_word' id='word_1_16' title='bbox 573 360 669 405; x_wconf 89' lang='lat' dir='ltr'><strong>post</strong></span> <span class='ocrx_word' id='word_1_17' title='bbox 685 352 786 393; x_wconf 85' lang='lat' dir='ltr'><strong>haec</strong></span> <span class='ocrx_word' id='word_1_18' title='bbox 804 353 992 406; x_wconf 80' lang='lat' dir='ltr'><strong>pluribus</strong></span> <span class='ocrx_word' id='word_1_19' title='bbox 1012 358 1160 393; x_wconf 73' lang='lat' dir='ltr'><strong>amat.</strong></span> <span class='ocrx_word' id='word_1_20' title='bbox 1195 366 1368 395; x_wconf 70' lang='lat' dir='ltr'><strong>numo.</strong></span> 
     </span>
    </p>
   </div>
   <div class='ocr_carea' id='block_1_3' title="bbox 6 409 1540 2752">
    <p class='ocr_par' dir='ltr' id='par_1_3' title="bbox 6 409 1534 504">
     <span class='ocr_line' id='line_1_4' title="bbox 124 409 1534 467; baseline 0.004 -19"><span class='ocrx_word' id='word_1_21' title='bbox 124 410 223 462; x_wconf 75' lang='lat' dir='ltr'><strong>Pag-</strong></span> <span class='ocrx_word' id='word_1_22' title='bbox 246 412 341 459; x_wconf 78' lang='lat'><strong>138,</strong></span> <span class='ocrx_word' id='word_1_23' title='bbox 371 413 442 453; x_wconf 82' lang='grc'><strong>22.</strong></span> <span class='ocrx_word' id='word_1_24' title='bbox 474 409 765 464; x_wconf 80' lang='grc' dir='ltr'><strong><em>Στρατοπέδων</em></strong></span> <span class='ocrx_word' id='word_1_25' title='bbox 785 410 974 464; x_wconf 70' lang='grc' dir='ltr'><strong><em>πολλῶν]</em></strong></span> <span class='ocrx_word' id='word_1_26' title='bbox 1003 409 1205 451; x_wconf 87' lang='lat' dir='ltr'><strong>Phranzes</strong></span> <span class='ocrx_word' id='word_1_27' title='bbox 1224 411 1295 451; x_wconf 90' lang='lat' dir='ltr'><strong>lib.</strong></span> <span class='ocrx_word' id='word_1_28' title='bbox 1313 413 1345 455; x_wconf 94' lang='lat' dir='ltr'><strong>I.</strong></span> <span class='ocrx_word' id='word_1_29' title='bbox 1366 426 1455 467; x_wconf 86' lang='lat' dir='ltr'><strong>cap.</strong></span> <span class='ocrx_word' id='word_1_30' title='bbox 1466 412 1534 453; x_wconf 79' lang='lat' dir='ltr'><strong>vl.</strong></span> 
     </span>
     <span class='ocr_line' id='line_1_5' title="bbox 6 478 179 504; baseline 0 0"><span class='ocrx_word' id='word_1_31' title='bbox 6 478 179 504; x_wconf 62' lang='lat' dir='ltr'><strong>Ducana-</strong></span> 
     </span>
    </p>

    <p class='ocr_par' dir='ltr' id='par_1_4' title="bbox 6 519 1538 1149">
     <span class='ocr_line' id='line_1_6' title="bbox 127 519 1533 579; baseline 0.006 -17"><span class='ocrx_word' id='word_1_32' title='bbox 127 525 225 575; x_wconf 76' lang='lat' dir='ltr'><strong>Pag.</strong></span> <span class='ocrx_word' id='word_1_33' title='bbox 263 525 360 574; x_wconf 79' lang='lat'>142,</span> <span class='ocrx_word' id='word_1_34' title='bbox 392 525 459 566; x_wconf 83' lang='lat'><strong>11.</strong></span> <span class='ocrx_word' id='word_1_35' title='bbox 514 523 677 578; x_wconf 79' lang='grc' dir='ltr'><strong><em>Συνέβη</em></strong></span> <span class='ocrx_word' id='word_1_36' title='bbox 711 519 754 566; x_wconf 82' lang='grc' dir='ltr'><strong>δ’</strong></span> <span class='ocrx_word' id='word_1_37' title='bbox 789 523 856 566; x_wconf 76' lang='grc' dir='ltr'><strong>ἐπὶ</strong></span> <span class='ocrx_word' id='word_1_38' title='bbox 884 521 1073 578; x_wconf 82' lang='grc' dir='ltr'><strong><em>τούτοις]</em></strong></span> <span class='ocrx_word' id='word_1_39' title='bbox 1102 524 1336 579; x_wconf 80' lang='lat' dir='ltr'><strong>Pachymer.</strong></span> <span class='ocrx_word' id='word_1_40' title='bbox 1365 526 1438 569; x_wconf 92' lang='lat' dir='ltr'><strong>lib.</strong></span> <span class='ocrx_word' id='word_1_41' title='bbox 1465 526 1533 570; x_wconf 87' lang='lat' dir='ltr'><strong>VI.</strong></span> 
     </span>
     <span class='ocr_line' id='line_1_7' title="bbox 8 580 1537 635; baseline 0.004 -18"><span class='ocrx_word' id='word_1_42' title='bbox 8 593 95 632; x_wconf 85' lang='lat' dir='ltr'><strong>cap.</strong></span> <span class='ocrx_word' id='word_1_43' title='bbox 114 580 248 619; x_wconf 90' lang='lat' dir='ltr'><strong>XXX.</strong></span> <span class='ocrx_word' id='word_1_44' title='bbox 265 580 418 620; x_wconf 88' lang='lat' dir='ltr'>XXXI.</span> <span class='ocrx_word' id='word_1_45' title='bbox 435 581 607 622; x_wconf 85' lang='lat' dir='ltr'>XXXII.</span> <span class='ocrx_word' id='word_1_46' title='bbox 634 595 810 623; x_wconf 56' lang='lat' dir='ltr'><strong>nocane.</strong></span> <span class='ocrx_word' id='word_1_47' title='bbox 838 582 1079 634; x_wconf 85' lang='lat' dir='ltr'><strong>Adscriptus</strong></span> <span class='ocrx_word' id='word_1_48' title='bbox 1096 582 1165 622; x_wconf 84' lang='lat' dir='ltr'><strong>hic</strong></span> <span class='ocrx_word' id='word_1_49' title='bbox 1188 584 1230 623; x_wconf 91' lang='lat' dir='ltr'><strong>in</strong></span> <span class='ocrx_word' id='word_1_50' title='bbox 1258 585 1435 635; x_wconf 82' lang='lat' dir='ltr'>margine</span> <span class='ocrx_word' id='word_1_51' title='bbox 1457 598 1537 623; x_wconf 89' lang='lat' dir='ltr'><strong>an-</strong></span> 
     </span>
     <span class='ocr_line' id='line_1_8' title="bbox 6 636 1536 692; baseline 0.004 -18"><span class='ocrx_word' id='word_1_52' title='bbox 6 650 86 675; x_wconf 89' lang='lat' dir='ltr'><strong>nus</strong></span> <span class='ocrx_word' id='word_1_53' title='bbox 107 636 255 675; x_wconf 81' lang='lat' dir='ltr'><strong>Christi</strong></span> <span class='ocrx_word' id='word_1_54' title='bbox 275 637 547 677; x_wconf 81' lang='lat' dir='ltr'>MCCLXXX.</span> <span class='ocrx_word' id='word_1_55' title='bbox 576 645 697 692; x_wconf 85' lang='lat' dir='ltr'><strong>atque</strong></span> <span class='ocrx_word' id='word_1_56' title='bbox 723 638 803 677; x_wconf 89' lang='lat' dir='ltr'><strong>hoc</strong></span> <span class='ocrx_word' id='word_1_57' title='bbox 820 640 931 679; x_wconf 89' lang='lat' dir='ltr'><strong>urbis</strong></span> <span class='ocrx_word' id='word_1_58' title='bbox 952 640 1143 679; x_wconf 87' lang='lat' dir='ltr'><strong>Trallium</strong></span> <span class='ocrx_word' id='word_1_59' title='bbox 1162 640 1406 680; x_wconf 79' lang='lat' dir='ltr'><strong>instauratae</strong></span> <span class='ocrx_word' id='word_1_60' title='bbox 1427 648 1536 680; x_wconf 89' lang='lat' dir='ltr'><strong>tem-</strong></span> 
     </span>
     <span class='ocr_line' id='line_1_9' title="bbox 7 694 1536 749; baseline 0.005 -18"><span class='ocrx_word' id='word_1_61' title='bbox 7 707 85 746; x_wconf 85' lang='lat' dir='ltr'><strong>pus</strong></span> <span class='ocrx_word' id='word_1_62' title='bbox 106 694 320 747; x_wconf 84' lang='lat' dir='ltr'><strong>assignavit</strong></span> <span class='ocrx_word' id='word_1_63' title='bbox 338 694 455 733; x_wconf 85' lang='lat' dir='ltr'><strong>nobis</strong></span> <span class='ocrx_word' id='word_1_64' title='bbox 475 695 663 735; x_wconf 89' lang='lat' dir='ltr'><strong>Possinus</strong></span> <span class='ocrx_word' id='word_1_65' title='bbox 681 696 724 734; x_wconf 90' lang='lat' dir='ltr'><strong>in</strong></span> <span class='ocrx_word' id='word_1_66' title='bbox 746 696 896 735; x_wconf 86' lang='lat' dir='ltr'><strong>tabulis</strong></span> <span class='ocrx_word' id='word_1_67' title='bbox 920 696 1229 749; x_wconf 79' lang='lat' dir='ltr'><strong>chronologicis,</strong></span> <span class='ocrx_word' id='word_1_68' title='bbox 1282 698 1436 746; x_wconf 78' lang='lat' dir='ltr'><strong>Quodsi</strong></span> <span class='ocrx_word' id='word_1_69' title='bbox 1454 699 1536 738; x_wconf 86' lang='grc' dir='ltr'><strong><em>Διι-</em></strong></span> 
     </span>
     <span class='ocr_line' id='line_1_10' title="bbox 9 750 1537 806; baseline 0.004 -17"><span class='ocrx_word' id='word_1_70' title='bbox 9 750 200 790; x_wconf 90' lang='lat' dir='ltr'><strong>dronicus</strong></span> <span class='ocrx_word' id='word_1_71' title='bbox 220 765 343 790; x_wconf 81' lang='lat' dir='ltr'><strong>annos</strong></span> <span class='ocrx_word' id='word_1_72' title='bbox 362 751 468 790; x_wconf 84' lang='lat' dir='ltr'><strong>vixit</strong></span> <span class='ocrx_word' id='word_1_73' title='bbox 484 752 667 792; x_wconf 88' lang='lat' dir='ltr'>LXXIV.</span> <span class='ocrx_word' id='word_1_74' title='bbox 691 760 738 791; x_wconf 89' lang='lat' dir='ltr'><strong>ut</strong></span> <span class='ocrx_word' id='word_1_75' title='bbox 754 752 833 792; x_wconf 87' lang='lat' dir='ltr'><strong>hoc</strong></span> <span class='ocrx_word' id='word_1_76' title='bbox 856 755 986 806; x_wconf 82' lang='lat' dir='ltr'><strong>capite</strong></span> <span class='ocrx_word' id='word_1_77' title='bbox 1004 754 1110 793; x_wconf 83' lang='lat' dir='ltr'><strong>infra</strong></span> <span class='ocrx_word' id='word_1_78' title='bbox 1130 760 1170 794; x_wconf 84' lang='lat' dir='ltr'><strong>et</strong></span> <span class='ocrx_word' id='word_1_79' title='bbox 1190 754 1285 795; x_wconf 86' lang='lat' dir='ltr'><strong>libri</strong></span> <span class='ocrx_word' id='word_1_80' title='bbox 1303 755 1448 795; x_wconf 86' lang='lat' dir='ltr'><strong>decimi</strong></span> <span class='ocrx_word' id='word_1_81' title='bbox 1468 770 1537 795; x_wconf 84' lang='lat' dir='ltr'><strong>ca-</strong></span> 
     </span>
     <span class='ocr_line' id='line_1_11' title="bbox 7 808 1536 861; baseline 0.003 -14"><span class='ocrx_word' id='word_1_82' title='bbox 7 808 94 861; x_wconf 84' lang='lat' dir='ltr'><strong>pite</strong></span> <span class='ocrx_word' id='word_1_83' title='bbox 111 809 244 861; x_wconf 88' lang='lat' dir='ltr'><strong>primo</strong></span> <span class='ocrx_word' id='word_1_84' title='bbox 264 809 464 860; x_wconf 85' lang='lat' dir='ltr'><strong>Gregoras</strong></span> <span class='ocrx_word' id='word_1_85' title='bbox 486 809 630 861; x_wconf 90' lang='lat' dir='ltr'><strong>docet,</strong></span> <span class='ocrx_word' id='word_1_86' title='bbox 660 811 873 850; x_wconf 84' lang='lat' dir='ltr'><strong>reserenda</strong></span> <span class='ocrx_word' id='word_1_87' title='bbox 894 812 969 850; x_wconf 90' lang='lat' dir='ltr'><strong>erit</strong></span> <span class='ocrx_word' id='word_1_88' title='bbox 988 813 1072 850; x_wconf 86' lang='lat' dir='ltr'><strong>eius</strong></span> <span class='ocrx_word' id='word_1_89' title='bbox 1099 812 1211 851; x_wconf 79' lang='lat' dir='ltr'><strong>urbis</strong></span> <span class='ocrx_word' id='word_1_90' title='bbox 1227 813 1464 852; x_wconf 81' lang='lat' dir='ltr'><strong>instauratio</strong></span> <span class='ocrx_word' id='word_1_91' title='bbox 1484 813 1536 852; x_wconf 90' lang='lat' dir='ltr'><strong>ad</strong></span> 
     </span>
     <span class='ocr_line' id='line_1_12' title="bbox 9 865 1535 910; baseline 0.004 -6"><span class='ocrx_word' id='word_1_92' title='bbox 9 879 157 905; x_wconf 91' lang='lat' dir='ltr'><strong>annum</strong></span> <span class='ocrx_word' id='word_1_93' title='bbox 176 865 325 904; x_wconf 80' lang='lat' dir='ltr'><strong>Christi</strong></span> <span class='ocrx_word' id='word_1_94' title='bbox 341 866 629 907; x_wconf 85' lang='lat' dir='ltr'>MCCLXXIX.</span> <span class='ocrx_word' id='word_1_95' title='bbox 658 868 756 906; x_wconf 89' lang='lat' dir='ltr'><strong>Nam</strong></span> <span class='ocrx_word' id='word_1_96' title='bbox 775 868 807 907; x_wconf 90' lang='lat' dir='ltr'><strong>si</strong></span> <span class='ocrx_word' id='word_1_97' title='bbox 828 869 1081 908; x_wconf 84' lang='lat' dir='ltr'><strong>Andronicus</strong></span> <span class='ocrx_word' id='word_1_98' title='bbox 1099 883 1223 908; x_wconf 90' lang='lat' dir='ltr'><strong>annos</strong></span> <span class='ocrx_word' id='word_1_99' title='bbox 1239 870 1345 910; x_wconf 79' lang='lat' dir='ltr'><strong>vixit</strong></span> <span class='ocrx_word' id='word_1_100' title='bbox 1354 871 1535 910; x_wconf 87' lang='lat' dir='ltr'>LXXIV.</span> 
     </span>
     <span class='ocr_line' id='line_1_13' title="bbox 10 925 1538 979; baseline 0.004 -18"><span class='ocrx_word' id='word_1_101' title='bbox 10 929 173 976; x_wconf 83' lang='lat' dir='ltr'><strong>oportet</strong></span> <span class='ocrx_word' id='word_1_102' title='bbox 194 936 285 962; x_wconf 91' lang='lat' dir='ltr'><strong>eum</strong></span> <span class='ocrx_word' id='word_1_103' title='bbox 306 929 446 962; x_wconf 87' lang='lat' dir='ltr'><strong>natum</strong></span> <span class='ocrx_word' id='word_1_104' title='bbox 463 937 549 963; x_wconf 90' lang='lat' dir='ltr'><strong>esse</strong></span> <span class='ocrx_word' id='word_1_105' title='bbox 574 925 621 963; x_wconf 79' lang='lat' dir='ltr'><strong>A.</strong></span> <span class='ocrx_word' id='word_1_106' title='bbox 643 925 686 964; x_wconf 89' lang='lat' dir='ltr'><strong>C.</strong></span> <span class='ocrx_word' id='word_1_107' title='bbox 703 925 950 968; x_wconf 83' lang='lat' dir='ltr'>MCCLVIII.</span> <span class='ocrx_word' id='word_1_108' title='bbox 971 927 1123 979; x_wconf 86' lang='lat' dir='ltr'><strong>quippe</strong></span> <span class='ocrx_word' id='word_1_109' title='bbox 1142 941 1261 978; x_wconf 88' lang='lat' dir='ltr'><strong>quem</strong></span> <span class='ocrx_word' id='word_1_110' title='bbox 1284 934 1441 967; x_wconf 89' lang='lat' dir='ltr'><strong>constat</strong></span> <span class='ocrx_word' id='word_1_111' title='bbox 1461 928 1538 967; x_wconf 88' lang='lat' dir='ltr'><strong>ob-</strong></span> 
     </span>
     <span class='ocr_line' id='line_1_14' title="bbox 9 980 1536 1024; baseline 0.003 -5"><span class='ocrx_word' id='word_1_112' title='bbox 9 981 104 1020; x_wconf 86' lang='lat' dir='ltr'><strong>iisse</strong></span> <span class='ocrx_word' id='word_1_113' title='bbox 121 980 169 1020; x_wconf 81' lang='lat' dir='ltr'><strong>A.</strong></span> <span class='ocrx_word' id='word_1_114' title='bbox 193 981 237 1020; x_wconf 92' lang='lat' dir='ltr'><strong>C.</strong></span> <span class='ocrx_word' id='word_1_115' title='bbox 259 980 567 1020; x_wconf 81' lang='lat' dir='ltr'>MCCCXXXII.</span> <span class='ocrx_word' id='word_1_116' title='bbox 625 982 667 1020; x_wconf 91' lang='lat' dir='ltr'><strong>Si</strong></span> <span class='ocrx_word' id='word_1_117' title='bbox 691 989 808 1021; x_wconf 83' lang='lat' dir='ltr'><strong>natus</strong></span> <span class='ocrx_word' id='word_1_118' title='bbox 823 990 883 1023; x_wconf 89' lang='lat' dir='ltr'><strong>est</strong></span> <span class='ocrx_word' id='word_1_119' title='bbox 903 983 951 1023; x_wconf 84' lang='lat' dir='ltr'><strong>A.</strong></span> <span class='ocrx_word' id='word_1_120' title='bbox 975 984 1020 1022; x_wconf 90' lang='lat' dir='ltr'><strong>C.</strong></span> <span class='ocrx_word' id='word_1_121' title='bbox 1046 983 1453 1024; x_wconf 82' lang='lat' dir='ltr'><strong>MCCLvl11.annum</strong></span> <span class='ocrx_word' id='word_1_122' title='bbox 1473 999 1536 1024; x_wconf 89' lang='lat' dir='ltr'><strong>ae-</strong></span> 
     </span>
     <span class='ocr_line' id='line_1_15' title="bbox 9 1037 1538 1090; baseline 0.002 -13"><span class='ocrx_word' id='word_1_123' title='bbox 9 1038 103 1077; x_wconf 88' lang='lat' dir='ltr'><strong>tatis</strong></span> <span class='ocrx_word' id='word_1_124' title='bbox 129 1037 362 1090; x_wconf 85' lang='lat' dir='ltr'><strong>vigesimum</strong></span> <span class='ocrx_word' id='word_1_125' title='bbox 393 1038 565 1090; x_wconf 84' lang='lat' dir='ltr'><strong>primum</strong></span> <span class='ocrx_word' id='word_1_126' title='bbox 604 1040 775 1079; x_wconf 80' lang='lat' dir='ltr'><strong>excessit</strong></span> <span class='ocrx_word' id='word_1_127' title='bbox 804 1040 854 1081; x_wconf 82' lang='lat' dir='ltr'><strong>A.</strong></span> <span class='ocrx_word' id='word_1_128' title='bbox 882 1041 924 1082; x_wconf 92' lang='lat' dir='ltr'><strong>C.</strong></span> <span class='ocrx_word' id='word_1_129' title='bbox 952 1040 1242 1079; x_wconf 85' lang='lat' dir='ltr'>MCCLXXIX.</span> <span class='ocrx_word' id='word_1_130' title='bbox 1290 1042 1430 1081; x_wconf 76' lang='lat' dir='ltr'><strong>Pon-o</strong></span> <span class='ocrx_word' id='word_1_131' title='bbox 1456 1041 1538 1080; x_wconf 88' lang='lat' dir='ltr'><strong>hoc</strong></span> 
     </span>
     <span class='ocr_line' id='line_1_16' title="bbox 12 1090 1535 1149; baseline 0.002 -14"><span class='ocrx_word' id='word_1_132' title='bbox 12 1097 141 1149; x_wconf 87' lang='lat' dir='ltr'><strong>capite</strong></span> <span class='ocrx_word' id='word_1_133' title='bbox 162 1095 316 1134; x_wconf 78' lang='lat' dir='ltr'><strong>Tralles</strong></span> <span class='ocrx_word' id='word_1_134' title='bbox 330 1095 572 1135; x_wconf 85' lang='lat' dir='ltr'><strong>instaurasse</strong></span> <span class='ocrx_word' id='word_1_135' title='bbox 591 1096 741 1136; x_wconf 85' lang='lat' dir='ltr'><strong>dicitur</strong></span> <span class='ocrx_word' id='word_1_136' title='bbox 762 1111 854 1136; x_wconf 89' lang='lat' dir='ltr'><strong>cum</strong></span> <span class='ocrx_word' id='word_1_137' title='bbox 875 1090 979 1137; x_wconf 81' lang='lat' dir='ltr'><strong>esset</strong></span> <span class='ocrx_word' id='word_1_138' title='bbox 999 1098 1129 1137; x_wconf 90' lang='lat' dir='ltr'><strong>maior</strong></span> <span class='ocrx_word' id='word_1_139' title='bbox 1154 1112 1216 1139; x_wconf 86' lang='lat' dir='ltr'><strong>an.</strong></span> <span class='ocrx_word' id='word_1_140' title='bbox 1237 1099 1349 1138; x_wconf 91' lang='lat' dir='ltr'>XXI.</span> <span class='ocrx_word' id='word_1_141' title='bbox 1378 1113 1535 1140; x_wconf 70' lang='lat' dir='ltr'><strong>soxvix.</strong></span> 
     </span>
    </p>

    <p class='ocr_par' dir='ltr' id='par_1_5' title="bbox 10 1149 1539 1771">
     <span class='ocr_line' id='line_1_17' title="bbox 128 1149 1537 1220; baseline 0 -26"><span class='ocrx_word' id='word_1_142' title='bbox 128 1156 452 1206; x_wconf 58' lang='lat' dir='ltr'><strong>Peg-1421&amp;</strong></span> <span class='ocrx_word' id='word_1_143' title='bbox 508 1149 845 1207; x_wconf 78' lang='grc' dir='ltr'><strong><em>Ἀνοικοδομῆσαι</em></strong></span> <span class='ocrx_word' id='word_1_144' title='bbox 864 1151 989 1196; x_wconf 78' lang='grc' dir='ltr'><strong><em>πάλαι</em></strong></span> <span class='ocrx_word' id='word_1_145' title='bbox 1009 1156 1292 1220; x_wconf 80' lang='grc' dir='ltr'><strong><em>πεπτωκυῖαν]</em></strong></span> <span class='ocrx_word' id='word_1_146' title='bbox 1334 1157 1392 1195; x_wconf 87' lang='lat' dir='ltr'><strong>De</strong></span> <span class='ocrx_word' id='word_1_147' title='bbox 1419 1157 1537 1194; x_wconf 89' lang='lat' dir='ltr'><strong>Tral-</strong></span> 
     </span>
     <span class='ocr_line' id='line_1_18' title="bbox 10 1208 1539 1266; baseline 0.003 -16"><span class='ocrx_word' id='word_1_148' title='bbox 10 1210 120 1250; x_wconf 83' lang='lat' dir='ltr'><strong>libus</strong></span> <span class='ocrx_word' id='word_1_149' title='bbox 138 1210 368 1249; x_wconf 85' lang='lat' dir='ltr'><strong>instauratis</strong></span> <span class='ocrx_word' id='word_1_150' title='bbox 386 1210 441 1249; x_wconf 89' lang='lat' dir='ltr'><strong>ita</strong></span> <span class='ocrx_word' id='word_1_151' title='bbox 463 1211 681 1262; x_wconf 83' lang='lat' dir='ltr'><strong>Gregorius</strong></span> <span class='ocrx_word' id='word_1_152' title='bbox 700 1213 904 1264; x_wconf 82' lang='lat' dir='ltr'><strong>Cyprius</strong></span> <span class='ocrx_word' id='word_1_153' title='bbox 892 1227 932 1251; x_wconf 78' lang='lat' dir='ltr'><strong>in</strong></span> <span class='ocrx_word' id='word_1_154' title='bbox 952 1212 1135 1251; x_wconf 89' lang='lat' dir='ltr'><strong>encomio</strong></span> <span class='ocrx_word' id='word_1_155' title='bbox 1156 1211 1273 1252; x_wconf 87' lang='lat' dir='ltr'><strong>Andr</strong></span> <span class='ocrx_word' id='word_1_156' title='bbox 1275 1213 1399 1255; x_wconf 89' lang='lat' dir='ltr'><strong>onici·</strong></span> <span class='ocrx_word' id='word_1_157' title='bbox 1430 1208 1539 1266; x_wconf 78' lang='grc' dir='ltr'><strong><em>ἦσαν</em></strong></span> 
     </span>
     <span class='ocr_line' id='line_1_19' title="bbox 13 1263 1538 1338; baseline 0.002 -30"><span class='ocrx_word' id='word_1_158' title='bbox 13 1265 89 1322; x_wconf 82' lang='grc' dir='ltr'><strong><em>μὲν</em></strong></span> <span class='ocrx_word' id='word_1_159' title='bbox 108 1283 185 1309; x_wconf 85' lang='grc' dir='ltr'><strong><em>ουν</em></strong></span> <span class='ocrx_word' id='word_1_160' title='bbox 202 1267 250 1308; x_wconf 84' lang='grc' dir='ltr'><strong><em>αἴ</em></strong></span> <span class='ocrx_word' id='word_1_161' title='bbox 276 1263 463 1338; x_wconf 72' lang='grc' dir='ltr'><strong><em>Τράλλεις</em></strong></span> <span class='ocrx_word' id='word_1_162' title='bbox 483 1264 603 1317; x_wconf 81' lang='grc' dir='ltr'><strong><em>πόλις</em></strong></span> <span class='ocrx_word' id='word_1_163' title='bbox 619 1269 664 1310; x_wconf 80' lang='grc' dir='ltr'><strong><em>ἐν</em></strong></span> <span class='ocrx_word' id='word_1_164' title='bbox 684 1272 798 1326; x_wconf 80' lang='grc' dir='ltr'><strong><em>καλῷ</em></strong></span> <span class='ocrx_word' id='word_1_165' title='bbox 811 1272 886 1323; x_wconf 80' lang='grc' dir='ltr'><strong>τῆς</strong></span> <span class='ocrx_word' id='word_1_166' title='bbox 902 1265 1037 1319; x_wconf 82' lang='grc' dir='ltr'><strong><em>Ἀσίας</em></strong></span> <span class='ocrx_word' id='word_1_167' title='bbox 1058 1269 1244 1322; x_wconf 80' lang='grc' dir='ltr'><strong><em>κειμένη,</em></strong></span> <span class='ocrx_word' id='word_1_168' title='bbox 1273 1270 1472 1337; x_wconf 81' lang='grc' dir='ltr'><strong><em>μεγέθους</em></strong></span> <span class='ocrx_word' id='word_1_169' title='bbox 1495 1286 1538 1311; x_wconf 89' lang='grc' dir='ltr'><strong>τε</strong></span> 
     </span>
     <span class='ocr_line' id='line_1_20' title="bbox 12 1312 1538 1397; baseline 0.001 -31"><span class='ocrx_word' id='word_1_170' title='bbox 12 1320 249 1393; x_wconf 81' lang='grc' dir='ltr'><strong><em>μείζονος’“</em></strong></span> <span class='ocrx_word' id='word_1_171' title='bbox 218 1341 246 1378; x_wconf 85' lang='grc' dir='ltr'><strong><em>η</em></strong></span> <span class='ocrx_word' id='word_1_172' title='bbox 267 1340 369 1366; x_wconf 78' lang='grc' dir='ltr'><strong><em>κατα</em></strong></span> <span class='ocrx_word' id='word_1_173' title='bbox 385 1323 458 1374; x_wconf 73' lang='grc' dir='ltr'><strong><em>τοὶς</em></strong></span> <span class='ocrx_word' id='word_1_174' title='bbox 475 1321 613 1374; x_wconf 82' lang='grc' dir='ltr'><strong><em>πόλεις</em></strong></span> <span class='ocrx_word' id='word_1_175' title='bbox 639 1312 919 1377; x_wconf 66' lang='grc' dir='ltr'><strong><em>ἀπολαύουσα,</em></strong></span> <span class='ocrx_word' id='word_1_176' title='bbox 949 1326 1020 1367; x_wconf 81' lang='grc' dir='ltr'><strong><em>καὶ</em></strong></span> <span class='ocrx_word' id='word_1_177' title='bbox 1043 1324 1275 1397; x_wconf 60' lang='grc' dir='ltr'><strong><em>περιφανης</em></strong></span> <span class='ocrx_word' id='word_1_178' title='bbox 1304 1327 1348 1369; x_wconf 75' lang='grc' dir='ltr'><strong><em>ἐν</em></strong></span> <span class='ocrx_word' id='word_1_179' title='bbox 1374 1324 1538 1377; x_wconf 78' lang='grc' dir='ltr'><strong><em>ταύταις</em></strong></span> 
     </span>
     <span class='ocr_line' id='line_1_21' title="bbox 12 1377 1537 1454; baseline 0.001 -31"><span class='ocrx_word' id='word_1_180' title='bbox 12 1378 262 1450; x_wconf 81' lang='grc' dir='ltr'><strong><em>υπαρχουσα.</em></strong></span> <span class='ocrx_word' id='word_1_181' title='bbox 288 1377 395 1435; x_wconf 75' lang='grc' dir='ltr'><strong><em>ἦσαν</em></strong></span> <span class='ocrx_word' id='word_1_182' title='bbox 421 1380 466 1424; x_wconf 79' lang='grc' dir='ltr'><strong>δὲ</strong></span> <span class='ocrx_word' id='word_1_183' title='bbox 487 1383 727 1431; x_wconf 84' lang='grc' dir='ltr'><strong><em>παλαίποτε,</em></strong></span> <span class='ocrx_word' id='word_1_184' title='bbox 761 1383 859 1438; x_wconf 85' lang='grc' dir='ltr'><strong><em>πρὶν</em></strong></span> <span class='ocrx_word' id='word_1_185' title='bbox 875 1381 1060 1436; x_wconf 81' lang='grc' dir='ltr'><strong><em>δηλονότι</em></strong></span> <span class='ocrx_word' id='word_1_186' title='bbox 1084 1382 1156 1426; x_wconf 77' lang='grc' dir='ltr'><strong>τόν</strong></span> <span class='ocrx_word' id='word_1_187' title='bbox 1181 1381 1316 1425; x_wconf 73' lang='grc' dir='ltr'><strong><em>πάντα</em></strong></span> <span class='ocrx_word' id='word_1_188' title='bbox 1334 1382 1537 1454; x_wconf 86' lang='grc' dir='ltr'><strong><em>μεταβαλ-</em></strong></span> 
     </span>
     <span class='ocr_line' id='line_1_22' title="bbox 11 1435 1538 1495; baseline 0.001 -14"><span class='ocrx_word' id='word_1_189' title='bbox 11 1443 134 1481; x_wconf 84' lang='grc' dir='ltr'><strong><em>λοντα</em></strong></span> <span class='ocrx_word' id='word_1_190' title='bbox 161 1435 310 1493; x_wconf 80' lang='grc' dir='ltr'><strong><em>χρόνον</em></strong></span> <span class='ocrx_word' id='word_1_191' title='bbox 343 1438 413 1480; x_wconf 82' lang='grc' dir='ltr'><strong>και</strong></span> <span class='ocrx_word' id='word_1_192' title='bbox 442 1435 568 1488; x_wconf 70' lang='grc' dir='ltr'><strong><em>αυτιὶς</em></strong></span> <span class='ocrx_word' id='word_1_193' title='bbox 601 1445 773 1495; x_wconf 85' lang='grc' dir='ltr'><strong><em>φθεῖραι</em></strong></span> <span class='ocrx_word' id='word_1_194' title='bbox 803 1437 1099 1494; x_wconf 79' lang='grc' dir='ltr'><strong><em>μεταβαλόντα,</em></strong></span> <span class='ocrx_word' id='word_1_195' title='bbox 1136 1440 1206 1482; x_wconf 79' lang='grc' dir='ltr'><strong>και</strong></span> <span class='ocrx_word' id='word_1_196' title='bbox 1242 1444 1318 1482; x_wconf 76' lang='grc' dir='ltr'><strong>τοῦ</strong></span> <span class='ocrx_word' id='word_1_197' title='bbox 1346 1437 1538 1495; x_wconf 80' lang='grc' dir='ltr'><strong><em>οἷριθμοῦ</em></strong></span> 
     </span>
     <span class='ocr_line' id='line_1_23' title="bbox 12 1494 1538 1568; baseline 0 -30"><span class='ocrx_word' id='word_1_198' title='bbox 12 1497 158 1546; x_wconf 84' lang='grc' dir='ltr'><strong><em>ἐξωσαι</em></strong></span> <span class='ocrx_word' id='word_1_199' title='bbox 186 1512 269 1537; x_wconf 88' lang='grc' dir='ltr'><strong>των</strong></span> <span class='ocrx_word' id='word_1_200' title='bbox 302 1494 483 1547; x_wconf 84' lang='grc' dir='ltr'><strong><em>πόλεων,</em></strong></span> <span class='ocrx_word' id='word_1_201' title='bbox 520 1497 628 1549; x_wconf 82' lang='grc' dir='ltr'><strong><em>τείχη</em></strong></span> <span class='ocrx_word' id='word_1_202' title='bbox 657 1513 699 1538; x_wconf 88' lang='grc' dir='ltr'><strong>τε</strong></span> <span class='ocrx_word' id='word_1_203' title='bbox 730 1495 978 1548; x_wconf 80' lang='grc' dir='ltr'><strong><em>καθελόντα,</em></strong></span> <span class='ocrx_word' id='word_1_204' title='bbox 1018 1497 1150 1545; x_wconf 85' lang='grc' dir='ltr'><strong><em>οἰκίας</em></strong></span> <span class='ocrx_word' id='word_1_205' title='bbox 1170 1513 1213 1539; x_wconf 88' lang='grc' dir='ltr'><strong>τε</strong></span> <span class='ocrx_word' id='word_1_206' title='bbox 1225 1495 1538 1568; x_wconf 70' lang='grc' dir='ltr'><strong><em>ἀνατρέψαντα,</em></strong></span> 
     </span>
     <span class='ocr_line' id='line_1_24' title="bbox 14 1550 1538 1621; baseline 0.001 -27"><span class='ocrx_word' id='word_1_207' title='bbox 14 1551 93 1595; x_wconf 69' lang='lat' dir='ltr'><strong>zoin</strong></span> <span class='ocrx_word' id='word_1_208' title='bbox 120 1557 200 1594; x_wconf 79' lang='grc' dir='ltr'><strong>τῶν</strong></span> <span class='ocrx_word' id='word_1_209' title='bbox 220 1553 406 1621; x_wconf 79' lang='grc' dir='ltr'><strong>ἐρειπίων</strong></span> <span class='ocrx_word' id='word_1_210' title='bbox 424 1550 563 1606; x_wconf 87' lang='grc' dir='ltr'><strong><em>μόνων</em></strong></span> <span class='ocrx_word' id='word_1_211' title='bbox 588 1555 855 1608; x_wconf 83' lang='grc' dir='ltr'><strong><em>γνωρίζεσθαι</em></strong></span> <span class='ocrx_word' id='word_1_212' title='bbox 872 1555 1179 1607; x_wconf 82' lang='grc' dir='ltr'><strong><em>καταλείψαντα.</em></strong></span> <span class='ocrx_word' id='word_1_213' title='bbox 1209 1550 1308 1595; x_wconf 74' lang='grc' dir='ltr'><strong><em>ἄλλα</em></strong></span> <span class='ocrx_word' id='word_1_214' title='bbox 1327 1554 1440 1608; x_wconf 83' lang='grc' dir='ltr'><strong><em>μέχρι</em></strong></span> <span class='ocrx_word' id='word_1_215' title='bbox 1461 1558 1538 1596; x_wconf 79' lang='grc' dir='ltr'><strong><em>σοῦ’</em></strong></span> 
     </span>
     <span class='ocr_line' id='line_1_25' title="bbox 13 1606 1538 1681; baseline 0 -29"><span class='ocrx_word' id='word_1_216' title='bbox 13 1613 185 1681; x_wconf 81' lang='grc' dir='ltr'><strong><em>βασιλεῦ’</em></strong></span> <span class='ocrx_word' id='word_1_217' title='bbox 201 1615 288 1659; x_wconf 86' lang='grc' dir='ltr'><strong><em>ταῖς</em></strong></span> <span class='ocrx_word' id='word_1_218' title='bbox 313 1606 528 1677; x_wconf 83' lang='grc' dir='ltr'><strong><em>Τραλλεσιν</em></strong></span> <span class='ocrx_word' id='word_1_219' title='bbox 546 1627 573 1663; x_wconf 92' lang='grc' dir='ltr'><strong><em>η</em></strong></span> <span class='ocrx_word' id='word_1_220' title='bbox 592 1610 749 1665; x_wconf 83' lang='grc' dir='ltr'><strong><em>φθορα,</em></strong></span> <span class='ocrx_word' id='word_1_221' title='bbox 777 1612 848 1653; x_wconf 85' lang='grc' dir='ltr'><strong><em>καὶ</em></strong></span> <span class='ocrx_word' id='word_1_222' title='bbox 863 1615 920 1667; x_wconf 80' lang='grc' dir='ltr'><strong>τῷ</strong></span> <span class='ocrx_word' id='word_1_223' title='bbox 936 1609 1066 1667; x_wconf 79' lang='grc' dir='ltr'><strong><em>χρόνω</em></strong></span> <span class='ocrx_word' id='word_1_224' title='bbox 1085 1628 1112 1664; x_wconf 90' lang='grc' dir='ltr'><strong><em>η</em></strong></span> <span class='ocrx_word' id='word_1_225' title='bbox 1131 1607 1348 1664; x_wconf 78' lang='grc' dir='ltr'><strong><em>καύχησις</em></strong></span> <span class='ocrx_word' id='word_1_226' title='bbox 1378 1611 1473 1652; x_wconf 80' lang='grc' dir='ltr'><strong><em>νυνὶ</em></strong></span> <span class='ocrx_word' id='word_1_227' title='bbox 1493 1610 1538 1652; x_wconf 81' lang='grc' dir='ltr'><strong>δὲ</strong></span> 
     </span>
     <span class='ocr_line' id='line_1_26' title="bbox 14 1659 1536 1721; baseline -0.003 -10"><span class='ocrx_word' id='word_1_228' title='bbox 14 1666 84 1711; x_wconf 74' lang='grc' dir='ltr'><strong><em>διὰ</em></strong></span> <span class='ocrx_word' id='word_1_229' title='bbox 109 1671 187 1710; x_wconf 83' lang='grc' dir='ltr'><strong><em>σοῦ’</em></strong></span> <span class='ocrx_word' id='word_1_230' title='bbox 213 1659 338 1709; x_wconf 85' lang='grc' dir='ltr'><strong><em>παλιν</em></strong></span> <span class='ocrx_word' id='word_1_231' title='bbox 367 1667 411 1709; x_wconf 78' lang='grc' dir='ltr'><strong><em>ἐν</em></strong></span> <span class='ocrx_word' id='word_1_232' title='bbox 433 1663 597 1709; x_wconf 87' lang='grc' dir='ltr'><strong><em>πόλεσιν</em></strong></span> <span class='ocrx_word' id='word_1_233' title='bbox 627 1668 776 1711; x_wconf 78' lang='grc' dir='ltr'><strong><em>ἐκεῖναι</em></strong></span> <span class='ocrx_word' id='word_1_234' title='bbox 794 1676 870 1709; x_wconf 86' lang='lat' dir='ltr'><strong>etc.</strong></span> <span class='ocrx_word' id='word_1_235' title='bbox 927 1668 1031 1708; x_wconf 87' lang='lat' dir='ltr'><strong>Vide</strong></span> <span class='ocrx_word' id='word_1_236' title='bbox 1061 1668 1159 1710; x_wconf 90' lang='lat' dir='ltr'><strong>Cod.</strong></span> <span class='ocrx_word' id='word_1_237' title='bbox 1180 1669 1279 1721; x_wconf 79' lang='lat' dir='ltr'><strong>Reg.</strong></span> <span class='ocrx_word' id='word_1_238' title='bbox 1314 1669 1436 1713; x_wconf 82' lang='grc'><strong>1853.</strong></span> <span class='ocrx_word' id='word_1_239' title='bbox 1465 1669 1536 1708; x_wconf 88' lang='lat' dir='ltr'><strong>sol.</strong></span> 
     </span>
     <span class='ocr_line' id='line_1_27' title="bbox 17 1725 1069 1771; baseline 0.01 -8"><span class='ocrx_word' id='word_1_240' title='bbox 17 1729 113 1770; x_wconf 86' lang='lat'><strong>179.</strong></span> <span class='ocrx_word' id='word_1_241' title='bbox 142 1725 192 1766; x_wconf 87' lang='lat' dir='ltr'><strong>V.</strong></span> <span class='ocrx_word' id='word_1_242' title='bbox 223 1726 318 1764; x_wconf 83' lang='lat' dir='ltr'><strong>item</strong></span> <span class='ocrx_word' id='word_1_243' title='bbox 341 1725 466 1767; x_wconf 84' lang='lat' dir='ltr'><strong>Codd.</strong></span> <span class='ocrx_word' id='word_1_244' title='bbox 507 1726 634 1769; x_wconf 84' lang='lat'>3355</span> <span class='ocrx_word' id='word_1_245' title='bbox 666 1733 705 1765; x_wconf 85' lang='lat' dir='ltr'><strong>et</strong></span> <span class='ocrx_word' id='word_1_246' title='bbox 733 1729 860 1771; x_wconf 89' lang='lat'>3118</span> <span class='ocrx_word' id='word_1_247' title='bbox 917 1739 1069 1767; x_wconf 68' lang='lat' dir='ltr'><strong>nomn.</strong></span> 
     </span>
    </p>

    <p class='ocr_par' dir='ltr' id='par_1_6' title="bbox 13 1779 1538 1882">
     <span class='ocr_line' id='line_1_28' title="bbox 130 1779 1538 1838; baseline -0.002 -14"><span class='ocrx_word' id='word_1_248' title='bbox 130 1785 349 1836; x_wconf 78' lang='lat' dir='ltr'><strong>Pag.143‚</strong></span> <span class='ocrx_word' id='word_1_249' title='bbox 379 1787 422 1827; x_wconf 81' lang='lat'><strong>2.</strong></span> <span class='ocrx_word' id='word_1_250' title='bbox 486 1785 567 1836; x_wconf 83' lang='grc' dir='ltr'><strong><em>Τῆς</em></strong></span> <span class='ocrx_word' id='word_1_251' title='bbox 592 1780 636 1824; x_wconf 81' lang='grc' dir='ltr'><strong>δὲ</strong></span> <span class='ocrx_word' id='word_1_252' title='bbox 663 1780 819 1833; x_wconf 89' lang='grc' dir='ltr'><strong><em>πόλεως</em></strong></span> <span class='ocrx_word' id='word_1_253' title='bbox 849 1779 1078 1838; x_wconf 75' lang='grc' dir='ltr'><strong><em>Τράλλεως]</em></strong></span> <span class='ocrx_word' id='word_1_254' title='bbox 1117 1781 1231 1822; x_wconf 84' lang='lat' dir='ltr'><strong>Ordo</strong></span> <span class='ocrx_word' id='word_1_255' title='bbox 1259 1795 1450 1823; x_wconf 84' lang='lat' dir='ltr'><strong>versuum</strong></span> <span class='ocrx_word' id='word_1_256' title='bbox 1479 1781 1538 1821; x_wconf 84' lang='lat' dir='ltr'><strong>sic</strong></span> 
     </span>
     <span class='ocr_line' id='line_1_29' title="bbox 13 1839 308 1882; baseline -0.015 0"><span class='ocrx_word' id='word_1_257' title='bbox 13 1839 308 1882; x_wconf 86' lang='lat' dir='ltr'><strong>restituendus:</strong></span> 
     </span>
    </p>

    <p class='ocr_par' dir='ltr' id='par_1_7' title="bbox 135 1891 1314 1951">
     <span class='ocr_line' id='line_1_30' title="bbox 135 1891 1314 1951; baseline -0.002 -12"><span class='ocrx_word' id='word_1_258' title='bbox 135 1900 218 1950; x_wconf 82' lang='grc' dir='ltr'><strong><em>Τῆς</em></strong></span> <span class='ocrx_word' id='word_1_259' title='bbox 244 1895 290 1938; x_wconf 83' lang='grc' dir='ltr'><strong>δὲ</strong></span> <span class='ocrx_word' id='word_1_260' title='bbox 315 1891 467 1946; x_wconf 78' lang='grc' dir='ltr'><strong><em>πόλεως</em></strong></span> <span class='ocrx_word' id='word_1_261' title='bbox 500 1891 706 1950; x_wconf 87' lang='grc' dir='ltr'><strong><em>Τραλλεως</em></strong></span> <span class='ocrx_word' id='word_1_262' title='bbox 732 1913 778 1939; x_wconf 91' lang='grc' dir='ltr'><strong>το</strong></span> <span class='ocrx_word' id='word_1_263' title='bbox 807 1893 953 1945; x_wconf 75' lang='grc' dir='ltr'><strong><em>κᾶλλος</em></strong></span> <span class='ocrx_word' id='word_1_264' title='bbox 980 1892 1140 1951; x_wconf 82' lang='grc' dir='ltr'><strong><em>χρόνοις</em></strong></span> <span class='ocrx_word' id='word_1_265' title='bbox 1168 1896 1314 1938; x_wconf 62' lang='lat' dir='ltr'><strong>{estvm</strong></span> 
     </span>
    </p>

    <p class='ocr_par' dir='ltr' id='par_1_8' title="bbox 126 1949 1329 2025">
     <span class='ocr_line' id='line_1_31' title="bbox 126 1949 1329 2025; baseline 0.001 -30.002"><span class='ocrx_word' id='word_1_266' title='bbox 126 1950 435 2025; x_wconf 83' lang='grc' dir='ltr'><strong><em>Σβεννύμενον·</em></strong></span> <span class='ocrx_word' id='word_1_267' title='bbox 491 1952 537 1996; x_wconf 73' lang='lat' dir='ltr'><strong>‘to&#39;</strong></span> <span class='ocrx_word' id='word_1_268' title='bbox 568 1953 612 1995; x_wconf 79' lang='grc' dir='ltr'><strong>δὲ</strong></span> <span class='ocrx_word' id='word_1_269' title='bbox 639 1952 855 1996; x_wconf 76' lang='grc' dir='ltr'><strong><em>πολλοστὸν</em></strong></span> <span class='ocrx_word' id='word_1_270' title='bbox 883 1949 1032 2023; x_wconf 89' lang='grc' dir='ltr'><strong><em>ταύτης</em></strong></span> <span class='ocrx_word' id='word_1_271' title='bbox 1058 1952 1329 2007; x_wconf 79' lang='grc' dir='ltr'><strong><em>καταλειφθὲν</em></strong></span> 
     </span>
    </p>

    <p class='ocr_par' dir='ltr' id='par_1_9' title="bbox 126 2006 1124 2082">
     <span class='ocr_line' id='line_1_32' title="bbox 126 2006 1124 2082; baseline -0.001 -29.993"><span class='ocrx_word' id='word_1_272' title='bbox 126 2008 195 2052; x_wconf 84' lang='grc' dir='ltr'><strong><em>Ἐν</em></strong></span> <span class='ocrx_word' id='word_1_273' title='bbox 222 2007 408 2060; x_wconf 68' lang='grc' dir='ltr'><strong><em>ὑστάτοις</em></strong></span> <span class='ocrx_word' id='word_1_274' title='bbox 435 2008 764 2081; x_wconf 74' lang='grc' dir='ltr'><strong><em>ἕκφοβηθήσεται</em></strong></span> <span class='ocrx_word' id='word_1_275' title='bbox 793 2010 906 2052; x_wconf 70' lang='grc' dir='ltr'><strong><em>ἔθνει</em></strong></span> <span class='ocrx_word' id='word_1_276' title='bbox 938 2006 1124 2082; x_wconf 78' lang='grc' dir='ltr'><strong><em>οἷνᾶρχῳ·</em></strong></span> 
     </span>
    </p>

    <p class='ocr_par' dir='ltr' id='par_1_10' title="bbox 62 2053 1126 2122">
     <span class='ocr_line' id='line_1_33' title="bbox 62 2053 1126 2122; baseline 0.001 -13"><span class='ocrx_word' id='word_1_277' title='bbox 62 2116 66 2119; x_wconf 36' lang='grc'>,</span> <span class='ocrx_word' id='word_1_278' title='bbox 126 2064 400 2121; x_wconf 77' lang='grc' dir='ltr'><strong><em>Ἀλωθήσεται</em></strong></span> <span class='ocrx_word' id='word_1_279' title='bbox 429 2064 473 2109; x_wconf 93' lang='lat'><strong>6&#39;</strong></span> <span class='ocrx_word' id='word_1_280' title='bbox 502 2065 701 2122; x_wconf 81' lang='grc' dir='ltr'><strong><em>ου’δαμῶς.</em></strong></span> <span class='ocrx_word' id='word_1_281' title='bbox 758 2064 1052 2110; x_wconf 68' lang='grc' dir='ltr'><strong><em>ἀνακαινισθὲν</em></strong></span> <span class='ocrx_word' id='word_1_282' title='bbox 1073 2053 1126 2110; x_wconf 78' lang='grc' dir='ltr'><strong>δὲ</strong></span> 
     </span>
    </p>

    <p class='ocr_par' dir='ltr' id='par_1_11' title="bbox 126 2121 1068 2194">
     <span class='ocr_line' id='line_1_34' title="bbox 126 2121 1068 2194; baseline 0.001 -27"><span class='ocrx_word' id='word_1_283' title='bbox 126 2121 320 2167; x_wconf 84' lang='grc' dir='ltr'><strong><em>Ἐσσεῖται</em></strong></span> <span class='ocrx_word' id='word_1_284' title='bbox 346 2141 456 2178; x_wconf 86' lang='grc' dir='ltr'><strong><em>παρα</em></strong></span> <span class='ocrx_word' id='word_1_285' title='bbox 487 2126 666 2167; x_wconf 82' lang='grc' dir='ltr'><strong><em>δυνατοῦ</em></strong></span> <span class='ocrx_word' id='word_1_286' title='bbox 694 2122 968 2194; x_wconf 80' lang='grc' dir='ltr'><strong><em>Νικωνύμου,</em></strong></span> <span class='ocrx_word' id='word_1_287' title='bbox 1023 2122 1068 2175; x_wconf 79' lang='grc' dir='ltr'><strong><em>ὃς</em></strong></span> 
     </span>
    </p>

    <p class='ocr_par' dir='ltr' id='par_1_12' title="bbox 130 2179 1086 2254">
     <span class='ocr_line' id='line_1_35' title="bbox 130 2179 1086 2254; baseline 0 -30"><span class='ocrx_word' id='word_1_288' title='bbox 130 2179 354 2235; x_wconf 81' lang='grc' dir='ltr'><strong><em>Ὀκταπλῆν</em></strong></span> <span class='ocrx_word' id='word_1_289' title='bbox 384 2179 543 2253; x_wconf 80' lang='grc' dir='ltr'><strong><em>α’γλαῶς</em></strong></span> <span class='ocrx_word' id='word_1_290' title='bbox 570 2180 720 2224; x_wconf 60' lang='lat' dir='ltr'><strong>{wacta</strong></span> <span class='ocrx_word' id='word_1_291' title='bbox 747 2179 890 2254; x_wconf 87' lang='grc' dir='ltr'><strong><em>βιω’σει</em></strong></span> <span class='ocrx_word' id='word_1_292' title='bbox 917 2184 1086 2233; x_wconf 80' lang='grc' dir='ltr'><strong><em>δίσκων,</em></strong></span> 
     </span>
    </p>

    <p class='ocr_par' dir='ltr' id='par_1_13' title="bbox 134 2236 1320 2312">
     <span class='ocr_line' id='line_1_36' title="bbox 134 2236 1320 2312; baseline -0.001 -32"><span class='ocrx_word' id='word_1_293' title='bbox 134 2240 216 2281; x_wconf 78' lang='grc' dir='ltr'><strong><em>Καὶ</em></strong></span> <span class='ocrx_word' id='word_1_294' title='bbox 243 2240 331 2312; x_wconf 83' lang='grc' dir='ltr'><strong><em>τρὶς</em></strong></span> <span class='ocrx_word' id='word_1_295' title='bbox 359 2237 458 2280; x_wconf 65' lang='lat' dir='ltr'><strong>§ma</strong></span> <span class='ocrx_word' id='word_1_296' title='bbox 484 2237 644 2281; x_wconf 79' lang='grc' dir='ltr'><strong><em>κύκλων</em></strong></span> <span class='ocrx_word' id='word_1_297' title='bbox 658 2239 695 2294; x_wconf 85' lang='lat'><strong>*)</strong></span> <span class='ocrx_word' id='word_1_298' title='bbox 724 2237 845 2282; x_wconf 86' lang='grc' dir='ltr'><strong><em>πόλιν</em></strong></span> <span class='ocrx_word' id='word_1_299' title='bbox 865 2236 1057 2282; x_wconf 83' lang='grc' dir='ltr'><strong><em>Ἀτταλου</em></strong></span> <span class='ocrx_word' id='word_1_300' title='bbox 1086 2240 1320 2294; x_wconf 75' lang='grc' dir='ltr'><strong><em>λαμπρυνεί</em></strong></span> 
     </span>
    </p>

    <p class='ocr_par' dir='ltr' id='par_1_14' title="bbox 122 2292 1056 2365">
     <span class='ocr_line' id='line_1_37' title="bbox 122 2292 1056 2365; baseline 0.001 -27.011"><span class='ocrx_word' id='word_1_301' title='bbox 122 2292 193 2338; x_wconf 69' lang='grc' dir='ltr'><strong>ἱ’.Ωι</strong></span> <span class='ocrx_word' id='word_1_302' title='bbox 219 2297 288 2338; x_wconf 81' lang='grc' dir='ltr'><strong><em>καὶ</em></strong></span> <span class='ocrx_word' id='word_1_303' title='bbox 295 2292 451 2346; x_wconf 85' lang='grc' dir='ltr'><strong><em>πόλεις</em></strong></span> <span class='ocrx_word' id='word_1_304' title='bbox 479 2296 675 2365; x_wconf 77' lang='grc' dir='ltr'><strong><em>ἑσπέριαι</em></strong></span> <span class='ocrx_word' id='word_1_305' title='bbox 686 2293 952 2350; x_wconf 78' lang='grc' dir='ltr'><strong><em>ύποκύψουσι</em></strong></span> <span class='ocrx_word' id='word_1_306' title='bbox 962 2295 1056 2352; x_wconf 70' lang='lat'>*⁴‘)‚</span> 
     </span>
    </p>

    <p class='ocr_par' dir='ltr' id='par_1_15' title="bbox 133 2349 1052 2410">
     <span class='ocr_line' id='line_1_38' title="bbox 133 2349 1052 2410; baseline 0.001 -15"><span class='ocrx_word' id='word_1_307' title='bbox 133 2353 216 2395; x_wconf 81' lang='grc' dir='ltr'><strong><em>Καὶ</em></strong></span> <span class='ocrx_word' id='word_1_308' title='bbox 246 2350 437 2410; x_wconf 76' lang='grc' dir='ltr'><strong><em>ἆγέρωχοι</em></strong></span> <span class='ocrx_word' id='word_1_309' title='bbox 466 2349 818 2407; x_wconf 82' lang='grc' dir='ltr'><strong><em>υποκλιθήσονται</em></strong></span> <span class='ocrx_word' id='word_1_310' title='bbox 843 2355 1052 2404; x_wconf 74' lang='grc' dir='ltr'><strong><em>παιδικῶς.</em></strong></span> 
     </span>
    </p>

    <p class='ocr_par' dir='ltr' id='par_1_16' title="bbox 15 2402 1540 2752">
     <span class='ocr_line' id='line_1_39' title="bbox 17 2402 1538 2465; baseline 0.001 -13"><span class='ocrx_word' id='word_1_311' title='bbox 17 2413 120 2452; x_wconf 88' lang='lat' dir='ltr'><strong>Sunt</strong></span> <span class='ocrx_word' id='word_1_312' title='bbox 144 2425 286 2451; x_wconf 82' lang='lat' dir='ltr'><strong>versus</strong></span> <span class='ocrx_word' id='word_1_313' title='bbox 315 2411 569 2461; x_wconf 84' lang='lat' dir='ltr'><strong>Hexametri,</strong></span> <span class='ocrx_word' id='word_1_314' title='bbox 608 2425 743 2451; x_wconf 88' lang='lat' dir='ltr'><strong>omnes</strong></span> <span class='ocrx_word' id='word_1_315' title='bbox 772 2412 952 2465; x_wconf 87' lang='lat' dir='ltr'><strong>exceptis</strong></span> <span class='ocrx_word' id='word_1_316' title='bbox 984 2411 1114 2451; x_wconf 86' lang='lat' dir='ltr'><strong>tribus</strong></span> <span class='ocrx_word' id='word_1_317' title='bbox 1144 2408 1287 2464; x_wconf 83' lang='lat' dir='ltr'><strong>primis</strong></span> <span class='ocrx_word' id='word_1_318' title='bbox 1317 2402 1538 2459; x_wconf 59' lang='lat' dir='ltr'><strong>spondam,</strong></span> 
     </span>
     <span class='ocr_line' id='line_1_40' title="bbox 16 2461 1540 2522; baseline -0.001 -13"><span class='ocrx_word' id='word_1_319' title='bbox 16 2470 218 2522; x_wconf 88' lang='lat' dir='ltr'><strong>iidemque</strong></span> <span class='ocrx_word' id='word_1_320' title='bbox 236 2468 437 2508; x_wconf 84' lang='lat' dir='ltr'><strong>inconditi</strong></span> <span class='ocrx_word' id='word_1_321' title='bbox 460 2475 501 2509; x_wconf 91' lang='lat' dir='ltr'><strong>et</strong></span> <span class='ocrx_word' id='word_1_322' title='bbox 519 2468 792 2520; x_wconf 86' lang='lat' dir='ltr'><strong>immodulati,</strong></span> <span class='ocrx_word' id='word_1_323' title='bbox 821 2470 863 2508; x_wconf 92' lang='lat' dir='ltr'><strong>in</strong></span> <span class='ocrx_word' id='word_1_324' title='bbox 885 2467 1030 2522; x_wconf 88' lang='lat' dir='ltr'><strong>quibus</strong></span> <span class='ocrx_word' id='word_1_325' title='bbox 1058 2468 1222 2507; x_wconf 76' lang='lat' dir='ltr'><strong>vocales</strong></span> <span class='ocrx_word' id='word_1_326' title='bbox 1243 2482 1288 2515; x_wconf 87' lang='grc' dir='ltr'><strong><em>α,</em></strong></span> <span class='ocrx_word' id='word_1_327' title='bbox 1319 2479 1346 2513; x_wconf 78' lang='grc' dir='ltr'><strong><em>ι,</em></strong></span> <span class='ocrx_word' id='word_1_328' title='bbox 1373 2478 1413 2511; x_wconf 84' lang='lat' dir='ltr'><strong>v,</strong></span> <span class='ocrx_word' id='word_1_329' title='bbox 1441 2461 1540 2499; x_wconf 73' lang='grc'>1011-</span> 
     </span>
     <span class='ocr_line' id='line_1_41' title="bbox 16 2521 1539 2592; baseline -0.002 -26"><span class='ocrx_word' id='word_1_330' title='bbox 16 2541 90 2580; x_wconf 86' lang='lat' dir='ltr'><strong>gae</strong></span> <span class='ocrx_word' id='word_1_331' title='bbox 111 2533 205 2566; x_wconf 91' lang='lat' dir='ltr'><strong>sunt</strong></span> <span class='ocrx_word' id='word_1_332' title='bbox 225 2527 293 2566; x_wconf 82' lang='lat' dir='ltr'><strong>vel</strong></span> <span class='ocrx_word' id='word_1_333' title='bbox 313 2526 470 2577; x_wconf 89' lang='lat' dir='ltr'><strong>breves,</strong></span> <span class='ocrx_word' id='word_1_334' title='bbox 499 2533 623 2580; x_wconf 89' lang='lat' dir='ltr'><strong>prout</strong></span> <span class='ocrx_word' id='word_1_335' title='bbox 645 2531 787 2580; x_wconf 70' lang='lat' dir='ltr'><strong>poetae</strong></span> <span class='ocrx_word' id='word_1_336' title='bbox 813 2525 943 2566; x_wconf 80' lang='lat' dir='ltr'><strong>libuit.</strong></span> <span class='ocrx_word' id='word_1_337' title='bbox 1001 2525 1110 2575; x_wconf 82' lang='lat' dir='ltr'><strong>Quin</strong></span> <span class='ocrx_word' id='word_1_338' title='bbox 1133 2531 1173 2564; x_wconf 89' lang='lat' dir='ltr'><strong>et</strong></span> <span class='ocrx_word' id='word_1_339' title='bbox 1199 2521 1370 2592; x_wconf 79' lang='lat' dir='ltr'><strong>syllabas</strong></span> <span class='ocrx_word' id='word_1_340' title='bbox 1394 2524 1539 2557; x_wconf 63' lang='lat' dir='ltr'><strong>natura</strong></span> 
     </span>
     <span class='ocr_line' id='line_1_42' title="bbox 15 2570 1538 2649; baseline -0.001 -25"><span class='ocrx_word' id='word_1_341' title='bbox 15 2584 174 2634; x_wconf 86' lang='lat' dir='ltr'><strong>breves,</strong></span> <span class='ocrx_word' id='word_1_342' title='bbox 205 2589 376 2623; x_wconf 88' lang='lat' dir='ltr'><strong>accentu</strong></span> <span class='ocrx_word' id='word_1_343' title='bbox 393 2590 511 2623; x_wconf 85' lang='lat' dir='ltr'><strong>acuto</strong></span> <span class='ocrx_word' id='word_1_344' title='bbox 533 2585 598 2624; x_wconf 85' lang='lat' dir='ltr'><strong>vel</strong></span> <span class='ocrx_word' id='word_1_345' title='bbox 616 2584 728 2636; x_wconf 86' lang='lat' dir='ltr'><strong>gravi</strong></span> <span class='ocrx_word' id='word_1_346' title='bbox 747 2589 918 2634; x_wconf 81' lang='lat' dir='ltr'><strong>notatas,</strong></span> <span class='ocrx_word' id='word_1_347' title='bbox 946 2581 1171 2649; x_wconf 84' lang='lat' dir='ltr'><strong>producit</strong></span> <span class='ocrx_word' id='word_1_348' title='bbox 1158 2594 1199 2619; x_wconf 86' lang='lat' dir='ltr'><strong>m</strong></span> <span class='ocrx_word' id='word_1_349' title='bbox 1220 2595 1280 2629; x_wconf 86' lang='grc' dir='ltr'><strong>το,</strong></span> <span class='ocrx_word' id='word_1_350' title='bbox 1306 2578 1348 2615; x_wconf 82' lang='lat' dir='ltr'><strong>in</strong></span> <span class='ocrx_word' id='word_1_351' title='bbox 1367 2570 1538 2630; x_wconf 64' lang='lat'><strong>29611013,</strong></span> 
     </span>
     <span class='ocr_line' id='line_1_43' title="bbox 16 2631 1539 2705; baseline -0.007 -25"><span class='ocrx_word' id='word_1_352' title='bbox 16 2641 63 2680; x_wconf 89' lang='lat' dir='ltr'><strong>in</strong></span> <span class='ocrx_word' id='word_1_353' title='bbox 80 2636 226 2688; x_wconf 82' lang='grc' dir='ltr'><strong><em>πόλεις.</em></strong></span> <span class='ocrx_word' id='word_1_354' title='bbox 281 2641 381 2680; x_wconf 86' lang='lat' dir='ltr'><strong>Item</strong></span> <span class='ocrx_word' id='word_1_355' title='bbox 402 2640 696 2695; x_wconf 86' lang='lat' dir='ltr'><strong>diphthongum</strong></span> <span class='ocrx_word' id='word_1_356' title='bbox 715 2657 752 2682; x_wconf 88' lang='grc' dir='ltr'><strong>οι</strong></span> <span class='ocrx_word' id='word_1_357' title='bbox 780 2640 949 2693; x_wconf 83' lang='lat' dir='ltr'><strong>corripit</strong></span> <span class='ocrx_word' id='word_1_358' title='bbox 966 2641 1012 2679; x_wconf 89' lang='lat' dir='ltr'><strong>in</strong></span> <span class='ocrx_word' id='word_1_359' title='bbox 1037 2635 1221 2705; x_wconf 74' lang='grc' dir='ltr'><strong><em>χρόνοις,</em></strong></span> <span class='ocrx_word' id='word_1_360' title='bbox 1251 2640 1291 2674; x_wconf 86' lang='lat' dir='ltr'><strong>et</strong></span> <span class='ocrx_word' id='word_1_361' title='bbox 1310 2631 1493 2674; x_wconf 84' lang='lat' dir='ltr'><strong>vocalem</strong></span> <span class='ocrx_word' id='word_1_362' title='bbox 1510 2646 1539 2683; x_wconf 86' lang='grc' dir='ltr'><strong><em>η</em></strong></span> 
     </span>
     <span class='ocr_line' id='line_1_44' title="bbox 16 2690 1539 2752; baseline -0.005 -14"><span class='ocrx_word' id='word_1_363' title='bbox 16 2698 62 2738; x_wconf 89' lang='lat' dir='ltr'><strong>in</strong></span> <span class='ocrx_word' id='word_1_364' title='bbox 86 2693 438 2752; x_wconf 76' lang='grc' dir='ltr'><strong><em>ἐκφοβηθήσεται,</em></strong></span> <span class='ocrx_word' id='word_1_365' title='bbox 463 2698 507 2738; x_wconf 90' lang='lat' dir='ltr'><strong>id</strong></span> <span class='ocrx_word' id='word_1_366' title='bbox 537 2699 646 2752; x_wconf 86' lang='lat' dir='ltr'><strong>quod</strong></span> <span class='ocrx_word' id='word_1_367' title='bbox 674 2699 823 2738; x_wconf 79' lang='lat' dir='ltr'><strong>factum</strong></span> <span class='ocrx_word' id='word_1_368' title='bbox 849 2697 1012 2739; x_wconf 79' lang='lat' dir='ltr'><strong>videtur</strong></span> <span class='ocrx_word' id='word_1_369' title='bbox 1037 2697 1137 2736; x_wconf 81' lang='lat' dir='ltr'><strong>vitio</strong></span> <span class='ocrx_word' id='word_1_370' title='bbox 1163 2690 1380 2739; x_wconf 86' lang='lat' dir='ltr'><strong>iotacismi,</strong></span> <span class='ocrx_word' id='word_1_371' title='bbox 1413 2701 1493 2741; x_wconf 80' lang='lat' dir='ltr'><strong>quo</strong></span> <span class='ocrx_word' id='word_1_372' title='bbox 1510 2702 1539 2740; x_wconf 82' lang='grc' dir='ltr'><strong><em>η</em></strong></span> 
     </span>
    </p>
   </div>
   <div class='ocr_carea' id='block_1_4' title="bbox 62 2808 1486 2927">
    <p class='ocr_par' dir='ltr' id='par_1_17' title="bbox 62 2808 1486 2934">
     <span class='ocr_line' id='line_1_45' title="bbox 62 2808 548 2854; baseline -0.006 -7"><span class='ocrx_word' id='word_1_373' title='bbox 62 2808 102 2854; x_wconf 69' lang='lat'><strong>⁴¹)</strong></span> <span class='ocrx_word' id='word_1_374' title='bbox 130 2808 185 2845; x_wconf 79' lang='lat' dir='ltr'><strong>Al.</strong></span> <span class='ocrx_word' id='word_1_375' title='bbox 207 2808 364 2846; x_wconf 70' lang='grc' dir='ltr'><strong>κυκλῶν.</strong></span> <span class='ocrx_word' id='word_1_376' title='bbox 410 2820 548 2848; x_wconf 66' lang='lat' dir='ltr'><strong>town«.</strong></span> 
     </span>
     <span class='ocr_line' id='line_1_46' title="bbox 63 2871 1486 2927; baseline -0.018 -2"><span class='ocrx_word' id='word_1_377' title='bbox 63 2876 123 2924; x_wconf 64' lang='grc' dir='ltr'><strong>*Ἴ</strong></span> <span class='ocrx_word' id='word_1_378' title='bbox 145 2878 245 2915; x_wconf 73' lang='lat' dir='ltr'><strong>Fon.</strong></span> <span class='ocrx_word' id='word_1_379' title='bbox 262 2874 455 2926; x_wconf 55' lang='lat' dir='ltr'><strong>imm.</strong></span> <span class='ocrx_word' id='word_1_380' title='bbox 472 2879 614 2917; x_wconf 74' lang='lat' dir='ltr'><strong>lieentia</strong></span> <span class='ocrx_word' id='word_1_381' title='bbox 633 2877 729 2927; x_wconf 72' lang='lat' dir='ltr'><strong>apud</strong></span> <span class='ocrx_word' id='word_1_382' title='bbox 742 2877 820 2916; x_wconf 75' lang='lat' dir='ltr'><strong>eim</strong></span> <span class='ocrx_word' id='word_1_383' title='bbox 835 2877 1002 2927; x_wconf 65' lang='lat' dir='ltr'><strong>temporis</strong></span> <span class='ocrx_word' id='word_1_384' title='bbox 1020 2876 1145 2925; x_wconf 62' lang='lat' dir='ltr'><strong>poetas</strong></span> <span class='ocrx_word' id='word_1_385' title='bbox 1162 2871 1304 2909; x_wconf 70' lang='lat' dir='ltr'><strong>usitata.</strong></span> <span class='ocrx_word' id='word_1_386' title='bbox 1349 2875 1486 2904; x_wconf 68' lang='lat' dir='ltr'><strong>noxvnr.</strong></span> 
     </span>
    </p>
   </div>
  </div>
 </body>
</html>
