1794 3172
339 185 658 233 HISTORIAE
680 185 1056 231 BYZANTINAE
1086 185 1206 230 XIV.
1239 190 1307 233 10.
1446 180 1548 228 729

62 303 138 356 τῆς
166 290 376 356 Περσικῆς
412 293 627 351 δυνάμεως
658 296 699 339 ἓν
730 293 866 347 τόξοις
893 294 1072 347 ἅπαντες
1110 290 1219 352 ἦσαν
1259 295 1366 339 κατὰ
1399 294 1549 341 κύκλον
1575 307 1662 339 Α.(“.
1681 303 1772 342 1345

63 366 337 427 περιστάντες.
377 366 417 410 οἱ
446 368 472 409 δ
481 366 494 382 ²
527 367 570 409 ἐν
599 365 713 425 με’σῳ
745 363 1039 424 στρεφόμενοι,
1077 363 1272 424 καθάπερ
1290 368 1432 422 μονιοί
1445 354 1771 436 τινεςωίῐζοᾞῖέω

66 438 223 496 ἄγριοι,
263 434 463 492 διακόψαι
494 437 562 479 καὶ
594 437 807 493 διαφυγεῖν
835 435 912 491 τὴν
943 439 1028 478 τῶν
1058 439 1237 493 Περσῶν
1257 435 1333 479 οὐκ
1351 434 1592 482 ε’δύναντοΟ

66 506 270 566 φάλαγγα.
309 506 502 550 ἐνέκειντο
526 504 605 562 γὰρ
639 505 767 555 εὐθὺς
797 505 837 548 οἳ
864 508 939 547 τοῦ
963 505 1169 560 βασιλέως
1195 505 1350 560 ἱππεῖς,
1388 511 1463 550 νῦν
1475 509 1552 562 μὲν

38 577 176 620 5κατά
208 576 399 632 με’τωπον
427 574 689 625 ἀπαντῶντες
699 608 712 627 ,
752 579 827 618 νῦν
845 575 891 618 δὲ
910 574 1017 617 κατὰ
1035 573 1168 618 νώτου
1186 583 1352 631 συχνοῖς
1370 582 1457 627 τοῖς
1478 575 1554 621 δό-

68 663 164 704 ρασι
195 648 397 696 παίοντες.
436 646 503 687 καὶ
534 644 672 700 ἐπειδὴ
694 644 771 700 τὴν
798 648 874 688 τοῦ
907 647 1149 699 Μομιτίλου
1180 649 1320 688 πᾶσαν
1345 647 1476 690 ’ίππον
1507 648 1552 692 ἓν

65 722 219 774 βραχεῖ’
233 714 527 771 παμπληθέσιν
549 714 587 757 οἶ
598 714 760 772 Πέρσαι
779 715 1082 772 περιπείραντες
1096 715 1233 768 βέλεσι
1253 716 1399 773 νεκρὰν
1413 715 1555 773 ἐποιή-

68 803 222 838 σαντο,
259 786 369 838 πεζοὶ
391 783 535 827 λοιπὸν
556 783 660 841 πρὸς
681 783 826 836 πεζοὺς
848 781 1050 840 ἐμάχοντο
1079 786 1149 827 καὶ
1179 786 1222 828 ἐν
1242 787 1385 842 χερσὶν
1413 784 1435 830 ὃ
1467 785 1590 831 nti-D

69 860 192 910 λεμος
212 850 275 911 ἦν.
313 855 381 898 καὶ
399 851 609 897 συνελόντι
630 851 786 911 φάναι,
822 854 982 910 μηδένα
1001 858 1076 911 τῆς
1094 856 1336 910 Μομιτίλου
1354 858 1459 914 φασὶ
1481 859 1559 900 δυ-

14 923 231 980 1ονάμεως
262 925 304 967 ἓν
335 930 423 973 τοῖς
454 921 597 974 ὅπλοις
629 927 871 980 λελεῖφθαι,
907 925 1015 980 μηδὲ
1044 922 1214 983 φυγάδα
1234 923 1426 969 λαθόντα
1447 927 1559 983 γενέ-

69 999 175 1039 σθαι
202 992 296 1037 τινά
312 1008 323 1018 ·
360 992 453 1036 ἀλλ’
488 990 616 1036 αὐτόν
654 1010 698 1036 τε
739 995 884 1051 ξίφους
925 993 1043 1052 ἔργον
1079 997 1325 1050 ,Μομιτίλαν
1365 998 1434 1039 καὶ
1469 995 1559 1052 ἅμα

70 1069 211 1109 πᾶσαν
233 1063 365 1121 ἄρδην
390 1062 520 1106 αὐτοῦ
540 1062 735 1121 γενέσθαι
761 1063 839 1120 τὴν
861 1063 1082 1122 στρατιὰν,
1120 1064 1229 1122 πλὴν
1260 1065 1429 1124 ὀλίγων,
1469 1064 1561 1110 ὅσοι

72 1137 220 1188 ζῶντες
241 1132 442 1177 ἑάλωσαν.

172 1202 213 1247 ι’.
253 1203 459 1260 Τέτταρες
478 1202 635 1258 μεταξὺ
657 1206 881 1260 παρῆλθον
910 1200 1061 1260 ἡμέραι
1096 1204 1165 1247 καὶ
1196 1202 1494 1258 ὃἈπόκαυκος
1519 1207 1693 1254 ἓνΡ.458

17 1279 62 1315 15
74 1274 289 1333 Βυζαντίῳ
321 1272 425 1330 πρὸς
453 1277 537 1316 τῶν
573 1273 776 1328 δεσμίων,
817 1272 931 1323 ἕντός
963 1278 1038 1317 τοῦ
1062 1273 1167 1332 πρὸς
1200 1274 1424 1332 ἀνίσχοντα
1444 1275 1562 1333 ἥλιον

71 1347 251 1387 παλαιοῦ
269 1343 474 1386 παλατιόυ
484 1376 499 1396 ,
528 1342 635 1399 μετὰ
665 1344 928 1401 μεσημβρίαν
947 1342 1028 1400 ἤδη
1048 1348 1125 1400 τῆς
1154 1341 1328 1401 ἡλιακῆς
1347 1347 1563 1403 γενομένης

70 1413 250 1466 ἀκτῖνος,
288 1412 497 1470 ἕσφακταί
511 1429 553 1456 τε
572 1414 639 1455 καὶ
662 1412 788 1463 αὐτὸς
817 1414 886 1456 καὶ
915 1411 1092 1464 σκότους
1115 1417 1183 1457 καὶ
1214 1413 1355 1472 λήθης
1388 1414 1410 1460 ὃ
1431 1416 1565 1468 πολύς

72 1484 222 1533 ἐκεῖνος
251 1480 421 1538 ὖπῆλθε
444 1482 606 1538 μυχοὺς
636 1483 679 1525 ἓν
708 1487 881 1540 βραχεῖ,
911 1483 1089 1539 μηδενὸς
1107 1488 1191 1527 τῶν
1209 1490 1382 1543 μακρῶν
1403 1485 1565 1543 ὀχυρω-

72 1551 218 1609 μάτων
238 1553 397 1595 ἐκείνων
427 1552 715 1610 συναραμένου
730 1585 744 1606 ,
776 1554 869 1610 περὶ
897 1551 925 1595 ἃ
949 1550 1117 1610 μακράς
1133 1570 1176 1596 τε
1201 1553 1401 1611 ἀνηλώκει
1423 1553 1601 1600 δαπά-Β

18 1631 151 1673 ΞΟνας
180 1624 247 1665 καὶ
277 1623 368 1680 περὶ
398 1620 426 1664 ἃ
455 1622 504 1665 τὸ
538 1626 729 1665 πλεῖστον
761 1619 987 1678 ἅπησχόλει
1011 1627 1086 1666 τοῦ
1126 1624 1237 1678 βίου.
1280 1623 1329 1668 τὸ
1358 1624 1403 1667 δ’
1435 1623 1564 1680 ὅπως,

77 1693 182 1750 ε’ρῶν
206 1691 377 1749 ἔρχομαι
395 1689 667 1749 τρανῶτερον.
726 1690 822 1750 (Β.)
852 1688 965 1734 Ἐπεὶ
982 1691 1062 1749 γὰρ
1088 1693 1146 1743 εἷς
1163 1691 1351 1750 μεγάλων
1370 1693 1566 1752 πραγμά-

75 1779 161 1805 των
180 1759 400 1817 θορύβους
419 1762 486 1804 καὶ
508 1758 724 1816 διοικήσεις
742 1761 931 1813 ἐνέβαλεν
953 1759 1123 1815 ἑαυτὸν,
1155 1764 1223 1805 καὶ
1244 1764 1423 1814 πολλοὺς
1445 1762 1565 1807 22me
1574 1775 1618 1810 V.
1627 1775 1694 1811 371

77 1849 182 1875 σατο
195 1864 209 1885 ,
249 1829 339 1874 ὅσοι
365 1848 410 1873 τε
429 1830 478 1875 τὸ
505 1835 580 1887 τῆς
608 1829 736 1887 τύχης
757 1829 1002 1885 ἐβάσκαινον
1037 1830 1151 1886 ῧψος
1180 1834 1249 1875 καὶ
1277 1831 1367 1877 ὅσοι
1398 1833 1567 1878 παθόν-

77 1919 145 1952 τες
167 1905 303 1954 κακιῧς
327 1898 406 1945 ὑπ’
440 1899 570 1946 αὐτοῦ
591 1900 734 1961 καιρὸν
761 1898 927 1960 ἐζήτουν
960 1899 1229 1959 ἀμύνασθαι,
1268 1903 1388 1956 δεόυς
1407 1902 1562 1963 περιῄει

79 2013 285 2057 omittamus,
308 2012 465 2059 plerique
481 2013 686 2058 Persarum,
711 2024 787 2048 cum
807 2013 850 2049 ab
869 2013 970 2061 equis
988 2013 1222 2058 desiluissent,
1248 2014 1507 2050 circumstetere
1524 2015 1563 2050 in

79 2060 196 2095 orbem
217 2059 372 2094 universi
395 2072 471 2095 cum
490 2062 649 2096 arcubus.
697 2061 745 2095 Hi
767 2073 852 2096 vero
875 2061 912 2096 in
933 2061 1043 2097 medio
1059 2067 1280 2108 aestuantes,
1303 2067 1468 2109 tanquam
1486 2061 1563 2109 apri

80 2106 190 2152 aliqui
208 2107 356 2149 feroces,
383 2118 605 2153 perrumpere
622 2112 658 2142 et
675 2108 832 2154 effugere
851 2109 1034 2143 Persarum
1052 2109 1258 2155 phalangem
1281 2110 1374 2144 haud
1394 2113 1569 2155 poterant.

78 2153 261 2188 Instabant
285 2154 374 2188 enim
401 2155 564 2188 continuo
589 2155 806 2200 imperatoris
829 2154 984 2201 equiteS,
1019 2156 1117 2190 modo
1145 2167 1165 2190 a
1189 2156 1304 2191 fronte
1333 2161 1568 2198 occurrentes,

79 2200 178 2234 modo
206 2200 321 2234 densis
346 2212 367 2235 a
386 2205 487 2247 tergo
515 2201 622 2235 hastis
651 2202 874 2247 impellentes,
923 2201 995 2236 Ubi
1015 2214 1143 2237 omnem
1163 2203 1355 2238 Momitilae
1378 2203 1570 2249 equitatum

79 2246 177 2281 brevi
193 2251 349 2293 tempore
365 2247 552 2282 innumeris
569 2248 737 2283 confixum
755 2248 835 2283 telis
851 2249 982 2283 Persae
1001 2249 1217 2292 deleverunt,
1238 2250 1427 2285 conflixere
1443 2249 1569 2284 exinde

79 2293 216 2339 pedites
235 2306 312 2328 cum
332 2294 527 2339 peditibus,
549 2294 684 2340 fuitque
705 2295 742 2329 in
762 2295 848 2342 ipsis
865 2295 932 2330 iam
952 2296 1108 2332 manibus
1124 2302 1200 2330 tota
1218 2297 1300 2332 belli
1317 2297 1469 2331 fortuna.
1517 2295 1570 2329 Ut

79 2341 200 2386 paucis
219 2341 413 2383 absolvam,
437 2342 603 2376 neminem
625 2342 742 2376 ferunt
759 2354 802 2376 ex
822 2342 1012 2377 Momitilae
1035 2342 1200 2377 militibus
1221 2344 1441 2390 superstitem
1460 2342 1495 2376 in
1511 2354 1570 2377 ar-

80 2386 145 2420 mis
165 2388 350 2430 mansisse,
385 2400 496 2434 neque
521 2400 637 2423 eorum
665 2400 865 2434 quemquam
891 2390 976 2434 fuga
1005 2389 1091 2424 clam
1114 2390 1288 2432 evasisse,
1313 2390 1374 2424 sed
1394 2394 1433 2425 et
1457 2389 1570 2435 ipsum

79 2433 290 2468 trucidatum
318 2446 395 2469 esse
413 2435 636 2479 Momitilam,
661 2440 698 2469 et
716 2447 846 2471 omnem
872 2435 972 2470 simul
997 2436 1090 2472 illius
1118 2438 1307 2472 exercitum
1332 2435 1570 2471 internecione

81 2491 160 2514 esse
179 2480 351 2523 deletum,
375 2482 616 2527 paucissimis,
641 2481 704 2528 qui
722 2482 794 2517 vivi
813 2482 907 2528 capti
929 2483 1071 2525 fuerint,
1096 2483 1263 2529 exceptis.

176 2529 232 2563 10.
256 2527 398 2573 Elapsis
417 2540 460 2562 ex
483 2540 524 2563 eo
546 2529 667 2563 diebus
697 2534 846 2574 quatuor
879 2540 1000 2564 caesus
1026 2535 1061 2564 et
1086 2530 1162 2576 ipse
1177 2530 1340 2576 Byzantii
1360 2531 1567 2575 Apocaucus

82 2571 192 2607 abiis
213 2574 272 2620 qui
290 2574 327 2609 in
346 2574 490 2609 vinculis
511 2584 622 2618 erant,
646 2576 739 2610 intra
755 2582 858 2611 vetus
874 2576 1058 2622 palatium,
1083 2577 1177 2623 quod
1192 2578 1236 2612 ad
1254 2577 1418 2611 orientem
1437 2575 1567 2621 vergit,

82 2623 300 2665 transgresso
318 2621 385 2656 iam
401 2622 576 2656 meridiem
594 2622 686 2664 sole;
710 2623 890 2669 noctisque
907 2628 944 2658 et
959 2624 1140 2658 oblivionis
1157 2623 1388 2670 penitissimos
1409 2634 1567 2657 recessus

83 2664 199 2700 subito
219 2666 367 2702 intravit
389 2680 532 2714 magnus
557 2668 617 2703 ille
638 2674 675 2703 et
693 2675 899 2715 praepotens
924 2670 1000 2712 vir,
1032 2681 1146 2717 neque
1170 2671 1272 2705 ullum
1298 2669 1331 2704 ei
1352 2669 1478 2703 auxilio
1499 2669 1568 2702 fuit

82 2723 283 2757 magnorum
303 2714 437 2749 illorum
459 2715 729 2761 praesidiorum,
754 2716 790 2750 in'
808 2728 898 2762 quae
918 2721 955 2751 et
977 2717 1158 2752 immensos
1176 2718 1310 2752 fecerat
1330 2724 1484 2761 sumptus
1497 2740 1508 2756 ,
1531 2721 1568 2750 et

82 2759 259 2794 maximam
279 2761 373 2796 vitae
390 2768 524 2806 partem
541 2763 707 2797 intentam
728 2764 910 2799 habuerat.
955 2763 997 2798 Id
1016 2765 1184 2810 quomodo
1205 2763 1385 2804 acciderit,
1409 2761 1569 2809 protinus

82 2817 250 2851 exponam
271 2808 435 2852 apertius
484 2809 567 2853 (ΙΙ.)
592 2809 678 2843 Cum
696 2809 754 2844 ille
774 2807 865 2845 se'in
883 2822 1082 2856 magnorum
1100 2810 1315 2856 negotiorum
1332 2810 1497 2844 tumultus
1514 2812 1569 2843 at·

82 2863 152 2898 que
182 2853 494 2889 administrationes
521 2856 736 2896 intrusisset,
760 2862 796 2892 et
818 2858 979 2904 plurimos
1008 2858 1151 2892 fecisset
1177 2857 1244 2891 sibi
1269 2857 1441 2898 infensos3
1468 2861 1570 2900 quot-

83 2903 168 2945 quot
184 2911 306 2946 nempe
325 2901 399 2936 sive
417 2902 577 2939 fortunae
595 2903 689 2937 illius
707 2903 827 2940 altiori
845 2904 1066 2948 invidebant,
1090 2904 1166 2939 sive
1184 2905 1228 2940 ab
1247 2916 1289 2938 eo
1307 2903 1432 2938 iniuria
1451 2902 1571 2938 affecti

176 2958 392 3005 Nicephorus
414 2962 562 3007 Gregor.
595 2963 670 2997 1‘01.
686 2957 732 2997 Π.
1236 2954 1292 2996 47
