1754 3164
192 97 324 147 1296
738 101 1216 148 ANNOTATIONES.

304 207 407 263 Pag.
438 207 542 258 925,
574 211 640 252 12.
682 210 867 251 Σισίνιον
895 207 964 251 τὸν
989 205 1271 262 Ναυατιανόν]
1301 208 1362 248 Ita
1386 208 1531 249 Graeci
1550 207 1719 262 passim3

189 281 266 322 pro
288 261 558 308 Νουατιανόν.
597 267 655 306 De
680 266 758 306 isto
785 267 957 306 Sisinnio
980 266 1212 306 Ludovicus
1234 268 1314 306 Ta1
1316 267 1449 318 gnius,
1479 267 1553 306 Vir
1587 279 1720 305 sacro-

188 339 278 365 lum
306 324 512 362 canonum
545 329 584 363 et
613 324 811 364 Hist01iae
839 325 1138 364 Ecclesiasticae
1173 324 1463 377 peritissimus,
1481 317 1721 363 consulenti

189 382 289 421 mihi
314 380 545 433 respondit:
577 380 730 433 [‚,Nec
756 384 795 424 S.
817 381 1061 422 Athanasius
1088 382 1130 420 in
1155 382 1206 420 iis
1230 396 1331 434 quae
1352 381 1527 447 plurima
1558 395 1622 419 sel
1625 380 1723 433 ipsit

190 439 241 479 de
276 452 416 489 magna
446 438 633 490 synodo,
675 453 750 478 nec
791 442 1002 493 quisquam
1044 440 1145 478 alius
1184 441 1382 492 scriptor,
1422 439 1536 478 cuius
1565 439 1616 477 ad
1647 452 1721 477 nos

189 502 445 536 monumenta
472 495 521 534 de
547 496 617 536 illa
644 496 780 536 eadem
801 499 855 550 Sy
859 498 964 538 nodo
992 498 1273 550 pervenerint,
1304 497 1426 536 ullius
1455 495 1622 536 Sisinnii
1650 510 1721 534 no·

189 567 282 594 men
314 559 384 593 aut
415 566 579 606 operam
610 561 803 594 memorat
832 555 1024 594 adversus
1053 555 1192 593 Alium
1225 555 1265 593 in
1294 555 1472 593 Nicaeno
1503 559 1721 592 conventu.

190 613 302 651 Unus
326 615 513 650 Socrates
539 611 739 651 Hist01iae
765 626 860 652 suae
889 613 958 651 lib.
975 613 1006 651 l.
1031 626 1116 664 cap.
1143 617 1209 655 10.
1234 619 1273 651 et
1301 619 1391 664 post
1417 613 1571 664 ipsum,
1602 618 1723 662 atque

190 683 242 709 ex
265 670 377 721 ipso,
406 668 542 708 Herm.
567 671 812 709 Sozomenus
839 684 926 723 cap.
961 670 1090 709 XXII.
1122 670 1218 710 libri
1246 669 1386 708 itidem
1415 668 1537 722 primi
1567 669 1722 708 Eccles.

189 726 293 767 Hist.
327 726 513 765 Acesium
543 726 590 765 ab
623 728 884 766 Constantino
910 727 1150 779 imperatore
1173 727 1406 767 arcessitum
1432 732 1621 777 narrant,
1653 724 1724 778 qui

191 784 351 823 calculo
375 796 448 822 suo
469 785 750 837 comprobaret
771 785 985 824 Nicaenam
1008 784 1300 825 definitionem:
1332 784 1443 838 quod
1470 785 1622 823 factum
1644 796 1725 835 qua

189 842 271 880 fide
302 855 381 893 quo
414 847 581 880 auctore
610 843 761 882 referat
792 845 999 894 Socrates,
1031 843 1102 895 qui
1133 856 1214 882 uno
1247 843 1331 882 fere
1360 842 1521 882 saeculo
1542 847 1637 895 post
1655 840 1731 879 Ni·

190 913 352 937 caenam
373 898 580 950 Synodum
607 900 734 950 vixit,
766 900 854 939 aliis
879 900 1169 940 aestimandum
1188 900 1386 952 relinquo.
1433 901 1478 939 In
1501 913 1622 952 quam
1639 912 1725 937 rem

189 957 268 1007 fac,
290 963 335 994 ut
356 957 540 995 consulas
571 958 831 997 eruditissimi
851 958 1015 999 Henrici
1042 958 1185 997 Valesii
1212 959 1356 997 Notam
1385 957 1435 996 ad
1462 962 1726 997 memoratum

191 1014 368 1054 Socratis
390 1014 588 1053 Historiae
611 1016 760 1056 locum.
820 1017 956 1068 Ipsum
980 1030 1077 1054 vero
1100 1016 1295 1054 sublestae
1323 1015 1417 1054 fidei
1446 1014 1569 1053 habet
1594 1016 1658 1053 vir
1682 1015 1725 1052 in

193 1072 356 1124 scriptis
374 1077 554 1110 veterum
577 1075 802 1126 perspicax.
836 1075 1044 1113 Caeterum
1068 1074 1172 1112 idem
1198 1075 1382 1112 Socrates
1402 1073 1468 1114 lib.
1489 1072 1537 1111 V.
1557 1086 1644 1124 cap.
1659 1076 1725 1114 10.

191 1129 356 1168 Sisinnii
386 1129 594 1167 cuiusdam
624 1131 822 1180 meminit,
853 1132 920 1183 qui
951 1146 1065 1170 sacro
1090 1130 1271 1170 Lectoris
1296 1144 1460 1176 munere
1482 1129 1727 1181 fungebatur

193 1187 304 1239 apud
328 1186 525 1236 Agellium
547 1188 861 1227 Novatianorum
890 1190 1143 1241 episcopum,·
1175 1189 1290 1227 cuius
1317 1189 1360 1227 in
1389 1188 1623 1240 dignitatem
1657 1187 1727 1225 ali-

193 1250 343 1300 quanto
381 1249 474 1295 post
501 1244 718 1284 subvectus
751 1246 861 1299 apud
896 1247 1066 1285 eundem
1093 1246 1342 1285 Historicum
1371 1246 1540 1296 legitur,
1581 1244 1654 1286 lib.
1678 1245 1726 1286 V.

193 1316 282 1354 cap.
305 1304 372 1343 21.
396 1307 434 1339 et
454 1301 524 1342 lib.
544 1302 612 1343 VI.
642 1317 730 1356 cap.
757 1309 794 1346 1.
853 1303 983 1342 Huius
1004 1310 1136 1342 autem
1158 1303 1318 1342 Sisinnii
1344 1303 1578 1341 sententiam
1608 1316 1725 1341 secu·

191 1365 258 1398 tus
278 1357 472 1409 Agelli'US,
501 1361 724 1411 postulanti
748 1361 931 1400 Nectario
953 1361 1351 1414 Constantinopoleos
1376 1360 1543 1399 antistiti
1565 1360 1727 1399 salubre

193 1416 361 1455 dederat
382 1417 592 1456 consilium
620 1419 814 1457 adversus
834 1419 1071 1458 Arianorum
1098 1418 1559 1469 Macedonianorumque
1582 1424 1725 1467 sectas,

193 1474 338 1526 quibus
359 1472 501 1512 misere
526 1476 748 1515 vexabatur
771 1476 926 1517 Oriens.
989 1476 1157 1526 Verum,
1187 1489 1237 1514 ne
1259 1476 1309 1515 de
1326 1475 1404 1515 isto
1425 1475 1596 1513 Sisinnio
1622 1476 1728 1514 Gre-

193 1545 308 1581 goras
328 1530 501 1582 intelligi
519 1534 667 1584 possit,
698 1533 829 1572 obstat
857 1534 1006 1586 primae
1035 1532 1189 1586 Synodi
1217 1546 1384 1580 nomem
1413 1532 1490 1571 nisi
1510 1533 1615 1571 sorte
1642 1532 1726 1584 pri-

192 1603 296 1627 niam
330 1588 678 1643 Constantinopoli
711 1590 886 1630 habitam
917 1592 1142 1643 generalem
1174 1591 1371 1644 accipias:
1424 1590 1531 1642 quod
1563 1590 1727 1642 quidem

193 1645 290 1685 mihi
322 1659 402 1684 non
431 1646 477 1684 fit
504 1648 705 1688 credibile.
764 1649 906 1701 Itaque
934 1648 1012 1688 hoc
1038 1648 1220 1702 proclive
1255 1655 1314 1687 est
1346 1648 1566 1701 suspicari,
1610 1648 1728 1686 Nice-

192 1704 366 1757 phorum
391 1703 632 1755 Gregnmm,
664 1705 797 1746 virum
829 1707 1045 1746 immensae
1067 1706 1305 1746 eruditionis
1331 1712 1371 1745 et
1395 1706 1601 1754 lectionis,
1634 1719 1726 1743 cum

193 1761 361 1800 liaberet
386 1760 426 1798 in
450 1769 580 1802 mente
609 1763 688 1802 duo
708 1763 808 1803 haec
831 1764 1130 1803 Novatiensiuin
1156 1765 1376 1802 antistitum
1408 1764 1595 1814 nomina,
1628 1777 1727 1814 quo-

193 1833 282 1859 rum
302 1820 507 1870 permagni
528 1821 662 1860 fuerat
690 1835 810 1873 opera
835 1822 1028 1860 adversus
1052 1823 1287 1860 Arianorum
1308 1821 1568 1886 dementiam,
1600 1834 1726 1859 unum

194 1891 271 1930 pro
299 1876 396 1924 alio,
431 1883 477 1915 ut
500 1877 616 1918 facile
635 1879 743 1918 factu
768 1879 867 1928 fuit,
896 1879 1130 1918 inseruisse:
1161 1879 1238 1917 nisi
1259 1879 1348 1931 quis
1373 1878 1519 1917 malit
1507 1893 1550 1917 m
1572 1877 1728 1916 librarii

196 1934 355 1986 culpam
377 1933 544 1974 reiicere
567 1937 830 1975 mutationem
859 1936 1052 1987 nominis;
1084 1950 1203 1988 quam
1233 1937 1495 1989 posteriorem
1516 1936 1727 1974 coniectu-

195 2006 280 2031 iam
299 1991 437 2029 nescio
462 2007 510 2031 an
529 1995 623 2032 satis
643 1994 754 2032 iuvet
774 1994 944 2032 duorum
964 1994 1135 2033 istorum
1153 1994 1444 2032 vocabulorum
1459 1993 1608 2032 Graece
1626 1993 1728 2031 scri-

194 2056 357 2102 ptorum
386 2048 620 2091 similitudo.
683 2052 799 2102 Certe
830 2050 931 2091 haec
952 2051 1114 2090 nomina
1144 2052 1345 2100 Σισίνιος,
1374 2047 1570 2100 Ἀκέσιος,
1600 2064 1727 2102 quan-

197 2119 317 2158 quam
346 2106 511 2157 syllabis
541 2108 685 2147 iisdem
717 2108 926 2159 desinunt,
976 2116 1110 2148 tamen
1134 2109 1380 2160 reliquarum
1408 2109 1492 2147 fere
1518 2109 1727 2147 literarum

197 2169 400 2202 structura
424 2164 480 2202 sic
499 2165 605 2204 inter
631 2179 673 2204 se
696 2166 944 2218 discrepant,
981 2173 1027 2205 ut
1054 2180 1135 2206 non
1164 2170 1398 2205 oscitantem
1426 2166 1595 2205 scribam
1617 2165 1727 2203 disfi-

198 2221 328 2260 culter
351 2220 489 2259 fallere
519 2236 634 2273 posse
655 2223 881 2265 videantur.
942 2225 1021 2263 Sed
1042 2223 1091 2263 de
1114 2224 1190 2262 ista
1217 2223 1509 2276 permutatione
1531 2222 1600 2261 vix
1627 2222 1727 2261 certi

198 2278 414 2330 quicquam
443 2281 703 2330 pronuntiare
732 2281 829 2320 licet
862 2282 1012 2334 absque
1049 2281 1270 2332 benigniori
1302 2281 1492 2320 Codicum
1526 2281 1728 2331 Gregorae

197 2335 565 2388 manuscriptorum
588 2339 725 2390 copia,
759 2340 1055 2391 eorundemque
1080 2339 1258 2390 diligenti
1288 2337 1576 2390 collatione.“]
1635 2337 1728 2389 Ipsa

198 2399 294 2431 sunt
315 2391 439 2432 verba
459 2393 540 2432 Viri
565 2394 806 2445 doctissimi,
843 2397 907 2435 cui
933 2411 1007 2450 pro
1027 2396 1219 2434 amicitiae
1242 2398 1348 2444 iure,
1379 2409 1480 2447 quae
1509 2394 1606 2434 mihi
1635 2408 1727 2433 cum

199 2463 248 2489 eo
269 2463 421 2489 summa
438 2450 673 2501 intercedit,
704 2453 852 2492 nodum
881 2453 990 2492 huno
1015 2452 1304 2505 expediendum
1327 2452 1528 2504 deleoavi,
1560 2452 1724 2503 dignum

199 2507 354 2546 scilicet
379 2522 426 2547 eo
452 2508 638 2561 vindice,
668 2517 775 2550 certe
796 2511 1088 2584 difficiliorem,
1118 2524 1237 2565 quam
1267 2516 1314 2549 ut
1343 2510 1431 2564 ipse
1459 2524 1617 2564 possem
1646 2509 1726 2547 sol-

198 2577 516 2607 vere.1301v1N.

316 2625 411 2675 Pag.
443 2625 547 2673 929,
578 2627 645 2667 21.
708 2627 746 2663 Γ
739 2622 947 2680 ρηγοριος]
981 2626 1024 2664 ln
1048 2625 1204 2664 laudem
1227 2623 1370 2663 Athan
1363 2639 1444 2663 1311
1493 2636 1642 2662 nowiN.

316 2683 410 2733 Pssg
440 2683 543 2731 932,
571 2684 639 2725 22.
693 2677 823 2736 Ἐκεῖ]
863 2684 892 2723 I.
921 2698 952 2724 e.
980 2683 1020 2721 in
1052 2682 1392 2732 contingentibus,
1432 2681 1473 2719 in
1503 2681 1617 2719 bonis
1647 2693 1727 2718 non

199 2738 447 2778 necessaiiis.
480 2738 579 2777 Vide
601 2739 806 2790 supralib
830 2741 929 2778 VIII.
953 2754 1038 2793 cap.
1061 2740 1143 2778 Vll.
1163 2746 1260 2778 sect.
1277 2743 1316 2781 2.
1335 2714 1462 2777 initio.
1492 2751 1641 2777 noiviN.

315 2792 480 2835 Ibidem.
537 2795 595 2838 El
637 2812 658 2840 ο
705 2792 870 2840 πάντων
909 2797 995 2840 ἐκεῖ
1030 2793 1267 2851 προμηθευς
1310 2793 1360 2838 τοὶ
1395 2798 1469 2838 τοῦ
1508 2795 1602 2849 βίου
1644 2809 1728 2849 τερ-
