<?xml version="1.0" encoding="UTF-8"?>
<!DOCTYPE html PUBLIC "-//W3C//DTD XHTML 1.0 Transitional//EN"
    "http://www.w3.org/TR/xhtml1/DTD/xhtml1-transitional.dtd">
<html xmlns="http://www.w3.org/1999/xhtml" xml:lang="en" lang="en">
 <head>
  <title>
</title>
<meta http-equiv="Content-Type" content="text/html;charset=utf-8" />
  <meta name='ocr-system' content='tesseract 3.04.00' />
  <meta name='ocr-capabilities' content='ocr_page ocr_carea ocr_par ocr_line ocrx_word'/>
</head>
<body>
  <div class='ocr_page' id='page_1' title='image "./corpusscriptorum39niebuoft_0215.png"; bbox 0 0 1794 3172; ppageno 0'>
   <div class='ocr_carea' id='block_1_1' title="bbox 314 108 1517 187">
    <p class='ocr_par' dir='ltr' id='par_1_1' title="bbox 314 108 1517 187">
     <span class='ocr_line' id='line_1_1' title="bbox 314 108 1517 187; baseline -0.002 -1"><span class='ocrx_word' id='word_1_1' title='bbox 314 108 631 186; x_wconf 79' lang='lat' dir='ltr'><strong>msTomAE</strong></span> <span class='ocrx_word' id='word_1_2' title='bbox 658 140 1034 187; x_wconf 81' lang='lat' dir='ltr'><strong>BYZANTINAE</strong></span> <span class='ocrx_word' id='word_1_3' title='bbox 1064 139 1163 185; x_wconf 85' lang='lat' dir='ltr'><strong><em>xv.</em></strong></span> <span class='ocrx_word' id='word_1_4' title='bbox 1191 144 1234 187; x_wconf 90' lang='lat'><strong><em>8.</em></strong></span> <span class='ocrx_word' id='word_1_5' title='bbox 1414 134 1517 183; x_wconf 80' lang='lat'><strong><em>773</em></strong></span> 
     </span>
    </p>
   </div>
   <div class='ocr_carea' id='block_1_2' title="bbox 31 227 1745 387">
    <p class='ocr_par' dir='ltr' id='par_1_2' title="bbox 31 227 1745 387">
     <span class='ocr_line' id='line_1_2' title="bbox 32 227 1745 314; baseline -0.007 -15"><span class='ocrx_word' id='word_1_6' title='bbox 32 255 271 314; x_wconf 81' lang='grc' dir='ltr'><strong><em>τακουζηνῷ</em></strong></span> <span class='ocrx_word' id='word_1_7' title='bbox 288 227 445 310; x_wconf 60' lang='grc' dir='ltr'><strong><em>μεταξὺ</em></strong></span> <span class='ocrx_word' id='word_1_8' title='bbox 466 249 696 306; x_wconf 84' lang='grc' dir='ltr'><strong><em>Βυζάντιον</em></strong></span> <span class='ocrx_word' id='word_1_9' title='bbox 714 250 818 298; x_wconf 63' lang='grc' dir='ltr'><strong><em>ε’λεΐν</em></strong></span> <span class='ocrx_word' id='word_1_10' title='bbox 838 251 1013 310; x_wconf 76' lang='grc' dir='ltr'><strong><em>ἐγίγνετο</em></strong></span> <span class='ocrx_word' id='word_1_11' title='bbox 1028 265 1040 276; x_wconf 84' lang='grc'><em>·</em></span> <span class='ocrx_word' id='word_1_12' title='bbox 1077 248 1100 296; x_wconf 81' lang='grc' dir='ltr'>ὃ</span> <span class='ocrx_word' id='word_1_13' title='bbox 1123 249 1176 308; x_wconf 87' lang='grc' dir='ltr'><strong><em>δὴ</em></strong></span> <span class='ocrx_word' id='word_1_14' title='bbox 1195 251 1264 294; x_wconf 80' lang='grc' dir='ltr'><strong><em>καὶ</em></strong></span> <span class='ocrx_word' id='word_1_15' title='bbox 1285 249 1412 303; x_wconf 80' lang='grc' dir='ltr'><strong><em>λε’ξων</em></strong></span> <span class='ocrx_word' id='word_1_16' title='bbox 1432 251 1514 307; x_wconf 78' lang='grc' dir='ltr'><strong><em>εῗμὶ</em></strong></span> <span class='ocrx_word' id='word_1_17' title='bbox 1537 257 1574 290; x_wconf 84' lang='lat' dir='ltr'><strong><em>A.</em></strong></span> <span class='ocrx_word' id='word_1_18' title='bbox 1592 258 1631 290; x_wconf 88' lang='lat' dir='ltr'><strong><em>c.</em></strong></span> <span class='ocrx_word' id='word_1_19' title='bbox 1645 243 1745 294; x_wconf 75' lang='grc'>1347</span> 
     </span>
     <span class='ocr_line' id='line_1_3' title="bbox 31 305 1740 387; baseline -0.02 -17"><span class='ocrx_word' id='word_1_20' title='bbox 31 324 301 383; x_wconf 72' lang='grc' dir='ltr'><strong><em>σαφέστερον.’</em></strong></span> <span class='ocrx_word' id='word_1_21' title='bbox 1512 305 1659 385; x_wconf 45' lang='grc' dir='ltr'><strong><em>Ιωρέἒὲι..</em></strong></span> <span class='ocrx_word' id='word_1_22' title='bbox 1670 305 1740 387; x_wconf 62' lang='grc' dir='ltr'><strong><em>ἔα-</em></strong></span> 
     </span>
    </p>
   </div>
   <div class='ocr_carea' id='block_1_3' title="bbox 0 387 1640 1915">
    <p class='ocr_par' dir='ltr' id='par_1_3' title="bbox 0 387 1640 1915">
     <span class='ocr_line' id='line_1_4' title="bbox 133 387 1558 451; baseline -0.004 -13"><span class='ocrx_word' id='word_1_23' title='bbox 133 391 188 450; x_wconf 86' lang='grc' dir='ltr'><strong><em>η’.</em></strong></span> <span class='ocrx_word' id='word_1_24' title='bbox 221 393 331 436; x_wconf 79' lang='grc' dir='ltr'><strong><em>Ἐπεὶ</em></strong></span> <span class='ocrx_word' id='word_1_25' title='bbox 352 392 457 451; x_wconf 81' lang='grc' dir='ltr'><strong><em>γὰρ,</em></strong></span> <span class='ocrx_word' id='word_1_26' title='bbox 495 390 552 443; x_wconf 83' lang='grc' dir='ltr'><strong><em>ὦς</em></strong></span> <span class='ocrx_word' id='word_1_27' title='bbox 578 391 770 450; x_wconf 73' lang='grc' dir='ltr'><strong><em>ἴφθημεν</em></strong></span> <span class='ocrx_word' id='word_1_28' title='bbox 800 388 1026 450; x_wconf 73' lang='grc' dir='ltr'><strong><em>εἲρηκότες,</em></strong></span> <span class='ocrx_word' id='word_1_29' title='bbox 1055 387 1228 433; x_wconf 70' lang='grc' dir='ltr'><strong><em>ἴνοπλον</em></strong></span> <span class='ocrx_word' id='word_1_30' title='bbox 1259 387 1363 446; x_wconf 47' lang='grc' dir='ltr'><strong><em>ἔχειν</em></strong></span> <span class='ocrx_word' id='word_1_31' title='bbox 1381 396 1558 449; x_wconf 59' lang='lat' dir='ltr'><strong>‹pecu-C</strong></span> 
     </span>
     <span class='ocr_line' id='line_1_5' title="bbox 33 459 1516 521; baseline -0.001 -15"><span class='ocrx_word' id='word_1_32' title='bbox 33 462 113 521; x_wconf 78' lang='grc' dir='ltr'><strong><em>ρᾶν</em></strong></span> <span class='ocrx_word' id='word_1_33' title='bbox 142 461 446 520; x_wconf 81' lang='grc' dir='ltr'><strong><em>συγκεχώρηται</em></strong></span> <span class='ocrx_word' id='word_1_34' title='bbox 475 466 536 520; x_wconf 81' lang='grc' dir='ltr'><strong><em>τῷ</em></strong></span> <span class='ocrx_word' id='word_1_35' title='bbox 571 459 860 521; x_wconf 80' lang='grc' dir='ltr'><strong><em>Φακεωλάτῳ,</em></strong></span> <span class='ocrx_word' id='word_1_36' title='bbox 901 461 979 517; x_wconf 86' lang='grc' dir='ltr'><strong><em>τὴν</em></strong></span> <span class='ocrx_word' id='word_1_37' title='bbox 999 465 1083 504; x_wconf 81' lang='grc' dir='ltr'><strong><em>τῶν</em></strong></span> <span class='ocrx_word' id='word_1_38' title='bbox 1108 460 1312 504; x_wconf 81' lang='grc' dir='ltr'><strong><em>Λατίνων</em></strong></span> <span class='ocrx_word' id='word_1_39' title='bbox 1342 460 1411 503; x_wconf 84' lang='grc' dir='ltr'><strong><em>διὰ</em></strong></span> <span class='ocrx_word' id='word_1_40' title='bbox 1438 459 1516 517; x_wconf 80' lang='grc' dir='ltr'><strong><em>τὴν</em></strong></span> 
     </span>
     <span class='ocr_line' id='line_1_6' title="bbox 0 528 1514 590; baseline -0.002 -14"><span class='ocrx_word' id='word_1_41' title='bbox 0 539 324 590; x_wconf 82' lang='grc' dir='ltr'><strong><em>5προγεγονυῒαν</em></strong></span> <span class='ocrx_word' id='word_1_42' title='bbox 354 530 590 575; x_wconf 78' lang='grc' dir='ltr'><strong><em>σκανδάλου</em></strong></span> <span class='ocrx_word' id='word_1_43' title='bbox 631 530 843 589; x_wconf 83' lang='grc' dir='ltr'><strong><em>πρόφασιν</em></strong></span> <span class='ocrx_word' id='word_1_44' title='bbox 870 528 1022 574; x_wconf 80' lang='grc' dir='ltr'><em>δεδιότι</em></span> <span class='ocrx_word' id='word_1_45' title='bbox 1060 528 1292 573; x_wconf 78' lang='grc' dir='ltr'><strong><em>αὐθάδειαν</em></strong></span> <span class='ocrx_word' id='word_1_46' title='bbox 1299 563 1315 584; x_wconf 92' lang='grc'><strong><em>,</em></strong></span> <span class='ocrx_word' id='word_1_47' title='bbox 1360 546 1514 588; x_wconf 84' lang='grc' dir='ltr'><strong><em>προσε-</em></strong></span> 
     </span>
     <span class='ocr_line' id='line_1_7' title="bbox 31 596 1514 658; baseline -0.001 -13"><span class='ocrx_word' id='word_1_48' title='bbox 31 602 259 658; x_wconf 78' lang='grc' dir='ltr'><strong><em>ληλυθέναι</em></strong></span> <span class='ocrx_word' id='word_1_49' title='bbox 287 601 440 657; x_wconf 71' lang='grc' dir='ltr'><strong><em>συνέβη</em></strong></span> <span class='ocrx_word' id='word_1_50' title='bbox 470 601 587 652; x_wconf 79' lang='grc' dir='ltr'><strong><em>τινὰς</em></strong></span> <span class='ocrx_word' id='word_1_51' title='bbox 611 603 761 644; x_wconf 82' lang='grc' dir='ltr'><strong><em>τουτωὶ</em></strong></span> <span class='ocrx_word' id='word_1_52' title='bbox 774 634 788 654; x_wconf 92' lang='grc'><strong><em>,</em></strong></span> <span class='ocrx_word' id='word_1_53' title='bbox 827 598 891 651; x_wconf 76' lang='grc' dir='ltr'><strong><em>οἷς</em></strong></span> <span class='ocrx_word' id='word_1_54' title='bbox 914 598 1058 658; x_wconf 72' lang='grc' dir='ltr'><strong><em>λάθρα</em></strong></span> <span class='ocrx_word' id='word_1_55' title='bbox 1078 601 1269 657; x_wconf 73' lang='grc' dir='ltr'><strong><em>ἐσεᾳοίτα</em></strong></span> <span class='ocrx_word' id='word_1_56' title='bbox 1286 596 1514 656; x_wconf 82' lang='grc' dir='ltr'><strong><em>γράμματα</em></strong></span> 
     </span>
     <span class='ocr_line' id='line_1_8' title="bbox 30 667 1512 730; baseline -0.002 -16"><span class='ocrx_word' id='word_1_57' title='bbox 30 671 78 714; x_wconf 83' lang='grc' dir='ltr'><strong><em>ἐκ</em></strong></span> <span class='ocrx_word' id='word_1_58' title='bbox 106 673 480 727; x_wconf 84' lang='grc' dir='ltr'><strong><em>Καντακουζηνοῦ,</em></strong></span> <span class='ocrx_word' id='word_1_59' title='bbox 519 669 856 727; x_wconf 76' lang='grc' dir='ltr'><strong><em>μηχανήσασθαί</em></strong></span> <span class='ocrx_word' id='word_1_60' title='bbox 879 688 972 713; x_wconf 90' lang='grc' dir='ltr'><strong><em>τινα</em></strong></span> <span class='ocrx_word' id='word_1_61' title='bbox 998 667 1177 726; x_wconf 82' lang='grc' dir='ltr'><strong><em>τρόπον,</em></strong></span> <span class='ocrx_word' id='word_1_62' title='bbox 1212 668 1258 719; x_wconf 86' lang='grc' dir='ltr'><strong><em>ὃς</em></strong></span> <span class='ocrx_word' id='word_1_63' title='bbox 1283 667 1334 712; x_wconf 76' lang='grc' dir='ltr'><strong><em>ἂν</em></strong></span> <span class='ocrx_word' id='word_1_64' title='bbox 1363 668 1512 730; x_wconf 73' lang='grc' dir='ltr'><strong><em>ῥᾳδίαν</em></strong></span> 
     </span>
     <span class='ocr_line' id='line_1_9' title="bbox 29 737 1513 798; baseline -0.002 -14"><span class='ocrx_word' id='word_1_65' title='bbox 29 738 257 798; x_wconf 79' lang='grc' dir='ltr'><strong><em>ποιήσηταί</em></strong></span> <span class='ocrx_word' id='word_1_66' title='bbox 283 741 325 784; x_wconf 80' lang='grc' dir='ltr'><strong><em>οἷ</em></strong></span> <span class='ocrx_word' id='word_1_67' title='bbox 354 740 430 796; x_wconf 89' lang='grc' dir='ltr'><strong><em>τὴν</em></strong></span> <span class='ocrx_word' id='word_1_68' title='bbox 457 741 500 790; x_wconf 91' lang='grc' dir='ltr'><strong><em>ἐς</em></strong></span> <span class='ocrx_word' id='word_1_69' title='bbox 530 738 758 793; x_wconf 83' lang='grc' dir='ltr'><strong><em>Βυζάντιον</em></strong></span> <span class='ocrx_word' id='word_1_70' title='bbox 788 740 972 783; x_wconf 78' lang='grc' dir='ltr'><strong><em>εἴσοδον·</em></strong></span> <span class='ocrx_word' id='word_1_71' title='bbox 1010 737 1072 790; x_wconf 78' lang='grc' dir='ltr'><strong><em>οἷς</em></strong></span> <span class='ocrx_word' id='word_1_72' title='bbox 1106 740 1338 795; x_wconf 75' lang='grc' dir='ltr'><strong><em>ἐπαγγελίαι</em></strong></span> <span class='ocrx_word' id='word_1_73' title='bbox 1354 740 1513 796; x_wconf 77' lang='grc' dir='ltr'><strong><em>μακραὶ</em></strong></span> 
     </span>
     <span class='ocr_line' id='line_1_10' title="bbox 30 803 1514 867; baseline -0.002 -14"><span class='ocrx_word' id='word_1_74' title='bbox 30 810 323 854; x_wconf 76' lang='grc' dir='ltr'><strong><em>συνεπλέκοπο</em></strong></span> <span class='ocrx_word' id='word_1_75' title='bbox 340 807 569 867; x_wconf 81' lang='grc' dir='ltr'><strong><em>χρημάτων</em></strong></span> <span class='ocrx_word' id='word_1_76' title='bbox 592 808 680 865; x_wconf 81' lang='grc' dir='ltr'><strong><em>ἅμα</em></strong></span> <span class='ocrx_word' id='word_1_77' title='bbox 697 812 766 853; x_wconf 81' lang='grc' dir='ltr'><strong><em>καὶ</em></strong></span> <span class='ocrx_word' id='word_1_78' title='bbox 787 813 941 864; x_wconf 82' lang='grc' dir='ltr'><strong><em>τιμῶν·</em></strong></span> <span class='ocrx_word' id='word_1_79' title='bbox 977 807 1140 859; x_wconf 80' lang='grc' dir='ltr'><strong><em>τούτοις</em></strong></span> <span class='ocrx_word' id='word_1_80' title='bbox 1160 803 1234 851; x_wconf 80' lang='grc' dir='ltr'><strong><em>οὗν</em></strong></span> <span class='ocrx_word' id='word_1_81' title='bbox 1256 812 1514 865; x_wconf 83' lang='grc' dir='ltr'><strong><em>προσεληλυ-</em></strong></span> 
     </span>
     <span class='ocr_line' id='line_1_11' title="bbox 0 875 1553 938; baseline -0.002 -15"><span class='ocrx_word' id='word_1_82' title='bbox 0 877 133 929; x_wconf 72' lang='grc' dir='ltr'><strong><em>οθόσι</em></strong></span> <span class='ocrx_word' id='word_1_83' title='bbox 165 881 233 923; x_wconf 76' lang='grc' dir='ltr'><strong><em>καὶ</em></strong></span> <span class='ocrx_word' id='word_1_84' title='bbox 260 877 694 938; x_wconf 79' lang='grc' dir='ltr'><strong><em>προσεταιρισαμένοις</em></strong></span> <span class='ocrx_word' id='word_1_85' title='bbox 725 879 876 932; x_wconf 76' lang='grc' dir='ltr'><strong><em>αὐτὸν,</em></strong></span> <span class='ocrx_word' id='word_1_86' title='bbox 917 881 985 921; x_wconf 85' lang='grc' dir='ltr'><strong><em>καὶ</em></strong></span> <span class='ocrx_word' id='word_1_87' title='bbox 1005 875 1300 933; x_wconf 79' lang='grc' dir='ltr'><strong><em>ἅνακαλύψασι</em></strong></span> <span class='ocrx_word' id='word_1_88' title='bbox 1327 877 1404 934; x_wconf 79' lang='grc' dir='ltr'><strong><em>τὴν</em></strong></span> <span class='ocrx_word' id='word_1_89' title='bbox 1425 882 1553 921; x_wconf 86' lang='grc' dir='ltr'><strong><em>τῶνῙ)</em></strong></span> 
     </span>
     <span class='ocr_line' id='line_1_12' title="bbox 27 947 1509 1006; baseline -0.001 -14"><span class='ocrx_word' id='word_1_90' title='bbox 27 949 318 1005; x_wconf 70' lang='grc' dir='ltr'><strong><em>μελετωμένων</em></strong></span> <span class='ocrx_word' id='word_1_91' title='bbox 345 947 520 1004; x_wconf 78' lang='grc' dir='ltr'><strong><em>δύναμιν</em></strong></span> <span class='ocrx_word' id='word_1_92' title='bbox 528 983 543 1003; x_wconf 93' lang='grc'><strong><em>,</em></strong></span> <span class='ocrx_word' id='word_1_93' title='bbox 579 947 853 1006; x_wconf 72' lang='grc' dir='ltr'><strong><em>συνάρασθαί</em></strong></span> <span class='ocrx_word' id='word_1_94' title='bbox 870 965 988 1006; x_wconf 82' lang='grc' dir='ltr'><strong><em>σφισι</em></strong></span> <span class='ocrx_word' id='word_1_95' title='bbox 1014 950 1083 991; x_wconf 83' lang='grc' dir='ltr'><strong><em>καὶ</em></strong></span> <span class='ocrx_word' id='word_1_96' title='bbox 1102 947 1229 998; x_wconf 80' lang='grc' dir='ltr'><strong><em>αὐτὸς</em></strong></span> <span class='ocrx_word' id='word_1_97' title='bbox 1246 947 1509 1004; x_wconf 73' lang='grc' dir='ltr'><strong><em>ἐπηγγέλλετο</em></strong></span> 
     </span>
     <span class='ocr_line' id='line_1_13' title="bbox 28 1015 1510 1077; baseline -0.002 -15"><span class='ocrx_word' id='word_1_98' title='bbox 28 1016 143 1076; x_wconf 82' lang='grc' dir='ltr'><strong><em>πάσῃ</em></strong></span> <span class='ocrx_word' id='word_1_99' title='bbox 166 1020 274 1076; x_wconf 82' lang='grc' dir='ltr'><strong><em>χειρὶ</em></strong></span> <span class='ocrx_word' id='word_1_100' title='bbox 307 1020 376 1062; x_wconf 84' lang='grc' dir='ltr'><strong><em>καὶ</em></strong></span> <span class='ocrx_word' id='word_1_101' title='bbox 405 1020 581 1076; x_wconf 83' lang='grc' dir='ltr'><strong><em>σπουδῇ.</em></strong></span> <span class='ocrx_word' id='word_1_102' title='bbox 643 1018 737 1077; x_wconf 89' lang='grc' dir='ltr'>(Β.)</span> <span class='ocrx_word' id='word_1_103' title='bbox 772 1020 859 1061; x_wconf 83' lang='grc' dir='ltr'><strong><em>Καὶ</em></strong></span> <span class='ocrx_word' id='word_1_104' title='bbox 894 1018 946 1074; x_wconf 87' lang='grc' dir='ltr'><strong><em>δὴ</em></strong></span> <span class='ocrx_word' id='word_1_105' title='bbox 981 1017 1124 1061; x_wconf 81' lang='grc' dir='ltr'><strong><em>λοιπὸν</em></strong></span> <span class='ocrx_word' id='word_1_106' title='bbox 1146 1015 1288 1074; x_wconf 70' lang='grc' dir='ltr'><strong><em>ἑτέραν</em></strong></span> <span class='ocrx_word' id='word_1_107' title='bbox 1310 1018 1436 1060; x_wconf 83' lang='grc' dir='ltr'><strong><em>πλείω</em></strong></span> <span class='ocrx_word' id='word_1_108' title='bbox 1457 1021 1510 1075; x_wconf 83' lang='grc' dir='ltr'><strong><em>τῇ</em></strong></span> 
     </span>
     <span class='ocr_line' id='line_1_14' title="bbox 27 1082 1511 1149; baseline -0.001 -18"><span class='ocrx_word' id='word_1_109' title='bbox 27 1088 211 1149; x_wconf 76' lang='grc' dir='ltr'><strong><em>προτέρᾳ</em></strong></span> <span class='ocrx_word' id='word_1_110' title='bbox 239 1086 408 1144; x_wconf 81' lang='grc' dir='ltr'><strong><em>δυνάμει</em></strong></span> <span class='ocrx_word' id='word_1_111' title='bbox 436 1087 725 1146; x_wconf 77' lang='grc' dir='ltr'><strong><em>προσειληφώς</em></strong></span> <span class='ocrx_word' id='word_1_112' title='bbox 751 1088 813 1147; x_wconf 86' lang='grc' dir='ltr'><strong><em>(ἐν</em></strong></span> <span class='ocrx_word' id='word_1_113' title='bbox 841 1089 1007 1149; x_wconf 71' lang='grc' dir='ltr'><strong><em>ἐξουσίᾳ</em></strong></span> <span class='ocrx_word' id='word_1_114' title='bbox 1032 1087 1111 1145; x_wconf 82' lang='grc' dir='ltr'><strong><em>γὰρ</em></strong></span> <span class='ocrx_word' id='word_1_115' title='bbox 1140 1082 1192 1143; x_wconf 64' lang='grc' dir='ltr'><strong><em>’ἦν</em></strong></span> <span class='ocrx_word' id='word_1_116' title='bbox 1223 1086 1359 1146; x_wconf 80' lang='grc' dir='ltr'><strong><em>αὐτῷ,</em></strong></span> <span class='ocrx_word' id='word_1_117' title='bbox 1403 1085 1511 1143; x_wconf 80' lang='grc' dir='ltr'><strong><em>πρὸς</em></strong></span> 
     </span>
     <span class='ocr_line' id='line_1_15' title="bbox 27 1154 1510 1217; baseline -0.002 -16"><span class='ocrx_word' id='word_1_118' title='bbox 27 1161 105 1214; x_wconf 80' lang='grc' dir='ltr'><strong><em>τῆς</em></strong></span> <span class='ocrx_word' id='word_1_119' title='bbox 119 1159 335 1213; x_wconf 77' lang='grc' dir='ltr'><strong><em>βασιλίδος</em></strong></span> <span class='ocrx_word' id='word_1_120' title='bbox 350 1155 552 1217; x_wconf 81' lang='grc' dir='ltr'><strong><em>πρότερον</em></strong></span> <span class='ocrx_word' id='word_1_121' title='bbox 570 1157 619 1201; x_wconf 82' lang='grc' dir='ltr'><strong><em>τὸ</em></strong></span> <span class='ocrx_word' id='word_1_122' title='bbox 638 1157 946 1216; x_wconf 82' lang='grc' dir='ltr'><strong><em>συγκεχωρηκὸς</em></strong></span> <span class='ocrx_word' id='word_1_123' title='bbox 965 1154 1164 1215; x_wconf 84' lang='grc' dir='ltr'><strong><em>εἲληφότι,</em></strong></span> <span class='ocrx_word' id='word_1_124' title='bbox 1190 1156 1259 1199; x_wconf 82' lang='grc' dir='ltr'><strong><em>διὰ</em></strong></span> <span class='ocrx_word' id='word_1_125' title='bbox 1275 1156 1352 1212; x_wconf 85' lang='grc' dir='ltr'><strong><em>τὴν</em></strong></span> <span class='ocrx_word' id='word_1_126' title='bbox 1369 1173 1510 1214; x_wconf 90' lang='grc' dir='ltr'><strong><em>προει-</em></strong></span> 
     </span>
     <span class='ocr_line' id='line_1_16' title="bbox 0 1225 1510 1286; baseline -0.001 -15"><span class='ocrx_word' id='word_1_127' title='bbox 0 1227 238 1284; x_wconf 80' lang='grc' dir='ltr'><strong><em>5λημμὲνην</em></strong></span> <span class='ocrx_word' id='word_1_128' title='bbox 256 1231 342 1271; x_wconf 81' lang='grc' dir='ltr'><strong><em>τῶν</em></strong></span> <span class='ocrx_word' id='word_1_129' title='bbox 362 1229 565 1272; x_wconf 88' lang='grc' dir='ltr'><strong><em>Λατίνων</em></strong></span> <span class='ocrx_word' id='word_1_130' title='bbox 583 1225 819 1286; x_wconf 81' lang='grc' dir='ltr'><strong><em>πρόφασιν,</em></strong></span> <span class='ocrx_word' id='word_1_131' title='bbox 858 1225 1014 1284; x_wconf 80' lang='grc' dir='ltr'><strong><em>ὁπόσην</em></strong></span> <span class='ocrx_word' id='word_1_132' title='bbox 1035 1226 1087 1271; x_wconf 79' lang='grc' dir='ltr'><strong><em>ἂν</em></strong></span> <span class='ocrx_word' id='word_1_133' title='bbox 1111 1227 1302 1283; x_wconf 84' lang='grc' dir='ltr'><strong><em>εὖποροίη</em></strong></span> <span class='ocrx_word' id='word_1_134' title='bbox 1320 1225 1510 1284; x_wconf 77' lang='grc' dir='ltr'><strong><em>φρουρὰν</em></strong></span> 
     </span>
     <span class='ocr_line' id='line_1_17' title="bbox 27 1293 1550 1357; baseline -0.001 -17"><span class='ocrx_word' id='word_1_135' title='bbox 27 1295 165 1357; x_wconf 71' lang='grc' dir='ltr'><strong><em>ἐαυτῷ</em></strong></span> <span class='ocrx_word' id='word_1_136' title='bbox 198 1296 460 1356; x_wconf 73' lang='grc' dir='ltr'><strong><em>πορίζεσθαι)</em></strong></span> <span class='ocrx_word' id='word_1_137' title='bbox 484 1296 580 1348; x_wconf 82' lang='grc' dir='ltr'><strong><em>ὅλος</em></strong></span> <span class='ocrx_word' id='word_1_138' title='bbox 606 1301 690 1341; x_wconf 83' lang='grc' dir='ltr'><strong><em>τῶν</em></strong></span> <span class='ocrx_word' id='word_1_139' title='bbox 713 1298 841 1355; x_wconf 66' lang='grc' dir='ltr'><strong><em>ἔργων</em></strong></span> <span class='ocrx_word' id='word_1_140' title='bbox 868 1298 1057 1354; x_wconf 84' lang='grc' dir='ltr'><strong><em>ἐγίγνετο.</em></strong></span> <span class='ocrx_word' id='word_1_141' title='bbox 1096 1296 1210 1354; x_wconf 80' lang='grc' dir='ltr'><strong><em>παρὰ</em></strong></span> <span class='ocrx_word' id='word_1_142' title='bbox 1229 1296 1308 1354; x_wconf 82' lang='grc' dir='ltr'><strong><em>γὰρ</em></strong></span> <span class='ocrx_word' id='word_1_143' title='bbox 1331 1293 1550 1340; x_wconf 73' lang='grc' dir='ltr'><strong><em>ἕκόντωνΕ</em></strong></span> 
     </span>
     <span class='ocr_line' id='line_1_18' title="bbox 25 1364 1508 1426; baseline -0.001 -16"><span class='ocrx_word' id='word_1_144' title='bbox 25 1371 110 1410; x_wconf 84' lang='grc' dir='ltr'><strong><em>τῶν</em></strong></span> <span class='ocrx_word' id='word_1_145' title='bbox 129 1365 375 1411; x_wconf 79' lang='grc' dir='ltr'><strong><em>συνειδότων</em></strong></span> <span class='ocrx_word' id='word_1_146' title='bbox 393 1365 617 1424; x_wconf 77' lang='grc' dir='ltr'><strong><em>ταξιάρχου</em></strong></span> <span class='ocrx_word' id='word_1_147' title='bbox 641 1368 710 1411; x_wconf 82' lang='grc' dir='ltr'><strong><em>καὶ</em></strong></span> <span class='ocrx_word' id='word_1_148' title='bbox 728 1371 965 1425; x_wconf 82' lang='grc' dir='ltr'><strong><em>στρατηγοῦ</em></strong></span> <span class='ocrx_word' id='word_1_149' title='bbox 985 1368 1189 1426; x_wconf 81' lang='grc' dir='ltr'><strong><em>φροντίδα</em></strong></span> <span class='ocrx_word' id='word_1_150' title='bbox 1218 1364 1360 1421; x_wconf 78' lang='grc' dir='ltr'><strong><em>λαβὼν</em></strong></span> <span class='ocrx_word' id='word_1_151' title='bbox 1388 1364 1508 1422; x_wconf 74' lang='grc' dir='ltr'><strong><em>ἠξίου</em></strong></span> 
     </span>
     <span class='ocr_line' id='line_1_19' title="bbox 24 1433 1505 1495; baseline -0.002 -15"><span class='ocrx_word' id='word_1_152' title='bbox 24 1436 85 1493; x_wconf 86' lang='grc' dir='ltr'><strong><em>μὴ</em></strong></span> <span class='ocrx_word' id='word_1_153' title='bbox 121 1438 211 1494; x_wconf 85' lang='grc' dir='ltr'><strong><em>περὶ</em></strong></span> <span class='ocrx_word' id='word_1_154' title='bbox 235 1436 315 1480; x_wconf 80' lang='grc' dir='ltr'><strong><em>ὅσα</em></strong></span> <span class='ocrx_word' id='word_1_155' title='bbox 346 1437 561 1495; x_wconf 86' lang='grc' dir='ltr'><strong><em>διατριβὴν</em></strong></span> <span class='ocrx_word' id='word_1_156' title='bbox 590 1435 668 1493; x_wconf 68' lang='grc' dir='ltr'><strong><em>ἔχει</em></strong></span> <span class='ocrx_word' id='word_1_157' title='bbox 691 1435 861 1495; x_wconf 85' lang='grc' dir='ltr'><strong><em>χρόνιον</em></strong></span> <span class='ocrx_word' id='word_1_158' title='bbox 888 1438 1042 1495; x_wconf 81' lang='grc' dir='ltr'><strong><em>τρίβειν</em></strong></span> <span class='ocrx_word' id='word_1_159' title='bbox 1060 1436 1135 1493; x_wconf 85' lang='grc' dir='ltr'><strong><em>τὴν</em></strong></span> <span class='ocrx_word' id='word_1_160' title='bbox 1160 1435 1368 1491; x_wconf 81' lang='grc' dir='ltr'><strong><em>σπουδὴν,</em></strong></span> <span class='ocrx_word' id='word_1_161' title='bbox 1406 1433 1505 1477; x_wconf 78' lang='grc' dir='ltr'><strong><em>ἀλλ’</em></strong></span> 
     </span>
     <span class='ocr_line' id='line_1_20' title="bbox 27 1503 1510 1566; baseline -0.001 -18"><span class='ocrx_word' id='word_1_162' title='bbox 27 1508 86 1556; x_wconf 79' lang='grc' dir='ltr'><strong><em>εἷς</em></strong></span> <span class='ocrx_word' id='word_1_163' title='bbox 112 1506 162 1549; x_wconf 87' lang='grc' dir='ltr'><strong><em>τὸ</em></strong></span> <span class='ocrx_word' id='word_1_164' title='bbox 187 1510 264 1550; x_wconf 80' lang='grc' dir='ltr'><strong><em>τοῦ</em></strong></span> <span class='ocrx_word' id='word_1_165' title='bbox 291 1506 410 1564; x_wconf 66' lang='grc' dir='ltr'><strong><em>ἔργου</em></strong></span> <span class='ocrx_word' id='word_1_166' title='bbox 440 1505 665 1566; x_wconf 84' lang='grc' dir='ltr'><strong><em>κεφάλαιον</em></strong></span> <span class='ocrx_word' id='word_1_167' title='bbox 690 1508 910 1562; x_wconf 79' lang='grc' dir='ltr'><strong><em>ἐμβαλεῖν,</em></strong></span> <span class='ocrx_word' id='word_1_168' title='bbox 948 1508 1017 1549; x_wconf 81' lang='grc' dir='ltr'><strong><em>καὶ</em></strong></span> <span class='ocrx_word' id='word_1_169' title='bbox 1050 1508 1094 1549; x_wconf 88' lang='grc' dir='ltr'><strong><em>ἐν</em></strong></span> <span class='ocrx_word' id='word_1_170' title='bbox 1124 1511 1275 1563; x_wconf 85' lang='grc' dir='ltr'><strong><em>βραχεῖ’</em></strong></span> <span class='ocrx_word' id='word_1_171' title='bbox 1298 1503 1405 1559; x_wconf 80' lang='grc' dir='ltr'><strong><em>μετὰ</em></strong></span> <span class='ocrx_word' id='word_1_172' title='bbox 1433 1508 1510 1560; x_wconf 80' lang='grc' dir='ltr'><strong><em>τῆς</em></strong></span> 
     </span>
     <span class='ocr_line' id='line_1_21' title="bbox 0 1572 1507 1634; baseline -0.003 -14"><span class='ocrx_word' id='word_1_173' title='bbox 0 1573 200 1632; x_wconf 75' lang='grc' dir='ltr'><strong><em>Οένοῦσης</em></strong></span> <span class='ocrx_word' id='word_1_174' title='bbox 223 1574 364 1632; x_wconf 80' lang='grc' dir='ltr'><strong><em>ἰσχύος</em></strong></span> <span class='ocrx_word' id='word_1_175' title='bbox 392 1576 468 1620; x_wconf 82' lang='grc' dir='ltr'><strong><em>τὸν</em></strong></span> <span class='ocrx_word' id='word_1_176' title='bbox 500 1576 596 1620; x_wconf 84' lang='grc' dir='ltr'><strong><em>ὅλον</em></strong></span> <span class='ocrx_word' id='word_1_177' title='bbox 627 1576 857 1634; x_wconf 67' lang='grc' dir='ltr'><strong><em>ἀναρρῖψαι</em></strong></span> <span class='ocrx_word' id='word_1_178' title='bbox 885 1577 1099 1619; x_wconf 88' lang='grc' dir='ltr'><strong><em>κίνδυνον·</em></strong></span> <span class='ocrx_word' id='word_1_179' title='bbox 1126 1577 1194 1618; x_wconf 77' lang='grc' dir='ltr'><strong><em>καὶ</em></strong></span> <span class='ocrx_word' id='word_1_180' title='bbox 1213 1572 1396 1629; x_wconf 87' lang='grc' dir='ltr'><strong><em>μάλιστα</em></strong></span> <span class='ocrx_word' id='word_1_181' title='bbox 1414 1577 1507 1627; x_wconf 80' lang='grc' dir='ltr'><strong><em>νῦν,</em></strong></span> 
     </span>
     <span class='ocr_line' id='line_1_22' title="bbox 27 1640 1640 1702; baseline -0.002 -14"><span class='ocrx_word' id='word_1_182' title='bbox 27 1645 202 1702; x_wconf 80' lang='grc' dir='ltr'><strong><em>ἐρημίας</em></strong></span> <span class='ocrx_word' id='word_1_183' title='bbox 227 1643 462 1689; x_wconf 79' lang='grc' dir='ltr'><strong><em>ἀντιπάλων</em></strong></span> <span class='ocrx_word' id='word_1_184' title='bbox 492 1644 630 1689; x_wconf 77' lang='grc' dir='ltr'><strong><em>ὅπλων</em></strong></span> <span class='ocrx_word' id='word_1_185' title='bbox 657 1650 822 1702; x_wconf 80' lang='grc' dir='ltr'><strong><em>μακρᾶς</em></strong></span> <span class='ocrx_word' id='word_1_186' title='bbox 843 1642 1167 1701; x_wconf 72' lang='grc' dir='ltr'><strong><em>ἐπιπολαζούσης</em></strong></span> <span class='ocrx_word' id='word_1_187' title='bbox 1194 1642 1276 1699; x_wconf 77' lang='grc' dir='ltr'><strong><em>ἤδη</em></strong></span> <span class='ocrx_word' id='word_1_188' title='bbox 1306 1647 1358 1701; x_wconf 85' lang='grc' dir='ltr'><strong><em>τῇ</em></strong></span> <span class='ocrx_word' id='word_1_189' title='bbox 1377 1640 1505 1687; x_wconf 86' lang='grc' dir='ltr'><strong><em>πόλει.</em></strong></span> <span class='ocrx_word' id='word_1_190' title='bbox 1515 1643 1640 1684; x_wconf 82' lang='grc' dir='ltr'><strong>Ρ-486</strong></span> 
     </span>
     <span class='ocr_line' id='line_1_23' title="bbox 26 1709 1507 1774; baseline -0.003 -16"><span class='ocrx_word' id='word_1_191' title='bbox 26 1712 173 1770; x_wconf 72' lang='grc' dir='ltr'><strong><em>μηνύει</em></strong></span> <span class='ocrx_word' id='word_1_192' title='bbox 198 1716 337 1758; x_wconf 90' lang='grc' dir='ltr'><strong><em>τοίνυν</em></strong></span> <span class='ocrx_word' id='word_1_193' title='bbox 357 1719 417 1774; x_wconf 73' lang='grc' dir='ltr'><strong><em>τῷ</em></strong></span> <span class='ocrx_word' id='word_1_194' title='bbox 450 1719 619 1771; x_wconf 84' lang='grc' dir='ltr'><strong><em>βασιλεῖ’</em></strong></span> <span class='ocrx_word' id='word_1_195' title='bbox 635 1716 967 1773; x_wconf 79' lang='grc' dir='ltr'><strong><em>Καντακουζηνῷ</em></strong></span> <span class='ocrx_word' id='word_1_196' title='bbox 996 1714 1073 1771; x_wconf 83' lang='grc' dir='ltr'><strong><em>τὴν</em></strong></span> <span class='ocrx_word' id='word_1_197' title='bbox 1102 1712 1202 1769; x_wconf 83' lang='grc' dir='ltr'><strong><em>ὅλην</em></strong></span> <span class='ocrx_word' id='word_1_198' title='bbox 1227 1716 1304 1768; x_wconf 81' lang='grc' dir='ltr'><strong><em>τῆς</em></strong></span> <span class='ocrx_word' id='word_1_199' title='bbox 1323 1709 1507 1770; x_wconf 83' lang='grc' dir='ltr'><strong><em>ἐγχειρή-</em></strong></span> 
     </span>
     <span class='ocr_line' id='line_1_24' title="bbox 26 1781 1507 1842; baseline -0.001 -16"><span class='ocrx_word' id='word_1_200' title='bbox 26 1801 130 1834; x_wconf 90' lang='grc' dir='ltr'><strong><em>σεως</em></strong></span> <span class='ocrx_word' id='word_1_201' title='bbox 151 1782 375 1841; x_wconf 75' lang='grc' dir='ltr'><strong><em>πρόθεσιν,</em></strong></span> <span class='ocrx_word' id='word_1_202' title='bbox 401 1783 450 1827; x_wconf 78' lang='grc' dir='ltr'><strong><em>οὗ</em></strong></span> <span class='ocrx_word' id='word_1_203' title='bbox 470 1782 580 1827; x_wconf 85' lang='grc' dir='ltr'><strong><em>πάνυ</em></strong></span> <span class='ocrx_word' id='word_1_204' title='bbox 596 1801 662 1827; x_wconf 89' lang='grc' dir='ltr'><strong><em>τοι</em></strong></span> <span class='ocrx_word' id='word_1_205' title='bbox 681 1782 824 1842; x_wconf 73' lang='grc' dir='ltr'><strong><em>πόρ’ῥω</em></strong></span> <span class='ocrx_word' id='word_1_206' title='bbox 846 1788 922 1827; x_wconf 83' lang='grc' dir='ltr'><strong><em>τοῦ</em></strong></span> <span class='ocrx_word' id='word_1_207' title='bbox 942 1784 1172 1836; x_wconf 85' lang='grc' dir='ltr'><strong><em>Βυζαντίου</em></strong></span> <span class='ocrx_word' id='word_1_208' title='bbox 1191 1781 1269 1832; x_wconf 78' lang='grc' dir='ltr'><strong><em>τὰς</em></strong></span> <span class='ocrx_word' id='word_1_209' title='bbox 1288 1781 1507 1839; x_wconf 81' lang='grc' dir='ltr'><strong><em>διατριβὰς</em></strong></span> 
     </span>
     <span class='ocr_line' id='line_1_25' title="bbox 24 1851 1505 1915; baseline -0.002 -18"><span class='ocrx_word' id='word_1_210' title='bbox 24 1854 278 1915; x_wconf 75' lang='grc' dir='ltr'><strong><em>ποιουμένῳ”</em></strong></span> <span class='ocrx_word' id='word_1_211' title='bbox 305 1855 374 1897; x_wconf 76' lang='grc' dir='ltr'><strong><em>καὶ</em></strong></span> <span class='ocrx_word' id='word_1_212' title='bbox 393 1852 482 1910; x_wconf 80' lang='grc' dir='ltr'><strong><em>ἅμα</em></strong></span> <span class='ocrx_word' id='word_1_213' title='bbox 500 1851 663 1909; x_wconf 76' lang='grc' dir='ltr'><strong><em>κελεύει,</em></strong></span> <span class='ocrx_word' id='word_1_214' title='bbox 694 1855 856 1912; x_wconf 83' lang='grc' dir='ltr'><strong><em>σπουδῇ</em></strong></span> <span class='ocrx_word' id='word_1_215' title='bbox 873 1851 1166 1912; x_wconf 83' lang='grc' dir='ltr'><strong><em>παρελάσαντα</em></strong></span> <span class='ocrx_word' id='word_1_216' title='bbox 1184 1851 1262 1896; x_wconf 73' lang='grc' dir='ltr'><strong><em>σὺν</em></strong></span> <span class='ocrx_word' id='word_1_217' title='bbox 1281 1851 1505 1902; x_wconf 79' lang='grc' dir='ltr'><strong><em>ἐπιλέκτοις</em></strong></span> 
     </span>
    </p>
   </div>
   <div class='ocr_carea' id='block_1_4' title="bbox 15 2009 1512 2896">
    <p class='ocr_par' dir='ltr' id='par_1_4' title="bbox 24 2009 1504 2106">
     <span class='ocr_line' id='line_1_26' title="bbox 25 2009 1504 2058; baseline 0.001 -13"><span class='ocrx_word' id='word_1_218' title='bbox 25 2021 81 2053; x_wconf 85' lang='lat' dir='ltr'><strong><em>ea,</em></strong></span> <span class='ocrx_word' id='word_1_219' title='bbox 103 2021 193 2056; x_wconf 83' lang='lat' dir='ltr'><strong>quae</strong></span> <span class='ocrx_word' id='word_1_220' title='bbox 209 2010 245 2045; x_wconf 89' lang='lat' dir='ltr'><strong><em>in</em></strong></span> <span class='ocrx_word' id='word_1_221' title='bbox 262 2021 327 2045; x_wconf 87' lang='lat' dir='ltr'><strong>nos</strong></span> <span class='ocrx_word' id='word_1_222' title='bbox 345 2010 538 2048; x_wconf 82' lang='lat' dir='ltr'><strong>deliberata</strong></span> <span class='ocrx_word' id='word_1_223' title='bbox 555 2012 713 2055; x_wconf 84' lang='lat' dir='ltr'><strong>fuerant,</strong></span> <span class='ocrx_word' id='word_1_224' title='bbox 736 2012 804 2047; x_wconf 88' lang='lat' dir='ltr'><strong>nisi</strong></span> <span class='ocrx_word' id='word_1_225' title='bbox 819 2012 955 2048; x_wconf 81' lang='lat' dir='ltr'>interim</span> <span class='ocrx_word' id='word_1_226' title='bbox 973 2012 1167 2055; x_wconf 84' lang='lat' dir='ltr'><strong>accidisset,</strong></span> <span class='ocrx_word' id='word_1_227' title='bbox 1185 2014 1224 2047; x_wconf 89' lang='lat' dir='ltr'><strong>ut</strong></span> <span class='ocrx_word' id='word_1_228' title='bbox 1234 2009 1396 2058; x_wconf 81' lang='lat' dir='ltr'><strong>Byzantii</strong></span> <span class='ocrx_word' id='word_1_229' title='bbox 1407 2010 1504 2047; x_wconf 82' lang='lat' dir='ltr'><strong><em>Can·</em></strong></span> 
     </span>
     <span class='ocr_line' id='line_1_27' title="bbox 24 2058 1364 2106; baseline 0.001 -15"><span class='ocrx_word' id='word_1_230' title='bbox 24 2060 211 2092; x_wconf 85' lang='lat' dir='ltr'><strong>tacuzeuus</strong></span> <span class='ocrx_word' id='word_1_231' title='bbox 234 2058 425 2104; x_wconf 81' lang='lat' dir='ltr'><strong>potiretur3</strong></span> <span class='ocrx_word' id='word_1_232' title='bbox 449 2059 542 2105; x_wconf 90' lang='lat' dir='ltr'><strong>quod</strong></span> <span class='ocrx_word' id='word_1_233' title='bbox 562 2064 599 2094; x_wconf 86' lang='lat' dir='ltr'><strong>et</strong></span> <span class='ocrx_word' id='word_1_234' title='bbox 617 2060 729 2105; x_wconf 87' lang='lat' dir='ltr'><strong>ipsum</strong></span> <span class='ocrx_word' id='word_1_235' title='bbox 747 2060 880 2106; x_wconf 87' lang='lat' dir='ltr'><strong>planius</strong></span> <span class='ocrx_word' id='word_1_236' title='bbox 899 2060 1016 2095; x_wconf 81' lang='lat' dir='ltr'><strong>statim</strong></span> <span class='ocrx_word' id='word_1_237' title='bbox 1032 2058 1221 2106; x_wconf 77' lang='lat' dir='ltr'><strong>exposituri</strong></span> <span class='ocrx_word' id='word_1_238' title='bbox 1239 2070 1364 2093; x_wconf 85' lang='lat' dir='ltr'><strong>sumus.</strong></span> 
     </span>
    </p>

    <p class='ocr_par' dir='ltr' id='par_1_5' title="bbox 15 2103 1512 2896">
     <span class='ocr_line' id='line_1_28' title="bbox 116 2103 1504 2153; baseline -0.002 -13"><span class='ocrx_word' id='word_1_239' title='bbox 116 2106 150 2140; x_wconf 84' lang='lat'><strong><em>8.</em></strong></span> <span class='ocrx_word' id='word_1_240' title='bbox 175 2104 399 2148; x_wconf 78' lang='lat' dir='ltr'><strong>Phaoeolato,</strong></span> <span class='ocrx_word' id='word_1_241' title='bbox 418 2110 459 2140; x_wconf 90' lang='lat' dir='ltr'><strong>ut</strong></span> <span class='ocrx_word' id='word_1_242' title='bbox 473 2117 579 2152; x_wconf 82' lang='lat' dir='ltr'><strong>supra</strong></span> <span class='ocrx_word' id='word_1_243' title='bbox 594 2106 753 2149; x_wconf 79' lang='lat' dir='ltr'><strong>diximus,</strong></span> <span class='ocrx_word' id='word_1_244' title='bbox 772 2107 970 2142; x_wconf 72' lang='lat' dir='ltr'><strong>Latinorum</strong></span> <span class='ocrx_word' id='word_1_245' title='bbox 986 2106 1207 2153; x_wconf 79' lang='lat' dir='ltr'><strong>proterviam,</strong></span> <span class='ocrx_word' id='word_1_246' title='bbox 1226 2106 1270 2140; x_wconf 94' lang='lat' dir='ltr'><strong><em>ob</em></strong></span> <span class='ocrx_word' id='word_1_247' title='bbox 1285 2103 1504 2139; x_wconf 82' lang='lat' dir='ltr'><strong>novissimam</strong></span> 
     </span>
     <span class='ocr_line' id='line_1_29' title="bbox 22 2149 1504 2198; baseline 0 -14"><span class='ocrx_word' id='word_1_248' title='bbox 22 2149 115 2185; x_wconf 84' lang='lat' dir='ltr'><strong>illam</strong></span> <span class='ocrx_word' id='word_1_249' title='bbox 131 2150 365 2194; x_wconf 86' lang='lat' dir='ltr'><strong>offensionem,</strong></span> <span class='ocrx_word' id='word_1_250' title='bbox 389 2152 666 2198; x_wconf 79' lang='lat' dir='ltr'>pertimescenti,</span> <span class='ocrx_word' id='word_1_251' title='bbox 691 2159 840 2188; x_wconf 81' lang='lat' dir='ltr'><strong>armatos</strong></span> <span class='ocrx_word' id='word_1_252' title='bbox 858 2153 952 2188; x_wconf 84' lang='lat' dir='ltr'><strong>circa</strong></span> <span class='ocrx_word' id='word_1_253' title='bbox 970 2166 1008 2188; x_wconf 87' lang='lat' dir='ltr'><strong>se</strong></span> <span class='ocrx_word' id='word_1_254' title='bbox 1026 2153 1196 2188; x_wconf 77' lang='lat' dir='ltr'><strong>satellites</strong></span> <span class='ocrx_word' id='word_1_255' title='bbox 1214 2152 1343 2186; x_wconf 80' lang='lat' dir='ltr'><strong>habere</strong></span> <span class='ocrx_word' id='word_1_256' title='bbox 1357 2150 1504 2197; x_wconf 86' lang='lat' dir='ltr'><strong>permis-</strong></span> 
     </span>
     <span class='ocr_line' id='line_1_30' title="bbox 23 2197 1507 2246; baseline 0 -15"><span class='ocrx_word' id='word_1_257' title='bbox 23 2208 98 2232; x_wconf 85' lang='lat' dir='ltr'><strong><em>sum</em></strong></span> <span class='ocrx_word' id='word_1_258' title='bbox 118 2197 244 2232; x_wconf 83' lang='lat' dir='ltr'><strong>fuerat.</strong></span> <span class='ocrx_word' id='word_1_259' title='bbox 294 2198 398 2240; x_wconf 82' lang='lat' dir='ltr'><strong>Quod</strong></span> <span class='ocrx_word' id='word_1_260' title='bbox 422 2210 496 2233; x_wconf 91' lang='lat' dir='ltr'><strong>cum</strong></span> <span class='ocrx_word' id='word_1_261' title='bbox 515 2199 564 2234; x_wconf 86' lang='lat' dir='ltr'><strong><em>ita</em></strong></span> <span class='ocrx_word' id='word_1_262' title='bbox 585 2205 698 2242; x_wconf 82' lang='lat' dir='ltr'><strong>esset,</strong></span> <span class='ocrx_word' id='word_1_263' title='bbox 723 2199 831 2246; x_wconf 85' lang='lat' dir='ltr'><strong>aliqui</strong></span> <span class='ocrx_word' id='word_1_264' title='bbox 850 2212 926 2235; x_wconf 84' lang='lat' dir='ltr'><strong>eum</strong></span> <span class='ocrx_word' id='word_1_265' title='bbox 945 2200 1095 2242; x_wconf 88' lang='lat' dir='ltr'><strong>adeunt,</strong></span> <span class='ocrx_word' id='word_1_266' title='bbox 1121 2199 1245 2245; x_wconf 88' lang='lat' dir='ltr'><strong>quibus</strong></span> <span class='ocrx_word' id='word_1_267' title='bbox 1262 2197 1348 2233; x_wconf 84' lang='lat' dir='ltr'><strong>clam</strong></span> <span class='ocrx_word' id='word_1_268' title='bbox 1370 2209 1392 2232; x_wconf 88' lang='lat' dir='ltr'><strong>a</strong></span> <span class='ocrx_word' id='word_1_269' title='bbox 1411 2198 1507 2231; x_wconf 87' lang='lat' dir='ltr'><strong>Can-</strong></span> 
     </span>
     <span class='ocr_line' id='line_1_31' title="bbox 23 2243 1506 2293; baseline -0.001 -15"><span class='ocrx_word' id='word_1_270' title='bbox 23 2247 192 2278; x_wconf 83' lang='lat' dir='ltr'><strong>tacuzeno</strong></span> <span class='ocrx_word' id='word_1_271' title='bbox 219 2243 359 2280; x_wconf 80' lang='lat' dir='ltr'><strong>litterae</strong></span> <span class='ocrx_word' id='word_1_272' title='bbox 379 2249 566 2288; x_wconf 82' lang='lat' dir='ltr'><strong>venerant,</strong></span> <span class='ocrx_word' id='word_1_273' title='bbox 591 2257 632 2280; x_wconf 83' lang='lat' dir='ltr'><strong><em>ac</em></strong></span> <span class='ocrx_word' id='word_1_274' title='bbox 649 2247 685 2280; x_wconf 91' lang='lat' dir='ltr'><strong><em>in</em></strong></span> <span class='ocrx_word' id='word_1_275' title='bbox 705 2245 749 2280; x_wconf 80' lang='lat' dir='ltr'><strong><em>iis</em></strong></span> <span class='ocrx_word' id='word_1_276' title='bbox 765 2258 910 2293; x_wconf 84' lang='lat' dir='ltr'><strong>magnae</strong></span> <span class='ocrx_word' id='word_1_277' title='bbox 928 2246 1150 2293; x_wconf 79' lang='lat' dir='ltr'><strong>pecuniarum</strong></span> <span class='ocrx_word' id='word_1_278' title='bbox 1167 2245 1266 2280; x_wconf 86' lang='lat' dir='ltr'><strong>simul</strong></span> <span class='ocrx_word' id='word_1_279' title='bbox 1288 2250 1325 2279; x_wconf 84' lang='lat' dir='ltr'><strong>et</strong></span> <span class='ocrx_word' id='word_1_280' title='bbox 1340 2244 1506 2278; x_wconf 86' lang='lat' dir='ltr'><strong>honorum</strong></span> 
     </span>
     <span class='ocr_line' id='line_1_32' title="bbox 23 2289 1506 2339; baseline 0.001 -16"><span class='ocrx_word' id='word_1_281' title='bbox 23 2289 285 2336; x_wconf 77' lang='lat' dir='ltr'><strong>promissiones,</strong></span> <span class='ocrx_word' id='word_1_282' title='bbox 308 2291 339 2325; x_wconf 86' lang='lat' dir='ltr'><strong><em>si</em></strong></span> <span class='ocrx_word' id='word_1_283' title='bbox 355 2303 426 2338; x_wconf 80' lang='lat' dir='ltr'><strong><em>qua</em></strong></span> <span class='ocrx_word' id='word_1_284' title='bbox 446 2292 536 2327; x_wconf 85' lang='lat' dir='ltr'><strong>ratio</strong></span> <span class='ocrx_word' id='word_1_285' title='bbox 557 2292 833 2337; x_wconf 79' lang='lat' dir='ltr'><strong>excogitaretur,</strong></span> <span class='ocrx_word' id='word_1_286' title='bbox 857 2305 925 2339; x_wconf 89' lang='lat' dir='ltr'><strong><em>qua</em></strong></span> <span class='ocrx_word' id='word_1_287' title='bbox 941 2293 1055 2328; x_wconf 83' lang='lat' dir='ltr'><strong>facilis</strong></span> <span class='ocrx_word' id='word_1_288' title='bbox 1074 2292 1107 2327; x_wconf 87' lang='lat' dir='ltr'><strong><em>ei</em></strong></span> <span class='ocrx_word' id='word_1_289' title='bbox 1131 2293 1168 2326; x_wconf 89' lang='lat' dir='ltr'><strong><em>in</em></strong></span> <span class='ocrx_word' id='word_1_290' title='bbox 1185 2292 1303 2326; x_wconf 83' lang='lat' dir='ltr'><strong>urbem</strong></span> <span class='ocrx_word' id='word_1_291' title='bbox 1326 2290 1506 2336; x_wconf 83' lang='lat' dir='ltr'><strong>ingressus</strong></span> 
     </span>
     <span class='ocr_line' id='line_1_33' title="bbox 23 2337 1507 2384; baseline -0.001 -14"><span class='ocrx_word' id='word_1_292' title='bbox 23 2340 173 2383; x_wconf 79' lang='lat' dir='ltr'><strong>pateret.</strong></span> <span class='ocrx_word' id='word_1_293' title='bbox 220 2337 282 2379; x_wconf 84' lang='lat' dir='ltr'><strong><em>Hi,</em></strong></span> <span class='ocrx_word' id='word_1_294' title='bbox 301 2337 449 2384; x_wconf 80' lang='lat' dir='ltr'><strong>inquam,</strong></span> <span class='ocrx_word' id='word_1_295' title='bbox 466 2339 510 2373; x_wconf 85' lang='lat' dir='ltr'><strong><em>ad</em></strong></span> <span class='ocrx_word' id='word_1_296' title='bbox 526 2339 628 2373; x_wconf 85' lang='lat' dir='ltr'><strong>istum</strong></span> <span class='ocrx_word' id='word_1_297' title='bbox 645 2338 834 2374; x_wconf 82' lang='lat' dir='ltr'><strong>accedunt=</strong></span> <span class='ocrx_word' id='word_1_298' title='bbox 855 2351 931 2374; x_wconf 86' lang='lat' dir='ltr'><strong>eum</strong></span> <span class='ocrx_word' id='word_1_299' title='bbox 949 2340 1015 2373; x_wconf 88' lang='lat' dir='ltr'><strong>sibi</strong></span> <span class='ocrx_word' id='word_1_300' title='bbox 1034 2339 1163 2373; x_wconf 85' lang='lat' dir='ltr'><strong>socium</strong></span> <span class='ocrx_word' id='word_1_301' title='bbox 1184 2338 1393 2383; x_wconf 78' lang='lat' dir='ltr'><strong>adiungunt:</strong></span> <span class='ocrx_word' id='word_1_302' title='bbox 1417 2347 1507 2370; x_wconf 84' lang='lat' dir='ltr'><strong>con-</strong></span> 
     </span>
     <span class='ocr_line' id='line_1_34' title="bbox 23 2382 1507 2432; baseline 0 -16"><span class='ocrx_word' id='word_1_303' title='bbox 23 2382 95 2417; x_wconf 86' lang='lat' dir='ltr'><strong>silii</strong></span> <span class='ocrx_word' id='word_1_304' title='bbox 111 2382 166 2417; x_wconf 89' lang='lat' dir='ltr'><strong><em>sui</em></strong></span> <span class='ocrx_word' id='word_1_305' title='bbox 186 2383 353 2419; x_wconf 84' lang='lat' dir='ltr'><strong>rationem</strong></span> <span class='ocrx_word' id='word_1_306' title='bbox 372 2386 550 2431; x_wconf 82' lang='lat' dir='ltr'><strong>aperiunt:</strong></span> <span class='ocrx_word' id='word_1_307' title='bbox 575 2391 681 2432; x_wconf 77' lang='lat' dir='ltr'><strong>atque</strong></span> <span class='ocrx_word' id='word_1_308' title='bbox 702 2397 763 2421; x_wconf 82' lang='lat' dir='ltr'><strong>eos</strong></span> <span class='ocrx_word' id='word_1_309' title='bbox 780 2386 791 2419; x_wconf 86' lang='lat' dir='ltr'><strong><em>i</em></strong></span> <span class='ocrx_word' id='word_1_310' title='bbox 820 2397 859 2420; x_wconf 84' lang='lat' dir='ltr'><strong>se</strong></span> <span class='ocrx_word' id='word_1_311' title='bbox 881 2385 970 2421; x_wconf 89' lang='lat' dir='ltr'><strong>omni</strong></span> <span class='ocrx_word' id='word_1_312' title='bbox 988 2396 1096 2432; x_wconf 83' lang='lat' dir='ltr'><strong>opera</strong></span> <span class='ocrx_word' id='word_1_313' title='bbox 1117 2389 1154 2420; x_wconf 87' lang='lat' dir='ltr'><strong>et</strong></span> <span class='ocrx_word' id='word_1_314' title='bbox 1175 2384 1290 2419; x_wconf 85' lang='lat' dir='ltr'><strong>studio</strong></span> <span class='ocrx_word' id='word_1_315' title='bbox 1309 2383 1507 2418; x_wconf 77' lang='lat' dir='ltr'><strong>adiuturum</strong></span> 
     </span>
     <span class='ocr_line' id='line_1_35' title="bbox 23 2427 1507 2478; baseline 0.001 -16"><span class='ocrx_word' id='word_1_316' title='bbox 23 2440 63 2463; x_wconf 88' lang='lat' dir='ltr'><strong>se</strong></span> <span class='ocrx_word' id='word_1_317' title='bbox 84 2429 279 2475; x_wconf 80' lang='lat' dir='ltr'><strong>pollicetur.</strong></span> <span class='ocrx_word' id='word_1_318' title='bbox 328 2431 413 2477; x_wconf 88' lang='grc' dir='ltr'><strong>(Π.)</strong></span> <span class='ocrx_word' id='word_1_319' title='bbox 436 2431 574 2466; x_wconf 78' lang='lat' dir='ltr'><strong>Exinde</strong></span> <span class='ocrx_word' id='word_1_320' title='bbox 595 2432 704 2478; x_wconf 85' lang='lat' dir='ltr'><strong>priori</strong></span> <span class='ocrx_word' id='word_1_321' title='bbox 727 2443 766 2467; x_wconf 86' lang='lat' dir='ltr'><strong>sa</strong></span> <span class='ocrx_word' id='word_1_322' title='bbox 829 2432 912 2466; x_wconf 85' lang='lat' dir='ltr'><strong>‘tum</strong></span> <span class='ocrx_word' id='word_1_323' title='bbox 937 2432 1061 2467; x_wconf 84' lang='lat' dir='ltr'><strong>turbae</strong></span> <span class='ocrx_word' id='word_1_324' title='bbox 1087 2431 1156 2466; x_wconf 84' lang='lat' dir='ltr'><strong>alia</strong></span> <span class='ocrx_word' id='word_1_325' title='bbox 1181 2430 1346 2476; x_wconf 87' lang='lat' dir='ltr'><strong>ampliore</strong></span> <span class='ocrx_word' id='word_1_326' title='bbox 1367 2427 1507 2463; x_wconf 79' lang='lat' dir='ltr'><strong>adiecta</strong></span> 
     </span>
     <span class='ocr_line' id='line_1_36' title="bbox 23 2473 1505 2524; baseline -0.001 -15"><span class='ocrx_word' id='word_1_327' title='bbox 23 2475 185 2521; x_wconf 81' lang='lat' dir='ltr'><strong>(poterat</strong></span> <span class='ocrx_word' id='word_1_328' title='bbox 202 2477 293 2511; x_wconf 88' lang='lat' dir='ltr'><strong>euim</strong></span> <span class='ocrx_word' id='word_1_329' title='bbox 309 2477 387 2521; x_wconf 90' lang='lat' dir='ltr'><strong>ille,</strong></span> <span class='ocrx_word' id='word_1_330' title='bbox 412 2478 494 2512; x_wconf 78' lang='lat' dir='ltr'><strong>data</strong></span> <span class='ocrx_word' id='word_1_331' title='bbox 516 2479 621 2513; x_wconf 89' lang='lat' dir='ltr'><strong>semel</strong></span> <span class='ocrx_word' id='word_1_332' title='bbox 645 2478 691 2513; x_wconf 84' lang='lat' dir='ltr'><strong><em>ab</em></strong></span> <span class='ocrx_word' id='word_1_333' title='bbox 714 2477 934 2524; x_wconf 82' lang='lat' dir='ltr'><strong>imperatrice</strong></span> <span class='ocrx_word' id='word_1_334' title='bbox 957 2477 1099 2513; x_wconf 83' lang='lat' dir='ltr'><strong>licentia</strong></span> <span class='ocrx_word' id='word_1_335' title='bbox 1114 2478 1159 2512; x_wconf 91' lang='lat' dir='ltr'><strong><em>ob</em></strong></span> <span class='ocrx_word' id='word_1_336' title='bbox 1175 2478 1267 2512; x_wconf 81' lang='lat' dir='ltr'><strong>illam</strong></span> <span class='ocrx_word' id='word_1_337' title='bbox 1285 2485 1384 2521; x_wconf 88' lang='lat' dir='ltr'><strong>quam</strong></span> <span class='ocrx_word' id='word_1_338' title='bbox 1411 2473 1505 2508; x_wconf 81' lang='lat' dir='ltr'><strong>dixi-</strong></span> 
     </span>
     <span class='ocr_line' id='line_1_37' title="bbox 21 2522 1506 2571; baseline -0.001 -16"><span class='ocrx_word' id='word_1_339' title='bbox 21 2532 96 2556; x_wconf 89' lang='lat' dir='ltr'><strong><em>mus</em></strong></span> <span class='ocrx_word' id='word_1_340' title='bbox 115 2522 299 2566; x_wconf 82' lang='lat' dir='ltr'><strong>rationem,</strong></span> <span class='ocrx_word' id='word_1_341' title='bbox 321 2527 376 2558; x_wconf 84' lang='lat' dir='ltr'><strong><em>tot</em></strong></span> <span class='ocrx_word' id='word_1_342' title='bbox 391 2525 581 2571; x_wconf 85' lang='lat' dir='ltr'><strong>adiungere</strong></span> <span class='ocrx_word' id='word_1_343' title='bbox 598 2525 665 2559; x_wconf 89' lang='lat' dir='ltr'><strong>sibi</strong></span> <span class='ocrx_word' id='word_1_344' title='bbox 684 2524 863 2568; x_wconf 79' lang='lat' dir='ltr'><strong>custodes,</strong></span> <span class='ocrx_word' id='word_1_345' title='bbox 886 2528 974 2571; x_wconf 87' lang='lat' dir='ltr'><strong>quot</strong></span> <span class='ocrx_word' id='word_1_346' title='bbox 991 2525 1024 2560; x_wconf 87' lang='lat' dir='ltr'><strong><em>ei</em></strong></span> <span class='ocrx_word' id='word_1_347' title='bbox 1048 2524 1256 2560; x_wconf 81' lang='lat' dir='ltr'><strong>commodum</strong></span> <span class='ocrx_word' id='word_1_348' title='bbox 1276 2522 1429 2557; x_wconf 74' lang='lat' dir='ltr'><strong>futurum</strong></span> <span class='ocrx_word' id='word_1_349' title='bbox 1446 2531 1506 2554; x_wconf 89' lang='lat' dir='ltr'><strong>es-</strong></span> 
     </span>
     <span class='ocr_line' id='line_1_38' title="bbox 22 2567 1505 2617; baseline -0.001 -15"><span class='ocrx_word' id='word_1_350' title='bbox 22 2567 105 2613; x_wconf 80' lang='lat' dir='ltr'><strong>set)</strong></span> <span class='ocrx_word' id='word_1_351' title='bbox 127 2572 222 2602; x_wconf 81' lang='lat' dir='ltr'><strong>totus</strong></span> <span class='ocrx_word' id='word_1_352' title='bbox 242 2569 280 2603; x_wconf 85' lang='lat' dir='ltr'><strong><em>in</em></strong></span> <span class='ocrx_word' id='word_1_353' title='bbox 294 2570 512 2606; x_wconf 80' lang='lat' dir='ltr'><strong>exsecutione</strong></span> <span class='ocrx_word' id='word_1_354' title='bbox 533 2571 666 2617; x_wconf 85' lang='lat' dir='ltr'><strong>negotii</strong></span> <span class='ocrx_word' id='word_1_355' title='bbox 683 2575 770 2608; x_wconf 81' lang='lat' dir='ltr'><strong>erat.</strong></span> <span class='ocrx_word' id='word_1_356' title='bbox 815 2571 1020 2606; x_wconf 87' lang='lat' dir='ltr'><strong>Volentibus</strong></span> <span class='ocrx_word' id='word_1_357' title='bbox 1044 2582 1128 2616; x_wconf 80' lang='lat' dir='ltr'><strong>ergo</strong></span> <span class='ocrx_word' id='word_1_358' title='bbox 1144 2569 1335 2605; x_wconf 84' lang='lat' dir='ltr'><strong>coniuratis</strong></span> <span class='ocrx_word' id='word_1_359' title='bbox 1353 2567 1451 2602; x_wconf 76' lang='lat' dir='ltr'><strong>ducis</strong></span> <span class='ocrx_word' id='word_1_360' title='bbox 1467 2570 1505 2601; x_wconf 83' lang='lat' dir='ltr'><strong>et</strong></span> 
     </span>
     <span class='ocr_line' id='line_1_39' title="bbox 21 2613 1512 2664; baseline 0 -17"><span class='ocrx_word' id='word_1_361' title='bbox 21 2613 194 2660; x_wconf 82' lang='lat' dir='ltr'><strong>praefecti</strong></span> <span class='ocrx_word' id='word_1_362' title='bbox 210 2626 349 2652; x_wconf 79' lang='lat' dir='ltr'><strong>munere</strong></span> <span class='ocrx_word' id='word_1_363' title='bbox 366 2622 529 2664; x_wconf 87' lang='lat' dir='ltr'><strong>suscepto</strong></span> <span class='ocrx_word' id='word_1_364' title='bbox 552 2621 673 2652; x_wconf 85' lang='lat' dir='ltr'><strong>auctor</strong></span> <span class='ocrx_word' id='word_1_365' title='bbox 689 2618 781 2660; x_wconf 82' lang='lat' dir='ltr'><strong>fuit,</strong></span> <span class='ocrx_word' id='word_1_366' title='bbox 801 2629 847 2653; x_wconf 88' lang='lat' dir='ltr'><strong><em>ne</em></strong></span> <span class='ocrx_word' id='word_1_367' title='bbox 866 2618 904 2652; x_wconf 88' lang='lat' dir='ltr'><strong><em>in</em></strong></span> <span class='ocrx_word' id='word_1_368' title='bbox 923 2630 982 2653; x_wconf 84' lang='lat' dir='ltr'><strong>eas</strong></span> <span class='ocrx_word' id='word_1_369' title='bbox 1000 2629 1071 2660; x_wconf 86' lang='lat' dir='ltr'><strong>res,</strong></span> <span class='ocrx_word' id='word_1_370' title='bbox 1095 2628 1185 2663; x_wconf 82' lang='lat' dir='ltr'><strong>quae</strong></span> <span class='ocrx_word' id='word_1_371' title='bbox 1202 2615 1369 2660; x_wconf 83' lang='lat' dir='ltr'><strong>longioris</strong></span> <span class='ocrx_word' id='word_1_372' title='bbox 1387 2624 1512 2648; x_wconf 84' lang='lat' dir='ltr'><strong>morae-</strong></span> 
     </span>
     <span class='ocr_line' id='line_1_40' title="bbox 23 2659 1503 2710; baseline -0.003 -13"><span class='ocrx_word' id='word_1_373' title='bbox 23 2664 155 2702; x_wconf 71' lang='lat' dir='ltr'><strong>essent,</strong></span> <span class='ocrx_word' id='word_1_374' title='bbox 177 2672 286 2706; x_wconf 87' lang='lat' dir='ltr'><strong>opera</strong></span> <span class='ocrx_word' id='word_1_375' title='bbox 301 2662 547 2707; x_wconf 79' lang='lat' dir='ltr'><strong>insumeretur3</strong></span> <span class='ocrx_word' id='word_1_376' title='bbox 570 2664 632 2698; x_wconf 84' lang='lat' dir='ltr'><strong>sed</strong></span> <span class='ocrx_word' id='word_1_377' title='bbox 651 2668 691 2698; x_wconf 89' lang='lat' dir='ltr'><strong>ut</strong></span> <span class='ocrx_word' id='word_1_378' title='bbox 707 2663 744 2698; x_wconf 90' lang='lat' dir='ltr'><strong><em>in</em></strong></span> <span class='ocrx_word' id='word_1_379' title='bbox 762 2663 819 2707; x_wconf 86' lang='lat' dir='ltr'><strong>id,</strong></span> <span class='ocrx_word' id='word_1_380' title='bbox 842 2665 935 2710; x_wconf 89' lang='lat' dir='ltr'><strong>quod</strong></span> <span class='ocrx_word' id='word_1_381' title='bbox 950 2668 1057 2710; x_wconf 86' lang='lat' dir='ltr'><strong>caput</strong></span> <span class='ocrx_word' id='word_1_382' title='bbox 1074 2667 1171 2704; x_wconf 87' lang='lat' dir='ltr'><strong>erat,</strong></span> <span class='ocrx_word' id='word_1_383' title='bbox 1193 2662 1310 2697; x_wconf 86' lang='lat' dir='ltr'><strong>statim</strong></span> <span class='ocrx_word' id='word_1_384' title='bbox 1326 2659 1503 2694; x_wconf 77' lang='lat' dir='ltr'><strong>incumbe-</strong></span> 
     </span>
     <span class='ocr_line' id='line_1_41' title="bbox 22 2706 1502 2757; baseline -0.001 -16"><span class='ocrx_word' id='word_1_385' title='bbox 22 2711 134 2749; x_wconf 86' lang='lat' dir='ltr'><strong>retur,</strong></span> <span class='ocrx_word' id='word_1_386' title='bbox 158 2711 196 2741; x_wconf 88' lang='lat' dir='ltr'><strong>et</strong></span> <span class='ocrx_word' id='word_1_387' title='bbox 210 2711 286 2742; x_wconf 84' lang='lat' dir='ltr'><strong>tota</strong></span> <span class='ocrx_word' id='word_1_388' title='bbox 302 2710 546 2756; x_wconf 83' lang='lat' dir='ltr'><strong>quamprimum</strong></span> <span class='ocrx_word' id='word_1_389' title='bbox 565 2710 643 2745; x_wconf 79' lang='lat' dir='ltr'><strong>alea</strong></span> <span class='ocrx_word' id='word_1_390' title='bbox 657 2721 733 2745; x_wconf 89' lang='lat' dir='ltr'><strong>cum</strong></span> <span class='ocrx_word' id='word_1_391' title='bbox 751 2722 796 2746; x_wconf 80' lang='lat' dir='ltr'><strong><em>ea</em></strong></span> <span class='ocrx_word' id='word_1_392' title='bbox 813 2722 903 2757; x_wconf 81' lang='lat' dir='ltr'><strong>quae</strong></span> <span class='ocrx_word' id='word_1_393' title='bbox 919 2710 1042 2746; x_wconf 85' lang='lat' dir='ltr'><strong>aderat</strong></span> <span class='ocrx_word' id='word_1_394' title='bbox 1058 2709 1228 2745; x_wconf 86' lang='lat' dir='ltr'><strong>homiuum</strong></span> <span class='ocrx_word' id='word_1_395' title='bbox 1249 2718 1350 2743; x_wconf 83' lang='lat' dir='ltr'><strong>manu</strong></span> <span class='ocrx_word' id='word_1_396' title='bbox 1367 2706 1502 2740; x_wconf 84' lang='lat' dir='ltr'><strong>iacere·-</strong></span> 
     </span>
     <span class='ocr_line' id='line_1_42' title="bbox 21 2751 1504 2803; baseline -0.001 -8"><span class='ocrx_word' id='word_1_397' title='bbox 21 2757 100 2795; x_wconf 66' lang='lat' dir='ltr'><strong><em>tffl’3</em></strong></span> <span class='ocrx_word' id='word_1_398' title='bbox 125 2754 327 2799; x_wconf 73' lang='lat' dir='ltr'><strong>praesertim</strong></span> <span class='ocrx_word' id='word_1_399' title='bbox 347 2768 421 2792; x_wconf 85' lang='lat' dir='ltr'><strong>cum</strong></span> <span class='ocrx_word' id='word_1_400' title='bbox 443 2768 568 2803; x_wconf 79' lang='lat' dir='ltr'><strong>magna</strong></span> <span class='ocrx_word' id='word_1_401' title='bbox 583 2757 651 2792; x_wconf 89' lang='lat' dir='ltr'><strong><em>iam</em></strong></span> <span class='ocrx_word' id='word_1_402' title='bbox 672 2762 766 2791; x_wconf 87' lang='lat' dir='ltr'><strong>esset</strong></span> <span class='ocrx_word' id='word_1_403' title='bbox 783 2763 987 2792; x_wconf 83' lang='lat' dir='ltr'><strong>armatorum</strong></span> <span class='ocrx_word' id='word_1_404' title='bbox 1005 2757 1041 2791; x_wconf 87' lang='lat' dir='ltr'><strong><em>in</em></strong></span> <span class='ocrx_word' id='word_1_405' title='bbox 1062 2756 1150 2791; x_wconf 85' lang='lat' dir='ltr'><strong>urbe</strong></span> <span class='ocrx_word' id='word_1_406' title='bbox 1167 2755 1335 2801; x_wconf 87' lang='lat' dir='ltr'><strong>paucitas.</strong></span> <span class='ocrx_word' id='word_1_407' title='bbox 1368 2751 1504 2793; x_wconf 67' lang='lat' dir='ltr'><strong>Quam·</strong></span> 
     </span>
     <span class='ocr_line' id='line_1_43' title="bbox 21 2799 1501 2854; baseline -0.001 -21"><span class='ocrx_word' id='word_1_408' title='bbox 21 2800 140 2854; x_wconf 68' lang='lat' dir='ltr'><strong>pbrem</strong></span> <span class='ocrx_word' id='word_1_409' title='bbox 157 2799 400 2837; x_wconf 84' lang='lat' dir='ltr'><strong>Cantacuzeno</strong></span> <span class='ocrx_word' id='word_1_410' title='bbox 418 2803 634 2850; x_wconf 82' lang='lat' dir='ltr'><strong>imperatori,</strong></span> <span class='ocrx_word' id='word_1_411' title='bbox 657 2815 726 2838; x_wconf 90' lang='lat' dir='ltr'><strong><em>non</em></strong></span> <span class='ocrx_word' id='word_1_412' title='bbox 745 2803 943 2849; x_wconf 86' lang='lat' dir='ltr'><strong>longissime</strong></span> <span class='ocrx_word' id='word_1_413' title='bbox 964 2803 1008 2838; x_wconf 88' lang='lat' dir='ltr'><strong><em>ab</em></strong></span> <span class='ocrx_word' id='word_1_414' title='bbox 1027 2804 1114 2837; x_wconf 86' lang='lat' dir='ltr'><strong>urbe</strong></span> <span class='ocrx_word' id='word_1_415' title='bbox 1132 2799 1370 2842; x_wconf 83' lang='lat' dir='ltr'><strong>commoranti,</strong></span> <span class='ocrx_word' id='word_1_416' title='bbox 1391 2802 1501 2834; x_wconf 85' lang='lat' dir='ltr'><strong>totam</strong></span> 
     </span>
     <span class='ocr_line' id='line_1_44' title="bbox 15 2844 1508 2896; baseline 0.001 -16"><span class='ocrx_word' id='word_1_417' title='bbox 15 2846 155 2893; x_wconf 61' lang='lat' dir='ltr'><strong>indicat</strong></span> <span class='ocrx_word' id='word_1_418' title='bbox 169 2847 323 2894; x_wconf 74' lang='lat' dir='ltr'><strong>suscepti</strong></span> <span class='ocrx_word' id='word_1_419' title='bbox 340 2849 473 2896; x_wconf 82' lang='lat' dir='ltr'><strong>negotii</strong></span> <span class='ocrx_word' id='word_1_420' title='bbox 491 2849 680 2893; x_wconf 81' lang='lat' dir='ltr'><strong>tationem3</strong></span> <span class='ocrx_word' id='word_1_421' title='bbox 703 2853 740 2886; x_wconf 83' lang='lat' dir='ltr'><strong>et</strong></span> <span class='ocrx_word' id='word_1_422' title='bbox 756 2850 856 2886; x_wconf 85' lang='lat' dir='ltr'><strong>simul</strong></span> <span class='ocrx_word' id='word_1_423' title='bbox 873 2850 972 2886; x_wconf 81' lang='lat' dir='ltr'><strong>iubet</strong></span> <span class='ocrx_word' id='word_1_424' title='bbox 993 2849 1115 2896; x_wconf 85' lang='lat' dir='ltr'><strong>paucis</strong></span> <span class='ocrx_word' id='word_1_425' title='bbox 1135 2860 1212 2884; x_wconf 86' lang='lat' dir='ltr'><strong>cum</strong></span> <span class='ocrx_word' id='word_1_426' title='bbox 1229 2846 1416 2895; x_wconf 80' lang='lat' dir='ltr'><strong>equitibus,</strong></span> <span class='ocrx_word' id='word_1_427' title='bbox 1438 2844 1508 2880; x_wconf 70' lang='lat' dir='ltr'><strong>iis-</strong></span> 
     </span>
    </p>
   </div>
  </div>
 </body>
</html>
