1794 3172
224 121 326 170 956
403 96 405 102 ’
650 121 965 171 NICEPHORI
994 119 1320 166 GREGORAE

7 250 41 281 Α.
60 248 104 282 Μ.
124 248 215 284 6859
229 238 342 283 ῗσασι
372 235 434 288 οἷς
465 236 565 287 ἔθος
596 233 749 285 αὐτοὺς
776 231 967 289 μετιέναι.
1014 229 1079 275 ὅτι
1108 231 1154 274 δὲ
1179 230 1246 274 καὶ
1277 228 1337 286 μὴ
1370 226 1703 286 περιεργάζεσθαι

68 296 135 329 ¹¹¹d'
152 294 176 330 4
227 307 381 365 νόμους
403 308 615 363 πατριόυς,
649 305 717 347 καὶ
738 301 842 361 ἅπερ
873 302 1037 352 ἐκείνοις
1062 301 1221 344 θέσθαι
1249 303 1302 358 τῇ
1335 300 1527 359 ἐκκλησίᾳ
1547 298 1704 353 συμπέ-

228 395 384 422 πτωκεν
406 375 499 434 ὅρια
521 375 579 430 μὴ
602 380 736 426 κινεῖν,
772 374 838 415 καὶ
859 376 982 414 τοῦτο
1007 368 1139 428 δόγμα
1166 371 1233 413 καὶ
1253 367 1382 424 νόμον
1403 369 1562 412 ἐκείνων
1587 365 1701 420 εἶναι,

230 446 343 502 οἶμαι
371 446 443 488 τὸν
474 444 722 501 ἀντεροῦντα
755 440 856 485 εἶναι
884 440 1066 496 μηδένα,
1105 440 1211 495 πλὴν
1238 437 1264 494 ἢ
1297 437 1410 488 ὅστις
1442 455 1485 481 τε
1509 434 1704 490 βούλοιτο

188 522 220 557 D
228 514 377 573 χλεύης
395 511 631 557 ὑπεύθυνον
653 517 802 568 προῖκα
820 513 924 570 δρᾷν
945 508 1092 553 ἑαυτὸν
1115 508 1381 566 ἀνθρωπίνης
1401 509 1470 551 καὶ
1499 505 1544 557 ὃς
1568 505 1738 561 ἕνοχοςό

230 584 331 629 εἶναι
361 591 453 634 ταῖς
485 582 645 626 ἐκείνων
672 582 719 625 οὗ
754 581 911 638 φρίττει
952 579 1084 637 ἀραῖς.
1142 574 1168 634 ἦ
1211 577 1343 634 πολλὴ
1376 575 1528 633 μεντᾶν
1556 575 1705 632 ἇωρία,

230 653 551 711 Πυθαγορείους
581 653 657 707 μὲν
688 654 981 708 πενταετηρικῇ
1011 650 1087 705 μὲν
1113 646 1298 706 γλώττης
1327 650 1441 705 σιγῇ,
1472 645 1709 705 μακροτέρα

232 723 276 767 δ’
307 718 359 766 αὗ
382 726 522 781 πολλῷ
544 720 844 778 συγκαταθέσει
860 723 1022 775 ψυχῆς,
1060 719 1114 761 τὰ
1135 722 1208 762 τοῦ
1226 714 1495 766 διδάσκοντος
1515 715 1710 770 δέχεσθαι

233 790 444 850 δόγματα·
484 789 597 847 ἡμᾶς
622 790 683 843 δ’,
721 787 783 840 οἷς
812 788 1043 846 εὖαγγελικῇ
1067 784 1381 845 συντετράφθαι
1407 785 1566 843 γε’γονεν
1597 782 1711 827 εὗσε-

233 864 349 922 βείιιι,
383 861 443 917 μὴ
476 859 591 916 μάλα
615 859 777 910 ἐθέλειν
802 859 1029 915 περιεργίας
1053 855 1218 913 ἁπάσης
1251 854 1308 906 ὡς
1339 852 1596 914 πορρωτάτω
1625 859 1713 903 τοῖς
1726 861 1767 895 lo

232 931 421 992 πατρίοις
444 929 626 985 ἐμμένειν
653 926 796 972 κανόσι
819 930 887 971 καὶ
913 925 1102 983 δόγμασι.
1149 925 1280 983 ἡδέως
1302 924 1347 968 δ’
1379 925 1430 968 ἄν
1459 924 1503 968 σ’
1527 924 1708 982 ἐροίμην,

82 989 125 1044 Ρ,
148 1007 217 1043 601
243 1003 277 1044 εἴ
307 1001 403 1055 πρὶν
433 1000 607 1050 ἐκείνους
634 1002 908 1055 θεολογῆσαι,
945 995 1070 1040 ἔοικεν
1096 996 1363 1053 ἀνθρωπίνην
1390 993 1543 1044 αὐτοὺς
1570 1009 1712 1036 συννε-

82 1055 128 1091 v·
143 1054 215 1091 486
238 1069 426 1126 νοηκέναι
445 1066 620 1124 δύναμιν
637 1066 896 1125 ὖπερβαίνειν
929 1068 996 1110 καὶ
1024 1064 1215 1109 θανάτου
1238 1066 1360 1121 μείζω
1383 1065 1571 1108 κίνδυνον
1598 1061 1714 1105 ἀπει-

237 1144 320 1182 λεῖν
347 1135 565 1181 ἀθανάτου
589 1141 731 1193 ψυχῆς
749 1143 835 1186 τοῖς
853 1134 984 1187 οὕτως
1007 1134 1284 1190 αὐτομολοῦσι
1306 1134 1410 1191 πρὸς
1430 1133 1506 1189 τὴν
1535 1132 1714 1189 ἐγχείρη-

237 1223 323 1252 σιν·
360 1209 428 1250 καὶ
443 1211 517 1251 νῦν
539 1209 604 1250 δεῖ
616 1210 775 1263 μᾶλλον
794 1207 1018 1249 πείθεσθαι
1037 1205 1143 1260 μετὰ
1161 1203 1238 1260 τὴν
1256 1210 1399 1262 πεῖραν
1422 1202 1561 1252 αὐτοῖς
1581 1218 1713 1256 προσ·
1727 1206 1769 1246 1⁵

239 1276 397 1333 ταχθέν
413 1291 423 1300 ·
470 1277 505 1319 εἲ
538 1277 583 1319 δὲ
623 1277 718 1333 πρὶν
756 1279 1028 1333 πειραθῆναι,
1068 1276 1135 1317 δεῖ
1164 1277 1324 1329 μᾶλλον
1359 1270 1493 1329 ἡμᾶς,
1532 1270 1712 1326 ἀμαθεῖς

242 1363 357 1396 τινας
386 1344 508 1395 ὄντας
527 1346 593 1389 καὶ
613 1344 728 1401 μάλα
748 1343 989 1398 ἀξυνέτους,
1027 1348 1109 1387 τῶν
1127 1341 1232 1401 ὑπὲρ
1255 1347 1353 1386 νοῦν
1384 1345 1611 1400 φοβεῖσθαι
1639 1339 1715 1396 τὴν

242 1422 409 1473 πεῖραν,
448 1413 599 1470 ὁμοίως
619 1415 781 1465 ἐκείνοις
788 1447 802 1468 ,
840 1418 986 1472 μακρῷ
1011 1413 1263 1471 σοφωτέροις
1284 1410 1402 1468 ἡμῶν
1431 1412 1501 1455 καὶ
1532 1410 1613 1468 πρὸ
1641 1413 1717 1465 τῆς

207 1486 390 1543 Βπείρας
409 1479 514 1538 οὖσι,
539 1486 606 1528 καὶ
622 1484 681 1540 μὴ
701 1485 902 1544 ἔπιπηδᾷν
922 1483 1053 1533 ἀδεῶς
1074 1480 1225 1526 οὑτωσὶ
1243 1486 1294 1540 τῇ
1315 1482 1512 1541 θεολογία
1525 1513 1539 1533 ,
1577 1476 1717 1522 καθά-

243 1571 319 1612 περ
341 1557 392 1612 τῇ
415 1569 459 1611 γε
478 1551 584 1612 χλόῃ
603 1553 655 1597 τὰ
675 1551 936 1610 βοσκήματα.
980 1547 1007 1608 ἦ
1036 1551 1114 1609 γὰρ
1143 1550 1194 1594 ἂν
1218 1549 1361 1606 ὅμοιον
1381 1550 1442 1606 εἴη
1454 1582 1468 1603 ,
1507 1548 1644 1605 ὥσπερ
1665 1546 1716 1591 ἂν
1728 1558 1774 1593 20

247 1625 282 1666 εἰ
304 1623 402 1667 δέκα
420 1623 526 1673 τινὲς
543 1627 625 1667 τῶν
649 1622 729 1666 ἀπὸ
748 1622 937 1680 γενέσεως
957 1626 1148 1680 τυφλῶν,
1187 1621 1402 1677 ἐκκλησίαν
1430 1619 1717 1678 ἀθροίσαντες,

339 1722 396 1758 12.
421 1721 522 1756 Hunc
540 1721 650 1756 locum
666 1720 768 1756 Boiv.
785 1720 836 1756 sic
854 1719 1029 1755 restituit:
1049 1720 1084 1756 εἰ
1104 1718 1194 1764 πρὶν
1221 1716 1387 1762 ἐκείνους
1415 1717 1503 1763 [οἴει
1518 1727 1718 1762 προστετα-

338 1768 464 1813 χέναι,
493 1768 583 1813 πρὶν
605 1768 853 1815 πειραθῆναι·
886 1763 909 1813 ἢ
937 1764 1029 1812 μετὰ
1057 1765 1099 1804 τὰ
1123 1767 1361 1813 θεολογῆσαι.
1393 1766 1429 1803 εἰ
1454 1764 1523 1811 μὲν
1550 1763 1597 1811 δὴ
1624 1763 1717 1810 μετὰ

340 1814 409 1860 τὸ]
431 1815 678 1862 θεολογῆσαι,
701 1814 819 1851 ἔοικεν
840 1812 1012 1860 ἄνθρωπ.

251 1904 401 1928 canones
429 1894 610 1930 definiunt.
653 1894 731 1929 Hoc
746 1894 816 1929 illis
836 1898 972 1937 notum,
996 1894 1056 1941 qui
1074 1893 1110 1929 in
1130 1893 1174 1928 iis
1190 1892 1323 1928 versati
1339 1895 1429 1927 sunt.
1462 1890 1656 1934 Quinetiam
1675 1902 1718 1925 ne

250 1939 287 1974 in
311 1940 407 1986 leges
433 1941 563 1986 patrias
590 1940 755 1976 curiosius
783 1941 1034 1986 inquireretur,
1068 1952 1157 1976 neve
1184 1939 1342 1982 termini,
1365 1950 1451 1985 quos
1472 1938 1521 1973 ini
1553 1937 1720 1973 ecclesiae

254 1987 469 2032 posuissent,
493 1991 730 2031 moverentur,
755 1988 799 2022 ab
815 1988 935 2022 iisdem
960 1986 1125 2022 Patribus
1144 1990 1279 2021 cautum
1300 1986 1535 2030 sancitamque
1561 1990 1635 2019 estz
1659 1996 1720 2018 ne-

253 2043 323 2077 que
350 2032 389 2067 id
415 2033 535 2078 opinor
556 2033 733 2080 quisquam
757 2033 985 2077 inficiabitur,
1010 2033 1076 2068 nisi
1096 2033 1157 2079 qui
1176 2033 1286 2078 gratis
1301 2033 1388 2067 velit
1405 2032 1581 2067 incurrere
1598 2031 1635 2065 in
1656 2041 1720 2076 pu-

252 2078 363 2112 blicos
386 2079 495 2121 risus,
521 2081 626 2125 quive
648 2081 828 2115 eorundem
849 2079 988 2115 Patrum
1007 2079 1301 2115 exsecrationibus
1319 2079 1467 2123 obligari
1493 2090 1559 2113 non
1576 2079 1722 2123 perhor-

254 2128 382 2160 rescat.
427 2126 711 2161 Absurdissimum
735 2138 819 2161 sane
841 2126 948 2161 fuerit
968 2127 1210 2173 Pythagoreos
1239 2124 1482 2172 quinquennali
1505 2125 1645 2170 linguae
1673 2123 1722 2158 si-

255 2170 384 2212 lentio,
409 2171 508 2205 animi
531 2178 645 2208 autem
660 2172 822 2218 obsequio
841 2172 945 2218 longe
961 2173 1189 2215 diuturniori,
1213 2172 1366 2218 magistri
1391 2171 1445 2206 sui
1469 2171 1630 2216 dogmata
1658 2182 1722 2216 ap-

254 2217 441 2263 probasse3
463 2229 526 2252 nos
550 2230 651 2261 vero,
675 2225 794 2254 sancta
810 2218 992 2264 Evangelii
1013 2220 1194 2265 disciplina
1220 2231 1241 2254 a
1266 2230 1373 2265 puero
1402 2218 1601 2259 institutos,
1632 2217 1724 2251 nolle

256 2262 346 2298 citra
368 2263 467 2298 ullam
496 2264 726 2300 curiositatem
748 2265 887 2300 Patrum
907 2266 1055 2302 decretis
1077 2278 1119 2301 ac
1143 2264 1368 2312 praescriptis
1384 2269 1488 2300 stare.
1536 2264 1625 2298 Illud
1644 2263 1726 2309 qui-

256 2309 334 2353 dem
360 2320 403 2344 ex
427 2314 463 2344 te
488 2309 608 2345 lubens
628 2310 852 2357 quaesierim,
877 2318 989 2348 utrum
1015 2314 1100 2348 istos
1118 2317 1217 2359 putes
1245 2312 1310 2357 [ea
1325 2310 1499 2352 sanxisse,
1521 2321 1592 2345 rem
1612 2310 1725 2356 ipsam

257 2355 405 2391 nondum
424 2360 601 2402 expertos,
625 2368 669 2391 an
688 2361 866 2403 postquam
886 2359 1019 2405 experti
1038 2359 1196 2394 fuissent.
1242 2357 1282 2392 Si
1311 2369 1370 2392 eos
1397 2357 1532 2401 censes]
1558 2357 1654 2402 prius
1681 2356 1725 2390 de

258 2401 334 2437 Deo
358 2402 571 2449 disputasse,
599 2403 736 2447 [deinde
761 2402 929 2450 disputari
949 2406 1104 2440 vetuisse
1114 2406 1140 2450 3]
1163 2405 1189 2439 ii
1207 2416 1278 2439 rem
1297 2404 1452 2439 humanis
1473 2403 1605 2438 viribus
1623 2403 1725 2438 altio-

258 2459 352 2491 rem,
375 2453 412 2484 et
437 2460 551 2484 eorum
579 2449 638 2495 qui
664 2450 716 2484 sic
740 2457 864 2496 sponte
883 2452 1155 2497 aggrederentur
1181 2451 1313 2485 animae
1338 2449 1518 2485 immortali
1538 2449 1725 2496 periculum

259 2498 370 2529 morte
393 2495 470 2541 ipsa
497 2495 637 2541 gravius
666 2496 861 2540 allaturam,
892 2499 1055 2533 videntur
1079 2497 1264 2533 iudicasse:
1287 2509 1329 2532 ac
1356 2497 1497 2539 iisdem,
1522 2501 1602 2542 post
1619 2507 1727 2541 expe-

259 2540 418 2576 rientiam
433 2541 652 2585 iubentibus,
675 2547 775 2578 tanto
793 2543 901 2589 magis
919 2556 1009 2579 nunc
1026 2543 1261 2580 obediendum.
1308 2543 1371 2578 Sin
1389 2548 1571 2588 antequam
1590 2541 1726 2588 experti

261 2587 432 2630 fuissent,
455 2599 496 2623 eo
521 2588 630 2634 magis
651 2600 732 2632 uos,
756 2590 815 2635 qui
838 2591 943 2625 rudes
961 2603 1074 2626 sumus
1098 2595 1134 2626 et
1164 2590 1297 2625 minime
1315 2589 1565 2635 intelligentes,
1590 2593 1727 2635 oportet

261 2644 379 2668 earum
395 2646 528 2677 rerum,
552 2647 642 2681 quae
664 2635 873 2671 intellectum
902 2643 1088 2683 superant,
1112 2635 1358 2682 experientiam
1382 2636 1586 2678 formidare,
1610 2647 1725 2671 exem-

261 2680 321 2725 plo
341 2680 487 2723 illorum,
504 2682 563 2727 qui
579 2682 637 2716 vel
653 2687 734 2717 ante
748 2682 875 2717 factum
894 2684 1079 2729 periculum
1095 2683 1198 2728 longe
1214 2682 1313 2717 nobis
1331 2682 1557 2729 sapientiores
1572 2682 1726 2722 fuerunt,

262 2726 521 2773 cavendumque
545 2732 619 2771 est,
641 2740 684 2763 ne
702 2727 738 2763 in
763 2729 970 2775 theologiam
997 2731 1050 2765 sic
1074 2735 1202 2766 temere
1225 2729 1437 2772 insilimus,
1459 2734 1499 2764 ut
1517 2728 1668 2776 pecudes
1691 2726 1727 2761 in

261 2782 402 2817 pascua.
448 2774 598 2809 Perinde
615 2774 745 2821 quippe
758 2775 884 2818 fuerit,
911 2788 953 2812 ac
971 2777 1002 2811 si
1023 2777 1175 2812 homines
1193 2775 1331 2818 decem,
1352 2775 1412 2822 qui
1435 2777 1531 2811 caeci
1549 2773 1622 2810 nati
1645 2772 1726 2813 sint,

263 2818 434 2855 advocata
449 2820 634 2863 concione,
658 2821 702 2856 de
724 2821 799 2858 eius
818 2822 929 2864 telae,
953 2835 1052 2870 quam
1079 2834 1164 2870 prae
1182 2821 1339 2859 manibus
1364 2823 1536 2865 habeant,
1558 2819 1727 2857 coloribus
