1794 3172
297 131 431 181 1060
709 138 1026 185 NICEPHom
1047 97 1381 185 -GaseoRAE

73 261 112 295 A.
125 260 172 296 M.
189 259 281 298 6859
294 249 546 309 ὄφλισκαίνει
572 249 645 294 τὸν
674 252 749 306 τῆς
772 245 969 307 αῗσχύνης
1003 248 1164 308 ἔλεγχον
1199 251 1267 294 καὶ
1295 254 1580 309 μεσημβρινῆς
1606 251 1771 304 ἀκτῖνος

130 305 236 345 Ind'4
293 320 647 379 περιφανέστερον.
694 317 813 380 ἡλίου
840 319 919 378 γὰρ
940 319 1015 376 τὴν
1032 321 1108 376 μὲν
1133 320 1278 364 οὐσίαν
1305 320 1419 380 αὐτῷ
1443 321 1622 381 οὐρανίῳ
1648 324 1770 380 ἐγκα-

292 384 479 446 θιδρύων
521 386 664 446 ἐδάφει
697 388 774 444 τὴν
814 388 1010 448 ἐνέργειαν
1045 389 1176 434 αὐτοῦ
1208 390 1388 434 κατιέναι
1416 398 1638 448 συγχωρεῖς
1665 392 1770 450 πρὸς

256 457 420 515 Εὴμᾶς,
454 456 647 501 ἄνοῦσιον
667 458 772 501 καθ’
797 456 949 516 ἑαυτὴν
959 492 973 514 ,
1007 459 1152 504 οὐσίαν
1171 460 1246 515 μὲν
1267 459 1339 503 τὸν
1358 458 1476 516 ἡλίου
1499 462 1640 504 δίσκον
1664 461 1772 504 ἀπο-

293 525 560 586 φαινόμενος·
597 527 796 585 ἐνέργειαν
818 529 864 572 δὲ
881 527 1099 584 ἀνούσιον,
1136 530 1288 573 ἐκείνου
1314 529 1361 573 τὸ
1393 535 1495 587 φῶς.
1543 531 1665 588 ἐχρῆν
1695 525 1794 587 miv-5

294 614 361 641 σοι
390 593 584 641 δεικνύειν
611 595 813 655 πρότερον
835 599 933 654 μὲν,
971 601 1006 642 εἷ
1031 600 1098 642 καὶ
1118 605 1204 650 τοῖς
1227 606 1375 657 σοφοῖς
1401 597 1666 650 διδασκάλοις
1698 604 1774 656 τῆς

294 668 535 723 ἐκκλησίας,
576 667 622 710 οἳ
651 667 727 711 σὺν
757 666 960 727 ἐπιστήμῃ
997 669 1182 726 λέγουσιν
1212 667 1239 711 ἃ
1270 669 1456 726 λέγουσι,
1492 670 1702 725 νομίζεταί
1731 687 1774 713 τε

294 738 364 780 καὶ
390 739 583 781 συνδοκεῖ
607 737 659 780 τὰ
692 742 889 782 τοιαῦτα·
926 736 1027 782 εἶναι
1062 738 1222 795 δηλαδὴ
1253 738 1328 782 τὸν
1354 739 1430 794 μὲν
1457 740 1598 782 δίσκον
1628 739 1774 783 οὐσίαν

140 808 182 846 P.
201 809 270 847 667
294 805 439 863 ἡλίου·
475 806 523 850 τὸ
551 807 596 850 δὲ
628 811 741 865 φῶς,
779 805 974 852 ἄνούσιον
999 808 1199 866 ἐνέργειαν
1240 810 1308 851 καὶ
1347 806 1523 863 δύναμιν
1563 810 1632 852 καὶ
1665 825 1774 863 συμ-

291 875 471 933 βεβηκὸς
498 878 554 927 εἷς
583 874 695 933 ἡμᾶς
725 879 913 936 ἐνεργοῦν
939 879 1048 939 ῗδίᾳ,
1087 880 1155 922 καὶ
1176 879 1306 936 χωρὶς
1330 875 1596 934 ὑποκειμένης
1630 878 1794 929 οὐσίας]

296 944 599 1003 συγκατιούσης
628 945 745 1004 ἄχρις
762 945 903 1003 ἡμῶν·
942 947 1080 991 ἔπειτα
1102 946 1296 992 δεικνύειν
1325 949 1393 991 καὶ
1420 950 1457 991 εἴ
1489 947 1691 1001 δυνατὸν,
1730 949 1775 991 ἐκ

297 1020 383 1060 τῶν
403 1017 621 1071 αι’σθητῶν
640 1018 707 1060 καὶ
729 1014 880 1060 ὖλικῶν
908 1017 1060 1061 οὐσιῶν
1081 1017 1262 1076 ἀκριβεῖς
1289 1015 1543 1073 καταλήψεις
1565 1015 1775 1060 δύνασθαι

298 1087 486 1143 γίνεσθαι
514 1089 596 1129 τῶν
615 1084 848 1141 ἀσωμάτων
871 1088 940 1130 καὶ
959 1090 1144 1143 νοητῶν,
1175 1088 1243 1130 καὶ
1265 1085 1352 1142 ἅμα
1368 1091 1445 1143 τῆς
1463 1084 1621 1130 τούτων
1640 1084 1776 1130 ἁπάν-

297 1171 383 1199 των
411 1155 591 1199 ἐπέκεινα
620 1157 742 1206 θειάς
774 1155 943 1210 οὐσιάς,
989 1155 1040 1212 ’ἣν
1073 1154 1176 1213 ὑπὲρ
1204 1161 1286 1199 πᾶν
1314 1154 1446 1211 ὄνομά
1474 1174 1518 1199 τε
1549 1158 1617 1199 καὶ
1640 1154 1778 1212 νόημα

296 1228 381 1269 τῶν
403 1222 528 1282 ἁγίων
554 1222 756 1280 ἀκούομεν
778 1224 902 1269 εἶναι·
939 1225 992 1268 τὰ
1016 1225 1059 1268 δ’
1083 1227 1124 1268 ἐν
1147 1230 1205 1284 τῷ
1228 1227 1351 1269 παντὶ
1371 1223 1640 1283 θεωρούμενα
1662 1223 1794 1268 θαύ-.’

262 1297 416 1351 Βματα
444 1298 528 1337 τῶν
553 1297 804 1351 θεολογικῶν
833 1292 1048 1349 ὅνομάτων
1080 1294 1155 1351 τὴν
1181 1293 1285 1350 ὕλην
1317 1292 1498 1348 διδόναι,
1533 1295 1591 1338 δι’
1618 1289 1674 1338 ῶν
1702 1311 1777 1338 σο-

300 1364 405 1422 φὸν,
443 1363 646 1417 δυνατὸν,
676 1364 863 1420 ἀγαθὸν,
894 1362 1035 1420 ἅγιον,
1068 1362 1274 1421 μακάριόν
1294 1381 1338 1408 τε
1359 1366 1428 1421 καὶ
1448 1364 1602 1419 ἀίδιον,
1635 1365 1776 1422 κριτὴν

301 1435 368 1476 καὶ
389 1437 574 1489 σωτῆρα,
599 1435 666 1476 καὶ
687 1433 740 1476 τὰ
759 1437 947 1485 τοιαῦτα,
971 1430 1325 1488 κατονομάζομεν·
1361 1432 1464 1491 ἅπερ
1486 1432 1637 1487 πάντα,
1660 1432 1778 1477 ποιό-

301 1500 410 1559 τητά
433 1519 525 1546 τινα
542 1507 741 1560 βραχεῖαν
761 1507 835 1546 τοῦ
858 1503 977 1546 θείου
998 1500 1133 1560 μύρου
1155 1500 1424 1556 ἐνδεικνύντα,
1447 1500 1474 1558 ἦ
1494 1508 1609 1546 πᾶσα
1631 1505 1774 1555 κτίσις,

301 1572 372 1616 διὰ
403 1577 487 1616 τῶν
514 1572 857 1630 ἐνθεωρουμένων
888 1570 1148 1628 θαυμάτων,
1196 1570 1367 1623 σκεύους
1397 1572 1508 1623 τινὸς
1543 1576 1794 1630 μυρεψικοῦξ

302 1643 442 1698 δίκην,
481 1642 523 1686 ἐν
555 1639 682 1700 ἑαυτῇ
714 1639 967 1698 ἀπεμάξατο.
1016 1643 1084 1685 καὶ
1116 1639 1138 1686 ὅ
1171 1639 1274 1699 ὐπέρ
1316 1646 1399 1686 πᾶν
1428 1640 1560 1698 ὄνομα
1589 1641 1645 1686 ὢν
1679 1640 1778 1698 ἡμῖν

147 1720 192 1757 V.
212 1721 283 1758 538
306 1709 580 1768 πολυώνυμος
606 1712 780 1770 γίνεται,
816 1711 922 1772 κατὰ
951 1710 1026 1763 τὰς
1045 1715 1128 1756 τῶν
1146 1710 1381 1769 εὐεργεσιῶν
1400 1712 1600 1763 ποικιλίας
1622 1711 1778 1767 ὄνομα·

302 1836 375 1859 sam
391 1823 507 1870 ponit,
531 1823 562 1858 is
582 1835 739 1869 magnum
757 1823 950 1870 imperitiae
966 1835 1048 1859 suae
1072 1826 1307 1868 argumentum
1333 1822 1500 1869 praebet:
1525 1826 1561 1858 et
1588 1823 1693 1858 multo
1715 1822 1779 1857 de·-

302 1871 430 1905 decore
459 1871 583 1916 dignus
609 1877 664 1905 est
687 1871 942 1917 ignominiaque
967 1870 1190 1915 turpissima,
1220 1881 1307 1915 quae
1330 1869 1539 1903 meridianae
1565 1870 1650 1904 lucis
1679 1869 1778 1904 radio

302 1917 429 1952 clarius
453 1921 585 1962 pateat.
634 1918 707 1952 Iam
731 1924 815 1953 'vero
843 1922 906 1959 tu,
931 1929 1006 1951 cum
1027 1916 1254 1950 substantiam
1275 1915 1358 1950 solis
1385 1915 1420 1949 in
1443 1916 1585 1951 caelesti
1611 1916 1682 1950 solo
1705 1916 1779 1950 col-

302 1963 421 2005 loces,
445 1963 519 1997 eius
545 1964 706 1999 virtutem
724 1976 784 1999 seu
805 1963 1057 2009 operationem,
1085 1974 1176 2008 quae
1206 1974 1267 2008 per
1298 1974 1337 1997 se
1363 1961 1498 1996 minime
1521 1962 1710 2005 subsistat,
1734 1962 1780 1997 ad

303 2022 366 2044 nos
385 2021 494 2055 usque
524 2010 734 2046 descendere
758 2010 930 2044 concedis.
987 2009 1139 2044 Solarem
1167 2021 1289 2054 nempe
1308 2009 1424 2043 orbem
1447 2009 1671 2043 substantiam
1702 2021 1781 2044 esse

304 2056 532 2102 pronuncias;
556 2057 630 2091 eius
649 2062 764 2091 autem
783 2056 914 2097 lumen,
939 2055 1102 2090 virtutem
1121 2068 1182 2090 seu
1204 2056 1439 2101 operationem
1459 2067 1538 2090 esse
1564 2055 1699 2090 minime
1718 2066 1780 2101 per

306 2115 345 2137 se
372 2103 613 2138 subsistentem
640 2103 772 2138 definis.
821 2103 1009 2137 Declarare
1033 2102 1151 2147 itaque
1174 2102 1284 2149 primo
1305 2102 1476 2144 debebas,
1502 2113 1579 2136 num
1607 2102 1782 2147 sapientes

307 2148 476 2184 ecclesiae
491 2149 668 2192 doctores,
692 2149 752 2195 qui
771 2148 858 2183 nibil
874 2149 1005 2190 dicunt,
1029 2149 1124 2194 quod
1140 2160 1206 2183 non
1225 2149 1271 2183 sit
1289 2160 1363 2183 cum
1382 2147 1530 2183 scientia
1549 2148 1779 2191 coniunctum,

305 2195 358 2229 ita
378 2206 516 2240 quoque
537 2196 705 2238 sentiant;
729 2195 894 2230 videlicet
911 2195 1137 2230 substantiam
1160 2195 1242 2230 solis
1269 2207 1346 2230 esse
1374 2195 1487 2240 ipsius
1512 2195 1646 2237 orbem3
1670 2195 1781 2229 lumen

308 2245 423 2277 autem
446 2242 556 2276 solare
576 2254 653 2277 esse
672 2242 906 2288 operationem
928 2242 1063 2277 minime
1079 2254 1143 2288 per
1164 2254 1202 2276 se
1222 2242 1483 2283 subsistentem,
1509 2242 1697 2286 potentiam
1709 2266 1720 2283 ,
1746 2245 1783 2276 et

309 2287 470 2323 accidens
485 2288 577 2333 quod
596 2300 689 2323 suam
709 2289 746 2323 in
763 2299 825 2323 nos
842 2288 911 2323 vim
932 2300 1085 2323 seorsum
1111 2288 1259 2330 exserit,
1282 2288 1335 2322 ita
1354 2292 1393 2322 ut
1415 2287 1571 2322 subiecta
1590 2287 1784 2322 substantia

310 2346 386 2370 cum
403 2347 444 2370 eo
466 2335 510 2369 ad
529 2346 591 2369 nos
610 2346 719 2380 usque
737 2346 803 2369 non
822 2334 1018 2370 descendat.
1064 2335 1221 2370 Secundo
1246 2334 1487 2368 declarandum
1515 2333 1579 2367 tibi
1605 2334 1784 2368 incumbe-

309 2382 393 2423 bat,
415 2393 495 2417 num
513 2392 556 2416 ex
573 2381 803 2415 materialibus
819 2385 854 2415 et
871 2381 1089 2417 sensibilibus
1107 2380 1311 2415 substantiis
1334 2384 1527 2415 accuratam
1546 2380 1685 2414 haurire
1702 2392 1784 2425 pos-

311 2428 416 2463 simus
433 2427 715 2473 incorporearum
734 2431 770 2462 et.
787 2427 1030 2463 insensibilium
1058 2427 1325 2463 substantiarum
1349 2426 1598 2472 cognitionem,
1629 2431 1665 2461 et
1686 2425 1785 2460 simul

311 2474 451 2510 divinae
474 2473 566 2509 illius
587 2474 821 2516 substantiae,
845 2486 936 2520 quae
960 2486 1074 2510 omnes
1092 2474 1170 2508 illas
1189 2476 1350 2518 superat,
1373 2484 1542 2519 quamque
1561 2484 1668 2518 super
1687 2483 1784 2507 omne

310 2532 434 2556 nomen
451 2524 489 2556 et
508 2531 639 2555 omnem
658 2520 869 2555 intellectum
893 2533 970 2556 esse
990 2521 1199 2556 audivimus:
1223 2519 1275 2554 ita
1290 2523 1330 2553 ut
1346 2530 1572 2564 quaecunque
1591 2519 1627 2553 in
1643 2519 1709 2553 hac
1725 2530 1784 2553 re·

310 2578 386 2602 rum
410 2567 639 2602 universitate
657 2567 914 2612 conspiciuntur
931 2568 1114 2609 miracula,
1137 2565 1405 2611 theologicorum
1425 2565 1601 2601 materiam
1619 2565 1785 2610 suppedi-

287 2648 290 2651 .
310 2617 388 2648 tent
412 2614 603 2656 nominum,
627 2624 649 2647 a
668 2614 794 2659 quibus
814 2613 1022 2659 sapientem,
1046 2617 1237 2660 potentem,
1263 2613 1408 2654 bonum,
1433 2616 1608 2653 sanctum,
1634 2613 1783 2653 beatum,

311 2665 507 2703 aeternum,
537 2659 707 2702 iudicem,
731 2664 962 2702 servatorem,
993 2664 1061 2696 etc.
1094 2660 1205 2694 Deum
1226 2659 1493 2693 denominamus.
1559 2658 1608 2692 Et
1646 2657 1784 2703 quidem

307 2706 396 2742 haec
423 2708 534 2742 omnia
561 2707 717 2752 (quibus
738 2705 862 2750 exigua
883 2706 993 2741 divini
1016 2706 1185 2751 unguenti
1213 2705 1363 2750 qualitas
1386 2704 1660 2748 demonstratur)
1684 2715 1785 2738 crea-

307 2757 387 2788 tura
407 2753 584 2799 quaelibet
607 2763 671 2798 per
701 2751 949 2797 adspectabilia
973 2753 1089 2788 mundi
1114 2752 1299 2793 miracula,
1323 2750 1542 2796 unguentarii
1565 2749 1662 2784 vasis
1685 2749 1785 2784 adin-

308 2803 404 2841 star,
426 2800 464 2834 in
485 2812 524 2834 se
543 2800 623 2846 ipsa
640 2799 823 2844 expressit.
869 2799 917 2832 Et
938 2799 991 2841 ei,
1015 2799 1074 2844 qui
1097 2810 1203 2845 super
1228 2809 1326 2832 omne
1350 2808 1470 2832 nomen
1493 2799 1569 2838 est,
1593 2796 1700 2830 multa
1720 2805 1782 2841 pro

307 2845 551 2887 beneficiorum
571 2845 644 2883 eius
662 2844 834 2882 varietate
857 2844 1003 2883 indimus
1019 2845 1163 2882 nomina.
1211 2845 1297 2881 Cum
1318 2842 1535 2891 ignorantiae
1565 2846 1706 2879 nostrae
1730 2846 1784 2877 te-
