1794 3172
382 140 705 195 iflSToRIAE
733 149 1111 196 BYZANTINAE
1142 150 1259 195 xm.
1287 158 1326 200 9.
1502 146 1602 194 669

109 266 194 306 τῶν
223 258 435 319 ἐπισήμων
456 259 514 304 ἑνὶ
535 261 753 318 παραδούς
785 262 849 304 ε’πὶ
876 261 1083 320 Βέῤῥοιαν
1109 257 1304 317 {infirmes
1329 260 1604 320 παραγγείλας
1626 274 1663 307 A.
1673 275 1711 307 c.
1730 270 1794 308 134

109 332 205 389 ἄχρι
238 336 365 390 τριῶν
409 333 495 374 ἐκεῖ
525 332 855 389 παραδείξαντας
885 330 1060 382 ἑαυτοὺς
1098 329 1263 388 ἡμερῶν
1297 330 1374 387 τὴν
1404 319 1794 402 ταχίστηνῐωῗέθῐοοι·ξ1

108 402 330 445 ἐπανιέναι.
370 400 419 445 οὗ
444 400 523 458 γὰρ
551 399 786 458 δράσοντάς
812 418 853 443 τι
874 408 1058 457 γενναῖον
1084 405 1197 458 σφᾶς
1227 399 1479 459 ἐπεπόμφει·
1516 408 1601 446 τῶν
1735 391 1743 400 ⁸

105 471 188 528 γὰρ
225 469 451 527 ἀμηχάνων
467 468 512 513 ’ἓν
541 469 671 514 ἐδόκει
693 470 815 514 τοῦτ’
847 470 984 530 αὐτῷ·
1020 470 1119 514 ἀλλ’
1143 470 1244 514 ὅσον
1261 470 1322 527 μὴ
1342 476 1599 528 φωραθῆναι

71 540 187 596 δτὴν
210 539 362 584 τούτου
393 542 548 584 δειλίαν
580 547 669 591 τοῖς
701 541 919 590 πλείστοις.
957 545 1034 584 τοῦ
1049 538 1128 599 γάρ
1148 558 1211 584 τοι
1229 539 1424 599 θράσους
1447 540 1637 604 ἀνδριάΕ

104 611 173 652 καὶ
193 608 329 668 τόλμῃ
346 613 546 668 πολεμικῇ
581 617 783 653 συνοικεῖν
814 609 978 666 οὐδαμῆ
1010 611 1240 666 δυναμένου
1250 645 1264 664 ,
1303 615 1391 661 πῶς
1426 609 1479 653 ἂν
1517 612 1596 654 αὖ·

103 679 199 732 τὸς,
233 679 396 735 μακρὸν
426 680 503 734 μὲν
536 681 580 722 ἕν
605 685 657 737 τῇ
690 677 852 737 γλώττῃ
881 679 927 723 τὸ
957 677 1125 737 θράσος
1156 680 1282 735 ἔχων,
1330 674 1596 738 μακροτέραν

105 749 151 792 δ’
179 750 223 792 ἓν
242 753 293 806 τῇ
314 753 431 806 ψυχῇ
450 749 528 805 τὴν
556 751 731 802 δειλίαν,
767 750 1088 806 γεγυμνωμένοις
1109 751 1265 807 ξίφεσιν
1292 750 1319 806 ἢ
1339 748 1466 800 αὐτός
1482 753 1594 795 ποθ’

105 816 360 874 ὁμιλήσειεν,
408 817 436 875 ἢ
480 819 651 863 πείσειεν
680 818 857 875 ἄλλους;
908 823 1071 862 θᾶττον
1097 818 1252 874 μεντᾶν
1283 824 1359 862 τοῦ
1399 818 1595 875 σώματος

48 895 95 930 10
105 888 468 946 ἀποῤῥηὶψυμὲνην
485 886 687 932 θεάσαιτο
704 889 781 945 τὴν
798 888 964 944 ψυχὴν,
1002 887 1029 945 ἢ
1051 888 1385 947 συῤῥηγνυμείὀυ
1410 891 1596 945 πολέμου

102 956 290 1015 πάταγον
311 956 450 1002 ὅπλων
478 956 700 1002 ἀκούσειεν.
773 957 865 1018 (Γ.)
896 959 1006 1001 Ἐπεὶ
1033 960 1173 1002 τοίνυν
1200 958 1630 1019 πεπαρῥησιασμένῃῐδ

100 1026 216 1085 μα’χῃ
236 1027 310 1072 τὸν
331 1028 525 1083 πολέμιον
545 1028 620 1071 οὐκ
644 1030 739 1084 ε’νῇν
758 1026 1121 1085 κατεργάσασθαι,
1159 1028 1264 1086 πρὸς
1283 1029 1361 1079 τὰς
1387 1030 1429 1072 ἓν
1452 1036 1592 1088 κρυφῇ

102 1095 302 1154 συνήθεις
338 1093 466 1148 αὖθις
504 1097 653 1153 ἔβλεψε
688 1098 880 1154 μηχανὰς
921 1100 990 1141 καὶ
1029 1098 1128 1149 τούς
1154 1101 1391 1155 λαθραίους
1423 1097 1585 1150 δόλους.

101 1166 275 1224 κάπειδή
294 1183 337 1223 γε
370 1165 535 1224 ἠκηκόει
562 1167 638 1224 τὴν
657 1169 864 1223 βασιλέως
882 1169 1014 1211 οἰκίαν
1041 1167 1142 1212 εἶναι
1161 1169 1276 1224 παρὰ
1293 1168 1342 1212 τὸ
1361 1176 1494 1225 τεῖχος
1513 1175 1590 1226 τῆς

45 1245 92 1280 15
104 1228 261 1288 πόλεως
280 1236 398 1280 ἔνδον
411 1251 421 1261 ·
441 1237 524 1295 ἀφ’
547 1231 599 1294 ἧς
618 1235 778 1289 ἐξιόντα
794 1238 868 1282 τὸν
883 1238 1059 1293 βασιλέα
1079 1240 1170 1295 περὶ
1189 1239 1322 1293 με’σας
1339 1256 1421 1281 που
1435 1237 1588 1290 νύκτας
1650 1271 1653 1273 -

97 1307 390 1362 μεμονωμένον
426 1325 471 1351 τε
510 1310 579 1350 καὶ
610 1306 850 1366 ἀφύλακτον
894 1305 952 1358 ὥς
990 1308 1044 1351 τὰ
1080 1308 1216 1352 πολλὰ
1250 1316 1507 1367 περισκοπεῖν
1541 1311 1587 1353 ἔκ

98 1381 185 1420 τῶν
206 1375 415 1428 ἐπάλξεων
426 1411 441 1430 ,
479 1379 515 1420 εἷ
535 1378 684 1421 ε’πιόιεν
703 1377 860 1430 ἔξωθεν
880 1378 924 1421 αἶ
941 1382 1026 1421 τῶν
1045 1377 1281 1422 ἀντιπάλων
1303 1376 1498 1433 δυνάμεις
1517 1381 1585 1422 καὶ
1596 1385 1636 1420 Ρ.
1646 1384 1715 1423 418

99 1445 212 1497 ὅπως
242 1445 294 1490 ἂν
323 1444 601 1505 ἐγρηγόρσεως
629 1447 756 1504 ἔχοιεν
788 1449 829 1491 οἳ
854 1447 932 1504 τὴν
951 1446 1071 1491 πόλιν
1101 1448 1273 1492 ἔνδοθεν
1291 1453 1584 1507 φρουροῦντες,

100 1514 191 1560 ὅσοι
209 1534 253 1560 τε
276 1516 351 1567 τὰς
372 1516 479 1560 κατὰ
496 1518 628 1574 με’σην
648 1517 725 1574 τὴν
753 1516 872 1561 πόλιν
890 1518 1054 1561 ἔνοπλοι
1088 1516 1307 1576 περιῄεσαν
1335 1518 1482 1574 ἀγυιὰς
1513 1521 1582 1561 καὶ
1592 1532 1635 1568 V,
1647 1533 1716 1570 339

43 1584 195 1631 Ξοὸσοι
224 1584 362 1629 πάντα
389 1584 546 1644 πύργον
574 1588 643 1630 καὶ
677 1592 761 1630 πᾶν
791 1585 1038 1644 ἦμιπύργὶον
1067 1586 1407 1644 διαλαγχάνοντες
1425 1596 1584 1645 φωναῖς

99 1654 424 1711 ἀλλεπαλλήλοις
450 1656 503 1699 τὰ
520 1656 734 1714 νυκτερινοὶ
753 1661 1085 1714 παρεμετροῦντο
1105 1655 1368 1713 διαστήματα
1381 1671 1391 1681 ·
1426 1661 1585 1701 πολλοῦ

97 1742 212 1776 τινος
231 1726 399 1782 ε’πριάτο
420 1730 582 1781 μισθοῦ
606 1730 691 1770 τῶν
710 1725 874 1784 εὐφυῶς
900 1724 1078 1782 ε’χόντων
1094 1731 1171 1783 τῆς
1189 1729 1354 1783 τοξικῆς
1371 1725 1583 1783 ἀσκήσεως

97 1795 170 1839 ἕνα
201 1795 317 1850 τινὰ,
367 1796 435 1838 καὶ
468 1800 616 1840 τοῦτον
653 1797 710 1847 εἷς
739 1795 945 1855 Βέῥροιαν
975 1796 1146 1853 πέμψας
1177 1797 1284 1840 κατὰ
1313 1797 1362 1840 τὰ
1403 1796 1582 1853 λεληθὸς

186 1914 224 1954 4.
244 1915 297 1963 μή
322 1916 421 1953 Boiv.
445 1929 510 1965 pro
525 1931 605 1965 μοι.

94 2020 282 2056 exercitum
298 2025 409 2057 autem
426 2014 484 2058 uni
503 2034 546 2057 ex
564 2022 771 2070 primoribus
786 2021 998 2058 commissum
1013 2023 1223 2058 Berrboeam
1243 2021 1357 2076 misit3
1382 2021 1578 2102 praecepit-

93 2079 183 2113 que,
206 2072 384 2114 postquam
399 2081 438 2103 se
459 2069 532 2104 illic
558 2081 620 2115 per
642 2075 715 2104 tres
733 2070 809 2104 dies
830 2076 1083 2112 ostentassent,
1104 2075 1145 2104 ut
1162 2070 1320 2105 redirent
1342 2081 1444 2115 quam
1466 2081 1507 2103 ce
1520 2080 1577 2103 er-

92 2114 192 2150 rime.
244 2115 328 2150 Non
357 2116 445 2150 enim
471 2122 514 2151 ut
540 2116 670 2162 aliquid
699 2116 869 2162 praeclari
896 2114 1073 2160 iacerent,
1104 2129 1164 2152 eos
1193 2116 1354 2158 miserat3
1394 2115 1455 2162 qui
1482 2115 1577 2149 nullo

92 2161 193 2196 modo
212 2160 294 2196 fieri
316 2161 352 2196 id
374 2174 477 2208 posse
500 2163 741 2205 existimabat3
765 2164 826 2198 sed
847 2169 886 2198 ut
909 2175 953 2199 ne
975 2176 997 2198 a
1015 2163 1190 2210 plerisque
1212 2163 1378 2198 timiditas
1406 2163 1483 2197 eius
1508 2162 1576 2196 de-

91 2208 375 2254 prehenderetur.
421 2209 608 2244 Enimvero
631 2211 662 2244 si
686 2211 778 2245 nulla
801 2222 880 2246 esse
899 2216 1018 2257 potest
1036 2210 1257 2255 arrogantiae
1274 2221 1350 2244 cum
1369 2207 1575 2244 fortitudine

92 2260 133 2290 et
148 2254 274 2290 bellica
293 2256 574 2301 magnanimitate
594 2257 762 2302 societas3
787 2257 955 2303 quomodo
975 2257 1046 2299 ille,
1070 2257 1125 2291 cui
1142 2262 1276 2291 tantum
1293 2256 1330 2290 iu
1340 2256 1460 2301 lingua
1475 2266 1575 2290 arro-

91 2301 235 2356 gantiae
259 2307 355 2344 erat,
387 2302 557 2344 inanimo
583 2309 696 2339 autem
724 2303 919 2338 timiditatis
942 2304 1046 2338 multo
1071 2304 1167 2350 plus,
1189 2303 1327 2338 nudatis
1351 2302 1491 2338 ensibus
1514 2307 1575 2335 aut

89 2359 169 2393 lpse
187 2348 411 2391 interfuisset,
430 2354 492 2383 ant
509 2349 586 2384 aliis
602 2354 642 2384 ut
655 2351 864 2385 interessent
878 2351 1134 2396 persuasisset?
1156 2350 1270 2384 Citius
1285 2350 1441 2396 profecto
1459 2359 1573 2383 erum-

90 2401 231 2441 pentem
256 2406 402 2441 corpore
421 2396 565 2431 animam
582 2397 751 2440 vidisset,
774 2409 874 2444 quam
891 2398 928 2432 in
948 2397 1030 2432 belli
1053 2397 1216 2432 conflictu
1238 2396 1386 2431 sonitum
1406 2394 1574 2430 audiisset

91 2452 283 2481 armorum„
320 2442 424 2487 (ΙΙΙ.)
444 2442 537 2484 Quia
556 2443 665 2488 igitur
681 2450 803 2490 aperto
822 2444 938 2479 Marte
956 2444 1085 2479 hostem
1106 2443 1296 2491 profligare
1311 2443 1403 2477 haud
1423 2446 1573 2487 poterat,-

90 2488 138 2522 ad
159 2499 240 2522 suus
257 2488 337 2522 illas
357 2489 470 2523 denuo
490 2492 643 2525 occultas
663 2496 756 2525 artes
779 2496 815 2525 et
833 2492 1000 2526 obscuros
1017 2491 1114 2525 dolos
1137 2490 1303 2537 respexit.
1347 2489 1397 2523 Et
1413 2499 1488 2523 cum
1512 2498 1574 2521 au-

92 2533 240 2569 divisset
262 2534 481 2580 imperatoris
498 2536 632 2571 domum
650 2537 750 2572 iuxta
769 2549 883 2572 muros
902 2538 1002 2572 sitam
1022 2537 1058 2572 in
1077 2538 1163 2572 urbe
1186 2548 1286 2579 aese,
1308 2547 1420 2581 eaque
1437 2534 1572 2569 solitum

89 2579 186 2615 illum
201 2582 322 2626 egredi
342 2582 436 2616 circa
453 2583 584 2617 medias
606 2589 726 2618 noctes
743 2585 862 2627 solum,
885 2596 927 2619 ac
942 2580 1142 2630 plerumque
1158 2582 1402 2618 incustoditum
1412 2595 1431 2623 ,*
1448 2586 1490 2616 ut
1503 2581 1573 2615 cir-

90 2627 323 2673 cumspiceret
345 2641 366 2663 e
389 2630 675 2675 propugnaculis,
703 2630 982 2677 exploraretque,
1002 2642 1080 2665 num
1098 2631 1314 2665 extrinsecus
1339 2629 1487 2664 hostium
1516 2639 1576 2662 co-

90 2672 172 2719 piae
194 2674 418 2720 ingruerent3
442 2682 479 2710 et
497 2688 565 2722 qua
585 2677 765 2722 vigilantia
790 2679 908 2712 urbem
928 2677 1022 2711 intus
1046 2677 1259 2712 custodirent
1282 2676 1361 2731 sivgg
1372 2675 1412 2718 ii,
1430 2674 1490 2721 qui
1510 2684 1576 2720 per

90 2720 211 2773 urbem
231 2721 375 2756 mediam
400 2723 522 2757 armati
544 2724 808 2759 obambulabant
834 2729 872 2759 et
891 2723 968 2758 vias
988 2723 1230 2766 circumibant,
1253 2723 1331 2757 sive
1350 2722 1390 2764 ri,
1413 2721 1473 2767 qui
1499 2726 1576 2756 tnr-

90 2772 156 2800 um
173 2766 367 2811 quamlibet}
387 2773 448 2803 aut
469 2769 672 2812 turriculam
691 2770 829 2813 sortiti,
854 2770 988 2806 crebris
1010 2771 1213 2805 clamoribus
1235 2782 1313 2805 sese
1338 2774 1457 2803 mutuo
1482 2767 1608 2814 com-0

91 2811 278 2858 pellentes,
301 2818 469 2850 nocturna
494 2816 678 2851 intervalla
699 2817 948 2859 metiebantur3
977 2828 1101 2864 magna
1126 2816 1283 2851 mercede
1304 2815 1472 2862 quendam
1493 2826 1578 2849 con·

90 2858 192 2894 ‘1¹¹¹st
205 2871 249 2894 0¹
270 2859 339 2903 iis,
354 2861 414 2908 qui
438 2861 647 2909 singularem
665 2863 796 2900 habent
818 2863 1095 2900 ad·tractandum
1118 2875 1234 2900 arcum
1252 2862 1515 2905 dexteritatem,
1538 2864 1576 2897 et
