1794 3172
265 117 366 166 882
684 120 1001 169 NICEPHORI
1028 120 1354 170 GREGORAE

44 242 82 276 A.
100 241 144 275 Μ.
161 239 253 278 6859
265 235 334 278 λοί
362 251 436 290 μοι
463 228 661 284 πολλάκις
696 230 1059 290 προσεληλυθότες
1097 237 1182 278 τῶν
1224 234 1350 293 ἀρετῇ
1379 231 1461 279 ’καὶ
1489 233 1647 280 συνέσει
1678 237 1748 281 καὶ

106 286 213 323 Ind'4
264 302 528 362 καθαρότητι
557 305 652 358 βίου
675 304 742 346 καὶ
766 304 942 355 πίστεως
963 302 1200 362 ὃρθοδόξου
1225 304 1544 361 διαλαμπόντων
1576 304 1748 364 δεύτερα

262 376 463 418 τίθεσθαι
502 372 636 417 τᾶλλα
666 390 718 428 με
747 371 998 430 ξυνιῦθησαν
1027 372 1194 417 ἅπαντα
1229 373 1544 432 κινδυνευούσης
1569 379 1645 432 τῆς
1677 377 1747 419 εὗ-

222 445 451 499 Εσεβείας’
488 444 702 499 ἐχεμυθεῖν
741 442 818 500 γὰρ
856 443 956 494 ἴσως
987 443 1120 487 ἐνίοτε
1160 443 1266 502 πρὸς
1295 444 1460 499 τᾶλλα,
1504 444 1573 488 διὰ
1604 447 1745 503 φιλίαν

259 513 552 572 χαριζομένους
570 514 701 562 ἐνίους
720 512 820 563 τούς
839 511 1076 570 γράφοντας
1097 512 1314 571 ἄφθογγον
1331 513 1516 571 γλώττης
1538 513 1741 572 πάροδον,
1753 519 1777 556 5

262 584 543 640 ἀνεπίφθονον
562 580 664 626 εἶναι
685 580 951 638 δοθήσεσθαι
971 582 1022 626 ἂν
1045 582 1145 634 ἴσως
1172 583 1276 641 πρὸς
1308 584 1448 639 ἐνίων,
1479 582 1569 628 ὅσοι
1591 586 1748 643 φιλίαις

261 650 475 703 τοιαύταις
510 650 718 709 ἡττῶνται
753 653 822 695 καὶ
863 651 1000 703 ἄλλως
1039 651 1253 711 ἂστόργως
1280 653 1383 709 ἔχειν
1413 651 1620 712 πεφύκασι
1643 654 1748 711 πρὸς

260 723 494 780 λοιδορίαν·
533 716 582 766 οὗ
617 723 661 765 δὲ
684 721 786 772 θεὸς
813 722 860 766 τὸ
898 721 1230 778 κινδυνευόμενον
1240 756 1254 777 ,
1297 723 1432 779 τᾶλλα
1463 724 1748 782 παρατρέχον-

260 810 337 844 τας
368 791 474 850 πρός
502 791 630 835 αὐτὸν
660 789 788 846 μόνον
808 791 994 846 βλέπειν,
1030 790 1206 850 πάτριον
1226 790 1328 836 εἶναι
1348 792 1483 850 δόγμα
1503 810 1547 836 τε
1571 795 1637 836 καὶ
1663 811 1749 837 πα-

107 868 149 903 Ρ.
171 866 239 904 555
265 861 484 921 ράγγελμα.
531 861 623 921 (Β.)
652 865 740 905 Τοῦ
764 860 843 918 γάρ
862 879 925 905 τοι
947 861 1380 924 βασιλέωςτετϊάρων
1400 862 1481 920 ἤδη
1497 864 1599 906 ἐτῶν
1620 865 1746 920 ἔπαγ-
1759 867 1794 904 1(

260 934 411 990 γελίαις
430 933 766 989 μετεωρίζοντος,
806 929 868 982 οἷς
888 930 1122 989 ἐνετύγχανε
1138 916 1322 987 ἷμιλῶν,
1362 931 1419 984 ὥς
1443 931 1639 988 βούλοιτο
1671 951 1749 976 κα-

262 1002 440 1058 θολικὴν
461 999 639 1045 σύνοδον
657 1006 933 1058 συγκροτῆσαι
945 1035 958 1055 ,
995 1003 1037 1044 ἐν
1055 996 1081 1059 ᾖ
1093 1036 1105 1054 ,
1139 1002 1245 1045 κατὰ
1264 1002 1311 1046 τὸ
1335 1007 1550 1061 κρατῆσαν
1574 1001 1749 1060 πάτριον

263 1071 390 1125 ἔθος,
423 1078 613 1129 παρεῖναι
650 1073 764 1114 δοκεῖ
789 1073 858 1114 καὶ
886 1072 986 1122 τοὺς
1020 1069 1248 1115 ἔκάστοθεν
1282 1076 1358 1128 τῆς
1393 1073 1632 1128 οἰκουμένης
1664 1090 1749 1116 πα-

111 1153 157 1189 V.
173 1150 242 1189 449
267 1139 467 1199 τριάρχας
495 1142 565 1184 καὶ
595 1138 864 1194 ἐπισκόπους,
896 1140 1102 1199 μετέωρον
1133 1137 1183 1198 ἦν
1218 1141 1266 1185 τὸ
1296 1145 1462 1198 πλῆθος
1488 1143 1620 1185 ἐλπίσι
1640 1160 1748 1198 χρη-

265 1218 384 1261 σταῖς
404 1208 696 1268 αἴωρούμενον.
736 1210 829 1267 ἄρτι
853 1211 896 1254 δ’
921 1209 1178 1267 ἐπιδημήσας
1208 1213 1252 1254 ἐκ
1277 1213 1586 1267 Θεσσαλονίκης
1605 1210 1626 1255 ὃ
1648 1216 1794 1255 Her-15

265 1285 428 1336 λαμᾶς,
466 1278 523 1331 ὥς
549 1280 729 1338 εἴρηται,
762 1281 880 1337 ἕτερα
911 1279 1015 1323 ἀνθ’
1048 1279 1197 1338 ἑτέρων
1220 1282 1421 1332 ξυνετίθει
1443 1299 1486 1325 τε
1509 1284 1575 1324 καὶ
1605 1282 1748 1339 ξυνέρ-

247 1352 395 1409 ,ῥαπτε
417 1350 646 1405 σκέμματα.
685 1348 740 1400 ὥς
756 1349 833 1407 γὰρ
856 1350 979 1408 ἔριον,
1004 1351 1071 1393 καὶ
1090 1350 1184 1393 εἴτι
1205 1354 1290 1393 τῶν
1309 1352 1586 1409 κουφοτέρων,
1616 1351 1751 1394 ἀστα-

225 1428 332 1464 Βτεΐ
350 1422 418 1463 καὶ
439 1419 593 1480 ῥαδίως
613 1419 750 1478 ἀνέμῳ
772 1422 895 1463 παντὶ
917 1420 1191 1477 συμφέρεται,
1228 1418 1337 1463 οὕτω
1363 1422 1431 1463 καὶ
1458 1415 1580 1471 οὗτος
1608 1418 1751 1464 καθά-

262 1493 346 1541 παξ
374 1487 528 1533 ἁλόντα
546 1493 598 1547 τῇ
622 1490 839 1550 δυσσεβεία
861 1484 935 1546 ἦγέ
958 1507 1002 1532 τε
1023 1491 1091 1532 καὶ
1116 1489 1233 1547 ἔφερε
1254 1483 1370 1544 μάλα
1399 1489 1553 1550 ῥαδίως
1576 1490 1648 1533 τὸν
1666 1495 1749 1545 βα-

264 1559 380 1604 σιλέα
399 1559 504 1618 πρὸς
528 1558 576 1602 τὸ
599 1556 865 1614 βουλόμενον.
905 1559 1023 1609 εῗδιὺς
1042 1554 1137 1613 οὖν,
1171 1557 1228 1610 ὥς
1247 1557 1439 1617 καθάπερ
1459 1562 1660 1618 νυκτερίσι
1681 1561 1748 1603 καὶ
1760 1566 1794 1602 2(

263 1631 411 1688 γλαυξὶ
439 1628 652 1686 βλαβερὰν
681 1628 757 1685 τὴν
793 1633 868 1672 τοῦ
904 1626 1024 1686 ἡλίου
1048 1627 1248 1684 λαμπάδα
1279 1631 1496 1685 συμβαίνει
1520 1631 1747 1687 γίγνεσθαι,

265 1701 333 1743 καὶ
361 1703 436 1755 τῆς
463 1703 548 1742 τῶν
577 1699 814 1756 ὀφθαλμῶν
844 1698 1062 1749 ἀσθενείας
1092 1698 1231 1742 αὐτῶν
1260 1698 1551 1758 ἀταλαίπωρον
1572 1699 1755 1756 ἔλεγχον,

265 1768 376 1813 οὕτω
394 1770 463 1812 καὶ
481 1769 556 1825 τὴν
587 1773 672 1813 τῶν
695 1766 915 1826 δογμάτων
939 1768 1070 1812 αὐτοῦ
1095 1766 1344 1828 σαθρότητα
1373 1773 1534 1825 μᾶλλον
1564 1768 1616 1813 ἂν
1641 1767 1749 1825 βλά-

357 1869 415 1905 13.
440 1866 520 1904 δέοι
538 1867 626 1904 coni.
645 1867 748 1903 Boiv.

270 1947 348 1982 dem
367 1947 411 1981 de
429 1960 468 1983 re
488 1949 558 1983 viri
577 1948 693 1991 multi,
717 1948 872 1992 virtute,
897 1948 1089 1994 sapientia,
1121 1948 1217 1983 vitae
1244 1947 1447 1994 integritate
1471 1950 1507 1983 et
1537 1948 1750 1983 orthodoxae

268 1994 354 2028 fidei
380 1994 581 2030 sinceritate
610 1997 783 2037 illustres,
815 1995 956 2041 saepius
987 2007 1040 2029 me
1063 2001 1318 2039 convenerunt,
1352 1999 1387 2029 et
1406 2000 1447 2029 ut
1465 1995 1626 2040 religioni
1656 1996 1751 2041 peri-

270 2040 408 2075 clitanti
430 2047 569 2076 caetera
597 2043 708 2076 omnia
728 2042 988 2088 posthaberem‚
1020 2042 1120 2076 enixe
1146 2041 1275 2076 hortati
1301 2046 1392 2077 sunt.
1440 2041 1580 2088 Quippe
1609 2042 1644 2076 in
1673 2042 1751 2076 aliis

270 2087 395 2128 rebus,
428 2087 458 2121 si
489 2089 623 2133 quando
649 2089 837 2134 scriptores
867 2088 998 2134 aliquid
1030 2088 1266 2130 dissimulent,
1291 2100 1331 2122 ac
1359 2089 1542 2130 nonnulla,
1569 2092 1608 2123 ut
1631 2089 1752 2123 amicis

271 2132 537 2178 gratificentur,
569 2135 705 2170 silentio
733 2139 975 2180 praetereant,
999 2135 1036 2170 id
1064 2136 1199 2180 quidem
1232 2135 1381 2169 fortasse
1408 2135 1540 2170 invidia
1565 2135 1752 2170 cariturum

272 2179 568 2226 condonatumque
593 2182 638 2216 iri
667 2183 711 2216 ab
737 2181 803 2223 iis,
836 2181 894 2227 qui
925 2181 1115 2216 istiusmodi
1141 2181 1301 2216 amicitiis
1333 2181 1471 2217 obnoxii
1503 2186 1540 2216 et
1562 2181 1606 2216 ad
1633 2182 1753 2216 convi-

271 2225 427 2260 tiandum
445 2227 579 2261 minime
598 2233 723 2263 natura
744 2239 805 2262 sua
825 2228 998 2274 proclives
1019 2228 1127 2263 futuri
1147 2229 1236 2262 sint:
1274 2228 1332 2263 ubi
1358 2233 1472 2263 autem
1493 2228 1681 2274 periculum
1706 2228 1751 2262 ad

272 2271 386 2307 Deum
411 2274 603 2318 pertineat,
634 2279 705 2310 tum
730 2286 792 2308 nos
820 2275 969 2317 debere,
1003 2275 1152 2310 caeteris
1182 2276 1285 2310 rebus
1311 2275 1502 2321 neglectis,
1535 2276 1625 2309 hunc
1649 2286 1751 2309 unum

272 2319 469 2364 respicere3
501 2324 605 2366 atque
628 2320 712 2355 illud
742 2332 819 2355 esse
846 2322 971 2366 dogma
993 2326 1029 2357 et
1052 2327 1274 2368 praeceptum
1301 2333 1322 2356 a
1351 2322 1551 2367 parentibus
1571 2321 1749 2356 traditum.

273 2365 360 2410 (Π.)
372 2366 457 2401 Cum
474 2366 661 2412 imperator
677 2372 835 2413 quartum
852 2368 918 2402 iam
931 2379 1051 2404 annum
1065 2381 1136 2412 eos,
1158 2380 1300 2414 quorum
1315 2368 1562 2403 consuetudine
1576 2368 1749 2410 utebatur,

272 2412 453 2457 promissis
471 2414 717 2460 suspenderet,
739 2414 829 2449 velle
844 2427 881 2449 se
899 2415 1062 2452 dictitans
1079 2416 1242 2462 generale
1259 2414 1437 2449 concilium
1457 2426 1668 2456 convocare,
1692 2414 1751 2448 cui

271 2458 381 2492 totius
395 2460 487 2494 orbis
504 2460 723 2506 patriarchae
740 2468 776 2495 et
796 2462 948 2507 episcopi
969 2462 1095 2507 singuli
1109 2473 1203 2497 more
1220 2461 1383 2496 maiorum
1406 2461 1635 2502 interessent,
1661 2473 1751 2506 pen-

273 2504 380 2540 debat
402 2506 528 2551 vulgus
555 2507 831 2554 exspectatione,
857 2509 945 2543 etin
962 2521 1056 2556 spem
1072 2510 1195 2544 bonam
1217 2508 1428 2553 erigebatur.
1473 2508 1632 2542 Pal-amas
1651 2519 1750 2549 vero,

272 2551 334 2596 qui
365 2552 422 2597 (ut
448 2552 614 2598 diximus)
647 2554 896 2589 Thessalonica
919 2556 1102 2590 novissime
1129 2555 1335 2597 advenerat,
1362 2554 1430 2588 alia
1450 2566 1492 2589 ex
1515 2554 1590 2588 aliis
1611 2554 1753 2599 excogi-

272 2598 373 2632 tabat
399 2603 435 2634 et
459 2600 728 2636 machinabatur.
774 2601 865 2636 Nam
886 2603 1167 2647 quemadmodum
1195 2602 1292 2643 lana,
1316 2600 1373 2635 vel
1399 2601 1430 2635 si
1456 2612 1526 2646 qua
1545 2612 1602 2635 res
1629 2601 1753 2642 levior,

272 2643 444 2680 instabilis
462 2651 517 2682 est
533 2651 570 2681 et
589 2646 744 2693 quolibet
760 2653 864 2682 vento
887 2647 989 2683 facile
1013 2649 1206 2695 abripitur,
1239 2648 1291 2682 ita
1319 2647 1376 2682 hic
1401 2658 1539 2693 quoque
1563 2647 1752 2692 imperato-

272 2702 368 2734 rem,
393 2693 496 2728 semel
520 2705 638 2728 errore
655 2693 883 2740 implicatum,
906 2696 1033 2740 agebat
1055 2696 1260 2740 ferebatque
1277 2694 1322 2728 ad
1347 2693 1524 2728 arbitrium
1544 2705 1651 2727 suum.
1688 2694 1754 2727 At-

273 2748 343 2782 que
361 2741 400 2772 ut
418 2740 720 2786 vespertilionibus
738 2745 774 2775 et
791 2740 924 2775 noctuis
945 2741 1027 2776 solis
1046 2742 1158 2776 lumen
1173 2740 1310 2775 noxium
1336 2745 1410 2782 est,
1438 2745 1475 2774 et
1499 2751 1600 2786 quam
1619 2739 1751 2774 debiles

271 2783 344 2818 siut
368 2796 485 2823 earum
505 2787 619 2822 avium
637 2786 728 2822 oculi
749 2787 853 2822 facile
871 2789 1008 2832 arguit,
1031 2789 1082 2824 ita
1110 2788 1188 2830 hic,
1218 2787 1379 2833 quoniam
1401 2787 1536 2821 sciebat
1555 2787 1750 2831 dogmatum

274 2841 413 2867 suorum
425 2833 592 2880 pravitati
609 2834 872 2870 adversaturum
890 2834 1000 2881 magis
1010 2859 1022 2878 ,
1047 2847 1148 2882 quam
1164 2834 1358 2870 adiumento
1374 2833 1527 2869 futurum
1543 2845 1619 2869 esse
1638 2831 1751 2879 publi-
