1794 3172
250 179 384 247 1082
649 177 969 228 NICEPHORI
996 177 1331 223 GREGORAE

27 304 65 337 A.
81 301 127 336 M.
148 300 240 338 6859
250 293 512 352 ὑποσπείρων
547 291 674 343 αὐτὸς
704 288 930 348 δόγμασιν,
968 286 1097 333 ἔλαθε
1128 287 1236 332 κατὰ
1258 291 1335 345 τῆς
1355 291 1432 331 τοῦ
1453 290 1558 331 θεοῦ
1587 286 1732 344 ἐκκλη-

87 348 194 384 Ind‘4
209 367 346 429 Dolag
373 362 559 422 σφοδρὸν
588 360 863 420 ἀναρριπίσας
891 363 1076 402 κυκεῶνα
1108 360 1176 402 καὶ
1208 355 1401 416 θόρυβον
1420 358 1488 401 καὶ
1505 355 1736 412 μετάμελον

252 434 338 491 ὀψέ
353 449 451 477 ποτε
470 429 695 492 λαμβάνειν
715 431 891 488 ὀφείλων
900 461 914 482 ,
954 427 1025 487 ἐφ’
1054 425 1116 479 οἷς
1135 425 1386 485 ἁμαρτάνων
1407 426 1482 471 οὐκ
1501 425 1672 485 ᾔσθετο.
1710 423 1733 469 ὅ

248 507 274 548 δ
282 504 295 520 ²
326 499 498 558 ἐξεμάνη
523 501 631 545 κατὰ
649 504 733 545 τῶν
761 501 964 557 διορθοῦν
987 498 1250 556 πειρωμένων
1279 495 1413 553 ἡμῶν,
1446 497 1514 540 καὶ
1538 497 1620 556 δρᾷ
1646 499 1735 538 λοι-

246 572 541 630 πὸνάκρατῶς
557 571 681 626 μείζω
700 570 776 624 μὲν
796 568 822 625 ἢ
842 567 948 611 κατὰ
967 569 1123 624 θηριόυ
1149 567 1302 623 μανίαν
1324 565 1505 620 παντὸς,
1542 563 1656 621 ἥττω
1683 566 1710 607 δ
1715 563 1763 606 '5

246 642 274 699 ἢ
302 641 411 686 κατὰ
439 638 642 698 βούλησιν
672 639 750 697 τὴν
780 638 936 682 αὗτοῦ·
974 639 1150 687 καὶτοῖς
1168 637 1244 692 μὲν
1273 635 1472 695 ἄρχουσιν
1496 632 1732 693 ὑπέρχεται,

253 708 520 771 ποριζόμενος
551 709 670 766 ἲσχῦν
706 707 867 769 ἑαυτῷ,
904 706 981 764 τὴν
1010 706 1053 751 δ’
1091 706 1298 762 εὐσέβειαν
1331 705 1487 750 ἀδικεῖ·
1540 704 1735 748 κάκείνων

212 782 330 837 Εμέν
359 780 436 837 τὴν
466 779 672 837 εὐμένειαν
690 775 1044 838 πραγματεύεται,
1082 776 1158 833 τὴν
1195 777 1240 820 δὲ
1263 780 1338 820 τοῦ
1361 779 1467 820 θεοῦ
1495 776 1734 819 διωθεῖται·

246 852 315 895 καὶ
339 844 387 894 οἶ)
410 850 486 906 μέν
502 848 694 907 ἡττᾶται,
730 851 874 899 δεινῶς
896 845 1056 906 φεύγει·
1093 844 1200 890 καθ’
1228 844 1250 890 ὃ
1269 846 1314 889 δὲ
1335 843 1545 904 ὖπερέχειν
1566 845 1733 900 νομίζει,

97 930 142 968 V.
159 930 230 969 548
253 919 358 979 πρὸς
378 923 503 964 τοῦτο
532 919 665 976 συχνὰ
690 914 947 976 καταφεύγει.
994 915 1197 973 ἀληθείας
1216 915 1297 974 γὰρ
1324 915 1400 959 σὺν
1429 915 1642 975 παρρησίᾳ
1670 914 1735 956 δι·
1749 919 1792 954 10

248 988 380 1044 κάζειν
401 986 627 1046 ζητούσης,
662 985 898 1045 ἡττώμενος
923 984 1083 1045 φεύγει·
1118 986 1336 1046 μοχθηρία
1357 985 1402 1028 δέ
1428 983 1595 1042 γνώμης
1615 982 1736 1026 εὐδο-

250 1063 381 1116 κιμῶν
407 1058 514 1117 πρὸς
543 1058 764 1114 διαβολὰς,
801 1054 959 1113 ταύτης
988 1055 1211 1112 ἀντέχεται.
1266 1052 1531 1112 δικαιοσύνης
1557 1053 1638 1111 γὰρ
1667 1052 1737 1095 καὶ

251 1128 454 1185 ἀληθείας
482 1125 728 1186 κρινούσης,
766 1125 818 1184 ἢν
843 1127 918 1182 μὲν
946 1125 1087 1184 ἔφευγε
1100 1159 1115 1180 ,
1157 1121 1356 1177 πολλάκις
1381 1126 1498 1181 δίκην
1523 1121 1638 1180 ἥλω·
1684 1120 1737 1178 ἣν

213 1198 302 1242 Fd'
326 1198 513 1251 ἐδίωκεν,
543 1197 619 1254 οὔχ
638 1195 754 1242 εἷλεν.
828 1194 922 1255 (Β.)
952 1194 1057 1253 Ἐγὼ
1074 1196 1149 1252 μέν
1168 1190 1243 1239 οὗν
1270 1193 1494 1254 (εἰρήσεται
1510 1192 1589 1251 γὰρ
1606 1191 1737 1248 τάλη-

246 1265 344 1325 θὲς)
373 1266 451 1324 τὴν
470 1266 602 1326 ἀρχὴν
622 1267 818 1320 ἐδεδίειν,
850 1265 910 1322 μὴ
931 1262 1068 1308 πάντα
1087 1264 1346 1323 διαστρέφων
1380 1260 1402 1307 ὃ
1431 1263 1505 1314 σός
1522 1264 1734 1317 Παλαμᾶς
1748 1267 1791 1304 15

251 1334 433 1396 διαβάλῃ
462 1336 592 1393 κάμὲ,
627 1334 894 1393 βουληθέντα
922 1334 1029 1378 κατὰ
1061 1335 1206 1393 καιρὸν
1234 1334 1439 1378 ἐνταυθοῖ
1464 1339 1552 1383 τοῖς
1576 1332 1737 1382 οῗκείοις

251 1408 321 1450 καὶ
349 1403 600 1465 συντρόφοις
623 1403 871 1465 χρήσασθαι
901 1403 1067 1458 ὅπλοις,
1103 1404 1206 1461 λε’γω
1236 1403 1288 1460 δὴ
1311 1410 1404 1454 ταῖς
1430 1406 1514 1446 τῶν
1540 1399 1736 1460 θύραθεν

99 1485 143 1522 P.
161 1484 233 1523 680
255 1475 361 1534 πρὸς
389 1475 467 1526 τὰς
497 1474 692 1527 διαλέξεις
715 1472 981 1532 ἐπιστήμαις,
1015 1472 1071 1524 ὥς
1098 1475 1168 1518 καὶ
1191 1473 1350 1530 τέχναις
1376 1473 1445 1516 καὶ
1470 1471 1733 1530 μαρτυρίαις,

251 1546 407 1590 ἐκεῒθεν
431 1542 531 1602 ἡμῖν
558 1545 635 1601 τὴν
665 1545 781 1601 ἶσχῦν
805 1545 1085 1601 περιγίνεσθαι
1105 1541 1275 1602 φάσκων
1300 1546 1385 1587 τῶν
1406 1538 1733 1598 ἀποδειγμάτων.

250 1615 337 1659 ἐπεὶ
359 1613 403 1658 δ’
427 1613 582 1666 ἄοπλος
600 1614 768 1659 οἴκοθεν
794 1611 992 1672 ὖπάρχων
1025 1612 1154 1664 αὐτὸς
1188 1614 1232 1656 ἐκ
1260 1609 1420 1656 τούτων
1446 1609 1595 1655 ἑαυτὸν
1616 1608 1734 1655 ὅπλί-
1744 1618 1792 1654 20

251 1685 330 1738 ζειν
350 1688 542 1743 πειρᾶται
561 1684 669 1728 κατὰ
687 1688 764 1741 τῆς
781 1682 997 1740 ἀληθείας,
1028 1686 1169 1742 πολλῷ
1186 1686 1346 1738 μᾶλλον
1365 1679 1478 1738 ἡμᾶς
1500 1681 1543 1731 ἐς
1562 1680 1610 1724 τὸ
1630 1677 1735 1738 κρά-

250 1770 393 1801 τιστον
414 1753 552 1799 ταῦθ’
573 1752 678 1812 ὑπὲρ
696 1758 771 1810 τῆς
790 1753 1003 1811 ἀληθείας,
1023 1751 1346 1810 ἀγωνιζομένους
1367 1749 1576 1804 ὅπλίζουσι
1586 1783 1601 1805 ,
1635 1749 1736 1801 τοὺς

252 1909 335 1946 Nec
357 1908 513 1945 advertit
530 1914 691 1955 quantam
709 1908 1024 1957 perturbationem,
1049 1919 1220 1955 quamque
1238 1907 1472 1944 vehementem
1494 1906 1675 1943 tumultum
1697 1906 1734 1942 in

252 1956 403 1992 ecclesia
431 1956 499 1990 Dei
526 1956 766 1992 concitaverit.
820 1955 907 1990 Cum
934 1959 1048 1990 autem
1083 1961 1324 2001 peccatorum,
1357 1966 1447 2001 quae
1471 1966 1492 1989 a
1515 1966 1555 1989 se
1584 1954 1734 1989 admissa

253 2014 333 2038 esse
354 2013 423 2037 non
446 2002 574 2045 sensit,
598 2003 737 2038 tandem
755 2002 938 2048 aliquando
957 2002 1140 2047 poenitere
1160 2002 1271 2048 ipsum
1295 2002 1450 2045 deberet,
1472 2001 1640 2036 adversus
1659 2013 1734 2043 nos,

253 2049 314 2095 qui
348 2059 484 2084 errores
515 2048 625 2094 ipsius
649 2049 830 2094 emendare
856 2059 1035 2090 conamur,
1069 2049 1186 2083 furere
1215 2049 1351 2094 coepit:
1393 2052 1429 2083 et
1450 2048 1502 2083 ita
1526 2048 1571 2083 de
1594 2051 1732 2082 caetero

253 2094 358 2130 animi
381 2101 435 2130 est
458 2095 591 2140 impos,
615 2099 658 2130 ut
679 2096 776 2130 ferae
791 2094 897 2130 omnis
915 2095 1066 2130 furorem
1085 2099 1244 2142 superet,
1279 2096 1361 2130 licet
1383 2106 1480 2130 suam
1504 2094 1645 2129 furendi
1667 2106 1732 2129 vo-

252 2141 420 2176 luntatem
440 2141 589 2176 necdum
612 2141 816 2189 expleverit.
870 2142 921 2176 Et
949 2141 1125 2189 principes
1152 2142 1292 2189 quidem
1317 2142 1524 2188 obsequiose
1546 2144 1651 2186 atque
1674 2152 1733 2175 as-

254 2187 444 2223 sentatorie
461 2188 564 2230 colit,
588 2191 629 2223 ut
650 2188 744 2223 vires
768 2188 836 2223 sibi
859 2193 1053 2234 comparet;
1086 2189 1150 2224 sed
1176 2189 1303 2224 iniuria
1325 2189 1488 2235 pietatem
1514 2188 1638 2222 afficit.
1683 2187 1733 2221 Et

253 2234 449 2315 principum
471 2234 747 2270 benevolentiam
763 2235 935 2281 captando
954 2236 1022 2270 sibi
1046 2236 1228 2278 conciliat3
1252 2241 1290 2270 at
1312 2235 1378 2271 Dei
1402 2235 1548 2281 gratiam
1576 2233 1733 2280 expellit.

273 2281 307 2315 “t
326 2280 364 2316 id
387 2280 524 2326 quidem
547 2281 668 2317 mirum
689 2281 726 2316 in
748 2282 883 2316 modum
906 2281 1050 2327 effugit,
1081 2294 1149 2329 quo
1174 2295 1213 2317 se
1237 2282 1314 2318 aliis
1335 2281 1530 2317 inferiorem
1553 2292 1630 2316 esse
1655 2279 1732 2314 ani-

254 2326 461 2370 madvertit3
486 2327 531 2362 ad
547 2328 612 2362 hoc
631 2332 742 2363 autem
760 2327 915 2373 confugit
927 2353 938 2371 ,
961 2340 1030 2374 quo
1053 2333 1233 2375 praestare
1252 2341 1291 2364 se
1314 2329 1391 2364 aliis
1408 2328 1594 2363 existimat.
1642 2327 1731 2362 Cum

251 2374 341 2410 enim
364 2385 387 2409 a
408 2374 581 2416 veritate,
606 2385 696 2420 quae
719 2374 863 2409 liberum
886 2375 963 2410 vult
985 2376 1080 2411 ferre
1101 2375 1265 2411 iudicium
1281 2400 1293 2418 ,
1315 2375 1500 2420 vincatur,
1524 2385 1598 2409 eam
1619 2373 1731 2419 fugite

251 2421 314 2455 sed
339 2432 416 2456 cum
439 2420 567 2467 insigni
591 2421 637 2455 ad
660 2421 932 2456 calumniandum
955 2422 1078 2457 mentis
1109 2423 1284 2469 pravitate
1311 2422 1440 2477 polleat
1455 2447 1466 2464 ,
1498 2422 1587 2457 hanc
1610 2420 1730 2456 lubens

251 2467 483 2513 amplectitur.
536 2467 628 2502 Nam
652 2467 809 2503 iustitiae
833 2468 1061 2515 veritatisque
1081 2469 1230 2511 iudicio,
1264 2469 1323 2503 ub1
1346 2469 1398 2503 rei
1420 2479 1602 2515 personam
1625 2466 1731 2502 susti-

251 2514 346 2556 nuit,
378 2513 518 2560 saepius
547 2513 726 2549 damnatus
756 2519 829 2550 est:
862 2516 922 2551 ubi
945 2527 1027 2550 vero
1052 2515 1180 2551 actoris
1204 2519 1323 2561 partes
1348 2515 1439 2562 egit,
1472 2515 1567 2550 litem
1592 2513 1729 2549 minime

251 2560 413 2595 obtinuit.
460 2560 545 2606 (ΙΙ.)
567 2560 646 2606 Ego
670 2561 790 2609 itaque
809 2561 942 2607 (dicam
967 2562 1055 2597 enim
1072 2562 1165 2608 quod
1182 2574 1240 2597 res
1259 2562 1332 2607 est)
1354 2562 1453 2597 initio
1479 2562 1662 2603 timebam,
1685 2572 1729 2595 ne

250 2609 329 2642 tuus
347 2607 504 2642 Palamas
523 2606 636 2642 omnia
658 2611 860 2653 pervertens
883 2621 936 2644 me
959 2608 1242 2651 calumniaretur,
1266 2620 1341 2644 cum
1358 2609 1416 2643 hic
1434 2613 1628 2655 opportune
1646 2618 1728 2652 pro—

250 2653 337 2699 priis
364 2653 514 2700 mihique
546 2653 718 2688 consuetis
752 2655 806 2690 uti
837 2655 940 2690 armis
967 2655 1112 2698 vellem,
1152 2655 1330 2701 gentilium
1360 2655 1517 2700 intelligo
1553 2653 1729 2695 scientias,

250 2710 392 2744 quarum
417 2712 498 2735 usus
516 2704 570 2735 est
587 2700 624 2735 in
647 2700 949 2746 disputationibus.
997 2702 1134 2737 Censeo
1158 2702 1246 2736 enim
1269 2713 1384 2737 eorum
1409 2701 1542 2737 artibus
1566 2705 1603 2736 et
1624 2701 1728 2735 testi-

249 2745 373 2780 moniis
402 2747 540 2782 multam
560 2747 885 2783 demonstrationum
902 2748 1002 2784 nobis
1021 2749 1090 2784 vim
1112 2754 1309 2795 suppetere.
1358 2748 1530 2790 Quoniam
1556 2758 1641 2782 vero
1664 2746 1729 2781 ad-

249 2802 374 2827 versus
391 2793 575 2828 veritatem
598 2794 816 2840 profanorum
841 2796 965 2838 armis,
995 2799 1117 2842 utpote
1136 2794 1288 2841 propriis
1313 2795 1522 2837 destitutus,
1553 2793 1728 2829 instruere

252 2849 290 2873 se
309 2842 466 2882 conatur,
491 2840 592 2886 longe
612 2840 738 2887 potiori
761 2840 896 2876 ratione
918 2853 980 2877 nos
1003 2841 1085 2876 inde
1108 2854 1172 2888 pro
1190 2841 1340 2877 veritate
1361 2841 1554 2877 firmissime
1568 2851 1728 2888 pugnan-

250 2888 305 2919 tes
330 2886 557 2929 amabimur,
588 2888 649 2934 qui
673 2899 788 2923 sumus
815 2887 860 2922 iis
884 2889 1073 2925 assuefacti
1096 2891 1132 2924 et
1155 2900 1220 2936 per
1242 2899 1373 2925 omnem
1393 2892 1543 2926 aetatem
1559 2886 1638 2923 huic
1659 2897 1728 2934 pu-
