1754 3164
446 177 692 219 NOMINUM
722 177 787 218 ET
817 177 1120 220 VERBORUM.

49 279 176 316 liberat
211 291 285 316 cum
310 279 469 316 Palama:
502 279 595 326 Tyri
619 279 757 326 episco-

48 339 131 373 pum
164 327 323 363 Concilio
367 327 555 362 excludere
598 331 759 363 statuunt

47 375 138 416 990,
171 374 229 412 21,
263 374 345 409 item
383 373 598 408 contumeliis
631 379 667 408 et
698 387 758 409 ca-

48 421 185 455 lumniis
209 421 419 456 orthodoxos
442 426 575 455 terrere
593 423 673 463 991,
701 422 756 458 13.

46 467 198 502 minatur
249 467 482 514 gravissima:
534 474 758 513 comparatur

47 526 125 548 cum
148 513 266 549 Xerxe
290 516 372 557 993,
399 517 431 550 1.
458 513 575 548 vultus
592 522 628 548 et
647 515 757 549 verba

45 559 128 602 994,
155 563 209 597 11.
247 572 360 608 pauca
383 560 570 606 loquutus,
611 572 757 606 respon-

47 606 152 642 dendi
192 619 316 642 munus
366 607 528 642 Palamae
569 607 755 642 concedit=

48 655 246 699 Gregoram
283 653 450 689 arcessit:
497 652 642 689 animum
681 654 756 689 eius

45 704 160 735 tentat
183 701 297 736 solitis
320 700 457 735 artibus
481 701 569 741 998,
592 702 628 736 2.
665 712 756 747 quae

47 748 217 782 hactenus
250 747 286 781 in
318 746 476 782 Concilio
517 747 668 789 dixerit,
712 758 754 782 ea

45 793 144 841 pacis
177 799 214 829 et
244 793 451 829 concordiae
483 793 599 830 studio
624 794 755 828 dixisse

47 852 86 875 se
119 841 290 875 affirmat:
325 840 487 875 maiorem
510 840 545 875 in
578 846 755 886 posterum

43 887 255 933 aequitatem
279 899 374 922 suam
390 887 467 922 fore
484 887 654 932 promittit
672 889 755 930 998,

46 935 104 972 12.
126 939 268 969 notatur
293 939 335 969 ut
357 933 496 979 iniquus
522 935 624 976 1005,
650 935 706 969 19.

91 981 186 1016 Ioan.
211 983 291 1026 imp.
317 980 435 1025 (idem
459 980 503 1015 de
527 992 595 1026 quo
620 980 753 1026 supra)

44 1027 197 1073 Magnus
221 1027 371 1073 Papias:
406 1027 520 1061 socius
544 1027 755 1062 coniuratio-

43 1074 98 1109 nis
130 1074 300 1109 adversus
323 1074 553 1108 Andronicum
585 1074 755 1109 seniorem

43 1120 152 1156 initae
177 1133 198 1156 a
225 1120 361 1155 iuniore
392 1122 480 1162 301,
513 1122 546 1157 7.
580 1133 654 1156 cum
687 1122 753 1155 hoc

45 1169 89 1203 ab
130 1168 272 1202 ineunte
316 1179 402 1202 aevo
452 1167 752 1202 coniunctissimus

42 1216 126 1256 301,
149 1216 184 1251 5.
220 1226 408 1251 conscensa
431 1213 613 1257 navicula,
655 1214 752 1248 urbis

42 1261 158 1296 aditus
182 1260 280 1296 simul
305 1261 490 1306 explorant
507 1259 589 1302 408,
603 1263 657 1298 19.
677 1272 753 1296 cum

43 1307 283 1354 proditoribus
309 1307 504 1342 deliberant
520 1305 669 1350 419‚11.
694 1320 752 1343 so·-

42 1356 96 1389 lus
119 1355 387 1389 Cantacuzenus
405 1353 602 1388 Andronico
623 1354 752 1389 iuniori

43 1402 136 1436 haud
160 1406 342 1447 suspectus
356 1398 437 1442 496,
453 1399 510 1436 24.
529 1400 655 1446 quibus
678 1412 751 1435 me-

42 1449 121 1483 ritis
146 1448 179 1482 ei
202 1447 408 1482 conciliatus
431 1448 523 1489 580,
554 1449 611 1483 23.
647 1447 750 1482 etiam

42 1507 85 1531 eo
126 1494 206 1529 vivo
248 1494 427 1539 imperium
471 1493 745 1528 administravit:

43 1554 118 1576 curn
143 1553 184 1575 eo
208 1540 296 1575 vixit
319 1552 456 1586 semper
471 1539 752 1575 coniunctissime

41 1590 123 1630 579,
148 1590 203 1624 23.
230 1587 367 1633 imperii
390 1586 600 1622 consortium
623 1598 665 1621 eo
690 1599 751 1621 su-

41 1634 189 1682 perstite
212 1634 412 1679 repudiavit
434 1634 515 1674 582,
528 1634 561 1669 5.
589 1633 669 1678 rupi
693 1646 751 1668 as-

42 1682 214 1716 similatur
234 1683 316 1723 538,
343 1682 397 1717 14.
421 1682 581 1715 Ioannem
602 1680 751 1715 Palaeo-

40 1728 156 1774 logum
194 1727 355 1763 coronari
398 1727 492 1761 vult:
547 1725 749 1772 patriarcha

41 1775 207 1821 prohibet
229 1775 323 1816 616,
380 1800 389 1807 .
422 1772 547 1808 milites
575 1778 613 1807 et
643 1773 748 1808 duces

41 1824 132 1866 627,
169 1819 225 1857 14.
252 1832 352 1866 quam
378 1820 412 1854 iu
445 1819 536 1865 apud
569 1820 748 1855 Triballos

40 1868 211 1904 manserit
233 1867 324 1910 640,
352 1869 405 1903 16.
440 1867 482 1901 ab
507 1866 661 1901 omnibus
686 1878 749 1912 pe-

40 1916 160 1951 riculis
193 1926 254 1949 cur
285 1918 444 1949 servatus
469 1912 561 1956 643,
593 1915 626 1948 7.
659 1913 749 1948 iniu-

41 1962 172 1997 riarum
194 1961 367 1996 immemor
391 1962 472 2002 643,
499 1961 553 1995 14.
578 1959 656 1994 exul
677 1962 749 1995 An-

41 2021 108 2043 nae
132 2014 169 2044 et
192 2008 315 2054 pupilli
339 2006 502 2052 dignitati
522 2006 648 2052 ubique
663 2019 748 2041 con-

40 2055 149 2091 suluit
172 2057 252 2097 643,
273 2057 326 2091 18.
350 2054 541 2100 patientiae
564 2054 748 2088 diuturnae

40 2114 174 2137 merces
206 2102 293 2144 644,
331 2102 385 2136 15.
420 2100 585 2146 Byzantii
615 2101 749 2146 potitur

38 2151 121 2191 772,
145 2149 203 2185 25.
238 2149 314 2184 eius
337 2159 422 2194 opes
446 2151 598 2193 quantae
627 2147 747 2192 primi-

39 2201 97 2231 tus
120 2195 250 2230 fuerint
273 2198 338 2232 811
355 2220 366 2237 ,
391 2195 425 2229 6.
459 2194 501 2229 ad
534 2193 670 2238 imperii
693 2193 748 2227 in-

40 2242 173 2289 signia,
198 2247 362 2287 tanquam
387 2240 430 2275 ad
455 2241 662 2287 praesidium
686 2252 748 2275 ne·-

41 2289 247 2331 cessarium,
282 2287 438 2333 confugit
463 2288 544 2330 818,
571 2286 625 2322 14.
651 2287 748 2321 Mat-

39 2335 135 2370 thaei
158 2335 223 2370 filii
257 2347 361 2370 causa
392 2334 671 2380 Didymotichum
694 2334 747 2368 ire

38 2382 185 2417 festinat
207 2383 287 2423 825,
315 2385 369 2417 10.
396 2381 559 2415 Pal-<imae
584 2381 748 2415 defensor

41 2440 123 2463 acer
160 2433 196 2462 et
230 2429 388 2463 fervidus
423 2429 503 2469 830,
527 2426 583 2463 24.
617 2427 746 2473 primus

41 2487 117 2510 cum
152 2480 265 2509 matre
287 2475 527 2521 patrocinatus
557 2478 610 2508 est
641 2474 746 2508 Pala-

38 2534 114 2557 mae
145 2521 314 2567 impietati
346 2523 436 2564 886,
473 2522 528 2556 12.
562 2521 746 2555 Persarum

39 2568 203 2613 dogmata
239 2571 380 2603 coactus
411 2566 625 2623 participare
663 2567 744 2608 886,

37 2617 95 2650 21.
121 2615 199 2661 ipso
222 2615 364 2649 Palama
387 2614 572 2649 violentior
594 2614 686 2655 899,
710 2613 743 2648 5.

38 2662 213 2696 Herodem
235 2661 388 2696 imitatur
412 2663 501 2702 899,
527 2662 560 2695 8.
585 2671 648 2706 pro
679 2660 746 2694 im·-

37 2713 203 2753 peratore
226 2719 340 2742 merus
363 2713 551 2754 tyrannus,
591 2718 655 2752 pro
688 2706 745 2739 iu-

39 2754 117 2789 dice
141 2759 322 2789 accusator
359 2759 395 2788 et
430 2758 634 2800 persecutor
661 2754 744 2794 900,

38 2802 73 2837 5.
97 2801 298 2836 ambitiosus
311 2800 366 2836 sui
378 2805 572 2837 ostentator
586 2800 668 2842 963,
687 2801 743 2836 18.

1424 173 1554 221 1339

896 281 1097 317 Matthaeus
1120 281 1278 326 (Ioannis
1301 282 1411 328 filius)
1443 285 1556 320 socius

850 328 1058 374 longinquae
1075 329 1308 374 expeditionis
1327 342 1348 364 a
1362 334 1463 376 patre
1478 344 1554 366 sus-

851 381 977 422 ceptae
998 377 1087 417 628,
1119 376 1153 410 5.
1188 375 1424 412 Cantacuzeni
1447 379 1556 425 impe-

848 421 975 457 ratoris
1014 421 1202 457 liberorum
1242 428 1327 458 natu
1367 425 1555 461 maximus:

849 467 1028 503 Thraciae
1060 468 1204 503 urbibus
1240 470 1462 514 praefectus:
1510 475 1555 507 ab

848 517 964 550 Asane
987 515 1155 549 avunculo
1179 515 1385 551 sollicitatur
1417 518 1461 553 ad
1493 518 1555 554 de-

849 562 1036 596 fectionem
1055 563 1137 602 798,
1156 563 1213 598 20.
1238 563 1429 599 orationem
1453 566 1555 601 habet

850 608 944 654 apud
967 608 1077 654 ipsum
1094 610 1175 650 801,
1194 610 1252 644 24.
1277 610 1475 646 Orestiadis
1497 624 1556 647 ar-

849 667 923 689 cem
946 659 1114 702 occupat:
1150 655 1280 691 animos
1303 656 1368 691 sibi
1393 659 1556 694 conciliat

849 699 931 743 804,
956 702 990 736 7.
1013 701 1118 736 matri
1141 702 1275 736 obviam
1294 704 1452 749 procedit
1471 707 1553 748 805,

850 749 904 783 13.
914 747 1116 793 obsequium
1127 748 1312 793 pollicetur
1323 761 1336 791 ς
1353 756 1456 796 rogat
1468 757 1507 786 ut
1515 765 1554 787 se

847 799 942 829 metu
959 794 1082 829 liberet
1106 796 1187 836 805,
1205 795 1259 832 17.
1279 796 1497 844 principatus
1521 799 1554 833 ei

847 853 869 876 a
891 846 994 886 patre
1018 840 1214 886 assignatus
1238 841 1318 884 814,
1347 845 1401 880 12.
1427 845 1553 880 Persas

846 887 1044 933 praedones
1070 893 1108 922 ut
1133 888 1359 924 debellaverit
1389 893 1470 934 837,
1493 894 1552 929 22.

847 946 929 980 spes
952 946 995 969 ex
1027 934 1156 969 illustri
1189 935 1336 971 victoria
1368 939 1457 980 838,
1492 940 1552 975 25.

848 980 987 1026 quando
1012 981 1258 1028 subscripserit
1281 987 1374 1019 tomo
1400 985 1554 1020 Palami-

848 1029 919 1062 tico
947 1029 1049 1069 1307,
1071 1029 1129 1064 36.

896 1074 1036 1109 Manuel
1060 1074 1170 1119 (alter
1187 1074 1325 1109 Ioannis
1343 1076 1453 1122 filius)
1478 1078 1554 1113 lon-

847 1120 998 1166 ginquae
1021 1120 1251 1166 expeditionis
1276 1134 1297 1156 a
1317 1128 1418 1167 patre
1436 1136 1554 1159 susce-

849 1170 931 1213 ptae
961 1167 1075 1202 socius
1109 1167 1199 1209 628,
1230 1169 1265 1203 5.
1298 1168 1438 1204 Liberio
1470 1172 1553 1206 Tri-

844 1214 938 1249 ballo
950 1225 1060 1259 gener
1075 1214 1307 1258 promittitur:
1331 1216 1462 1262 magnis
1478 1219 1553 1253 lau—-

806 1291 808 1294 .
846 1260 948 1296 dibus
973 1265 1116 1295 ornatur
1138 1262 1226 1303 638,
1253 1262 1307 1297 15.
1332 1263 1476 1299 eximiae
1498 1264 1552 1299 in-

845 1307 934 1342 dolis
967 1307 1186 1350 adolescens3
1232 1308 1432 1345 Berrhoeae
1473 1312 1553 1346 urbi

843 1355 1044 1401 praefectus
1069 1365 1091 1388 a
1114 1359 1216 1400 patre
1239 1354 1328 1396 673,
1354 1358 1387 1392 2.
1426 1359 1551 1392 subur-

842 1402 935 1435 bana
961 1400 1214 1436 Galataeorum
1246 1401 1405 1438 aedificia
1433 1404 1550 1438 incen-

843 1447 896 1482 dit
919 1445 1000 1489 849,
1027 1447 1080 1482 15.

888 1492 1114 1534 Andronicus,
1124 1492 1260 1527 Ioannis
1269 1493 1452 1530 liberorum
1463 1499 1549 1532 natu

842 1540 1016 1575 minimus:
1038 1539 1183 1573 moritur
1207 1552 1252 1574 ex
1276 1546 1376 1586 peste
1393 1542 1472 1584 798,
1493 1546 1548 1579 16.

842 1589 923 1628 813,
933 1585 968 1621 4.
988 1586 1064 1621 eius
1083 1597 1174 1620 mors
1185 1586 1429 1622 Cantacuzeno
1445 1601 1549 1635 prae-

842 1632 1000 1668 nuntiata
1022 1644 1043 1666 a
1067 1633 1232 1677 Gregora
1256 1635 1336 1675 887,
1360 1636 1416 1669 21.

795 1682 1059 1717 Cantacuzenus
1077 1684 1114 1713 et
1130 1679 1355 1725 Syrgiannes,
1375 1682 1546 1727 corruptis

841 1727 950 1764 Aulae
990 1725 1183 1768 timoribus,
1209 1726 1404 1772 provincias
1429 1728 1547 1763 Thra-

842 1775 918 1810 ciae
942 1784 963 1806 a
988 1772 1230 1807 ministrandas
1262 1772 1440 1808 obtinent:
1480 1787 1545 1809 va-

839 1821 902 1856 riis
926 1819 1062 1853 artibus
1080 1819 1172 1854 viam
1191 1819 1378 1854 defectioni
1393 1821 1546 1857 muniunt

840 1868 922 1908 302,
947 1863 981 1902 4.

795 1915 1059 1950 Cantacuzenus
1083 1913 1118 1945 et
1141 1911 1362 1956 Apocaucus,
1395 1911 1543 1947 diversis

839 1957 1005 2041 institigtis
1052 1957 1208 1992 diversos
1262 1957 1374 1992 exitus
1427 1960 1543 1994 sortiti

838 2010 918 2048 590,
969 2030 978 2040 .

794 2055 1056 2089 Cantacuzenus
1081 2052 1117 2084 et
1133 2049 1288 2085 isidorus
1307 2054 1457 2087 mutuam
1476 2051 1544 2087 sibi

840 2110 979 2147 operam
1004 2101 1183 2142 praestant
1206 2097 1286 2139 787,
1313 2099 1368 2133 12.

887 2144 1092 2181 Orationum
1125 2143 1362 2179 Cantacuzeni
1396 2144 1542 2181 indicem

839 2193 947 2229 habes
969 2191 1074 2225 infra.
1110 2189 1201 2225 Vide
1224 2191 1358 2227 Oratio.

887 2240 1149 2274 Cantacuzenus
1170 2248 1213 2271 an
1228 2237 1414 2273 illiteratus
1437 2238 1542 2272 suerit

840 2287 945 2328 1305,
971 2286 1025 2321 18.
1053 2282 1193 2317 Codicis
1212 2284 1387 2319 vetustiss.
1417 2284 1541 2318 inscri-

838 2332 961 2380 ptione
984 2331 1150 2375 deceptus
1174 2331 1274 2372 1298,
1294 2332 1346 2366 12.
1373 2331 1539 2366 Theodo-

838 2391 914 2415 rum
931 2379 1103 2423 Graptum
1121 2376 1240 2411 laudat
1258 2376 1291 2410 in
1304 2376 1537 2411 Antirrhetico

840 2430 962 2460 contra
971 2423 1183 2458 Prochorum
1203 2423 1303 2462 1304,
1319 2424 1376 2457 25.
1395 2427 1538 2456 notatur

840 2472 943 2513 1281,
952 2472 986 2506 6.
1003 2482 1024 2505 a
1033 2470 1196 2514 Gregora
1204 2470 1376 2513 discrepat
1387 2467 1421 2502 in
1433 2469 1537 2503 rebus

837 2516 1020 2553 narrandis
1043 2517 1130 2552 1291
1144 2540 1156 2557 ,
1177 2517 1234 2551 31.
1266 2515 1347 2548 item
1369 2513 1406 2547 in
1426 2514 1537 2549 ratio-

837 2565 937 2599 nibus
962 2561 1210 2606 chronologicis
1235 2559 1335 2601 1244,
1348 2561 1404 2595 23.
1431 2559 1535 2602 1244,

835 2613 894 2648 36.
927 2607 1035 2653 1247,
1060 2611 1093 2644 8.
1123 2609 1230 2649 1250,
1254 2606 1309 2641 45.
1345 2608 1451 2648 1267,
1478 2607 1533 2642 13.

837 2655 940 2699 1284,
957 2656 1011 2692 16.
1041 2653 1139 2695 1284,
1158 2654 1213 2688 38.
1241 2654 1340 2693 1286,
1358 2653 1414 2687 37.
1442 2652 1535 2686 Can-

834 2702 996 2739 tacuzeni
1020 2699 1241 2744 chronologia
1266 2700 1375 2740 1250,
1402 2700 1454 2735 13.
1482 2698 1535 2732 vi-

836 2750 942 2793 tiosa,
966 2753 1025 2784 aut
1048 2750 1207 2792 suspecta
1230 2746 1332 2785 1238,
1353 2745 1406 2780 16.
1433 2743 1535 2786 1244,

836 2799 895 2835 25.
924 2798 1025 2838 1247,
1036 2796 1070 2831 7.
1079 2793 1135 2828 ubi
1148 2790 1374 2839 praeferenda
1390 2791 1492 2832 1287,
1502 2791 1535 2825 7.
