1794 3172
245 136 345 184 812
644 138 957 186 NICEPHORI
979 121 1303 182 GREGORAE

28 258 64 290 A,
81 257 126 290 Μ.
146 257 238 294 6855
249 252 293 296 τί
308 250 409 301 jzo'z?
440 249 491 294 ἂν
515 247 664 305 »λάβοις
697 249 822 299 αὐτὸς
856 248 941 307 ἰδία
980 246 1084 304 πρὸς
1115 245 1313 303 εὐπορίανΙ
1337 246 1408 290 σοί
1422 263 1464 290 τε
1483 248 1551 290 καὶ
1570 253 1656 298 τοῖς
1676 265 1720 305 γε

56 304 202 340 “¹¹¹⁶‘15
249 322 355 378 ἀμφὶ
375 321 425 363 ’σὲ
452 317 736 377 στρατιώταις.
780 316 886 360 Οὔτε
912 315 992 372 γὰρ
1027 315 1122 358 ἄνευ
1156 313 1293 358 ὅπλων
1322 317 1388 358 καὶ
1420 321 1722 373 στρατιωτικῶν

76 377 83 383 ,
246 388 460 445 δυνάμεων
494 388 671 432 δυνατὸν
700 386 913 442 βασιλείαν
945 385 1248 438 συνίστασθαι,
1283 386 1349 427 καὶ
1379 383 1561 439 μάλιστα
1580 385 1721 441 τὴνὲκ

245 462 540 515 νεωτερισμοῦ·
579 455 671 500 οῦτε
697 453 924 514 χρημάτων
957 451 1158 507 civem-‘cd
1184 470 1229 510 γε
1261 455 1396 508 μεῖζον
1427 456 1572 507 εἲπεῖν,
1611 453 1722 498 ὅπλα

247 530 315 571 καὶ
340 526 633 583 στρατιωτικὰς
663 525 768 575 εἰκὸς
794 524 1069 580 ἀθροίζεσθαι
1097 521 1299 578 δυνάμεις.
1347 527 1612 580 στρατιωτῶν
1638 524 1748 581 γὰρ5

243 596 342 641 ,ἷίνευ
374 596 498 638 ἐνίοτε
527 593 684 652 μεγάλα
716 595 784 637 καὶ
816 591 923 636 καθ’
953 589 1080 635 αὖτὸν
1105 590 1300 646 ἰσχύοντα
1329 589 1478 642 πάντες
1511 592 1622 635 ἴσασι
1648 592 1720 636 τὸν

111 680 229 716 P‚511
242 665 424 723 χρυσὸν,
456 665 523 706 καὶ
552 662 688 719 πάσης
717 660 935 711 ἑλεπόλεως
965 662 1099 715 μείζω.
1136 663 1232 717 πρὶν
1256 660 1335 718 γὰρ
1372 661 1600 704 αῗσ9·ε’σθαι
1621 662 1720 711 τούς

117 737 243 774 v.413
254 735 440 786 πλείους,
474 731 697 790 εὗρίσκεται
718 729 912 780 πολλάκις
934 729 1086 790 ῥαδίως
1110 731 1388 786 προδεδομὲνη
1408 738 1495 780 τοῖς
1514 732 1720 785 πολεμιόις

246 801 415 859 ἧ-πόλις
436 801 508 844 διὰ
526 800 694 858 χρυσόν.
733 799 862 843 οἶσθα
886 800 927 842 δ’
955 795 1009 842 αὗ
1039 801 1107 842 καὶ
1133 798 1230 849 ὅσος
1252 801 1296 842 ἐκ
1325 804 1407 842 τῶν
1427 800 1720 857 στρατοπέδων

246 879 335 922 τοῖς
361 870 527 928 ἄγουσιν
552 870 671 926 ὄχλος
698 869 803 925 μετὰ
825 867 1022 912 κινδύνων
1041 868 1197 922 ἕπεται,
1229 867 1333 924 μήτε
1354 869 1543 923 πολέμων
1561 867 1718 926 παρόν-
1731 880 1775 915 10

193 962 200 973 ⁴
246 951 357 995 των,
381 938 484 996 μήτε
504 945 670 995 μισθῶν
691 939 914 993 διδομένων
936 937 1088 988 αὐτοῖς.
1127 936 1189 988 οἷς
1206 938 1284 995 γὰρ
1307 935 1516 994 ὅρι’ζεσθαι
1533 937 1606 981 τὸν
1626 940 1719 992 βίον

248 1011 291 1054 ἓν
323 1014 382 1069 τῷ
405 1014 563 1065 μισθοῦ
593 1006 892 1066 στρατεύεσθαι
922 1006 1071 1060 ἔπεισι,
1105 1005 1267 1058 τούτοις
1293 1005 1446 1064 ἀνάγκη
1465 1009 1532 1050 καὶ
1553 1007 1625 1050 τὸν
1643 1008 1719 1061 μὲν

237 1077 424 1134 ’πόλεμον
446 1082 586 1137 πολλῷ
606 1083 679 1134 τῆς
695 1075 856 1135 εῗρήνης
876 1075 1065 1133 ἡγεῖσθαι
1083 1077 1245 1132 βελτίω,
1272 1076 1347 1132 τὴν
1367 1078 1392 1119 δ
1398 1076 1409 1092 ’
1430 1074 1718 1134 εἰρήνην-πολιῇ-

204 1152 315 1207 ΒλῷΔ
323 1146 607 1205 χαλεπώτερον
634 1152 707 1190 τοῦ
737 1147 916 1201 πολέμου
941 1150 1098 1202 χρῆμα.
1137 1143 1158 1189 ὅ
1201 1147 1276 1201 μὲν
1314 1145 1392 1203 γὰρ
1427 1144 1604 1201 πόλεμος
1640 1145 1718 1189 σὺν

245 1222 310 1276 τῷ
334 1221 477 1276 μισθῷ
511 1219 578 1260 καὶ
603 1218 743 1272 βιαίας
772 1214 962 1273 ἁρπαγῆς.
990 1216 1252 1260 καθίσταταί,
1265 1231 1405 1273 σφισιν
1438 1215 1587 1267 αἴτιος,
1629 1214 1711 1273 ἀφ’
1732 1225 1774 1260 15

249 1281 307 1331 ὧν
328 1286 513 1344 ἀφθονία
534 1286 735 1344 τραπέζης,
749 1283 944 1340 ἀμόχθου
963 1285 1205 1342 προτίθεται
1219 1298 1229 1308 ·
1258 1282 1393 1342 εἰρήνη
1416 1285 1461 1327 δὲ
1479 1284 1718 1328 τούναντίον

249 1355 440 1414 ἄφθονος
458 1357 529 1398 >καὶ
563 1360 652 1399 τῶν»
675 1354 803 1398 ὄντων
835 1351 997 1409 δαπάνη
1026 1355 1290 1398 καθίσταται.
1329 1353 1381 1396 σὺ
1408 1353 1452 1396 δ’
1473 1353 1718 1412 ἀμφοτέρων

195 1441 198 1462 1
248 1425 513 1481 ἐστερημένος
536 1426 580 1467 ἐν
613 1428 671 1483 τῷ
692 1424 840 1467 αὐτίκα
868 1423 943 1467 οὗκ
977 1421 1028 1466 ἂν
1051 1421 1231 1481 φθάνοις
1252 1424 1437 1481 φθείρων
1457 1423 1652 1476 σεαυτὸν,
1688 1422 1715 1478 ἢ

245 1496 453 1548 βασίλειον
485 1498 653 1552 σεαυτῷ.
680 1491 1013 1550 περιποιούμενος
1034 1490 1205 1549 κράτος.
1234 1491 1317 1535 Ἢν
1347 1496 1447 1548 γοῦν
1467 1493 1555 1547 ἐμοὶ
1576 1494 1717 1535 πείθε-

248 1567 365 1606 σθαι.
387 1563 553 1620 θέλῃς,
572 1567 623 1620 τῇ
651 1567 811 1618 μᾶλλον
840 1561 865 1618 ἦ
896 1562 947 1605 σὺ,
975 1561 1128 1605 σαυτὸν
1154 1560 1348 1619 ποθούσῃ
1371 1563 1521 1619 μητρὶ,
1553 1562 1642 1616 ε’μοὶ
1663 1561 1773 1605 τά20

214 1631 308 1675 coc}
327 1630 622 1689 προσανάθου,
652 1632 788 1689 βραχὺ
807 1632 1060 1687 περιμείνας,
1097 1631 1172 1682 ἕως
1193 1630 1244 1674 ἂν
1275 1631 1350 1687 τὴν
1369 1632 1564 1687 ταχίστην
1586 1631 1627 1680 ἔς
1645 1630 1717 1674 τὸν

234 1702 320 1745 ,σὸν
351 1703 571 1745 ἐπανιοῦσα
601 1702 784 1759 πατέρα,
824 1700 895 1753 ξῦν
925 1705 985 1759 τῷ
1003 1699 1185 1758 ,ἄφοβον
1217 1698 1324 1744 εἷναί
1349 1717 1418 1753 σε,
1457 1701 1526 1742 καὶ
1558 1699 1611 1742 τὰ
1642 1704 1719 1756 τῆς

229 1789 232 1793 ·
246 1770 438 1828 εὐπορίας
450 1771 604 1814 ἐκεῖθεν
620 1772 662 1813 ἐν
678 1769 832 1828 μεγάλῃ
847 1787 910 1813 σοι
927 1767 1160 1826 ποιήσωμαι
1170 1770 1451 1830 προμηθειά.”
1473 1767 1559 1828 (Ε.)
1577 1769 1715 1811 Ταῦτ’

342 1847 406 1881 18..
421 1843 539 1891 φθάν.
551 1849 622 1892 φθ.
640 1857 774 1889 σεαυτ.,
792 1840 830 1891 ἢ]
846 1846 986 1890 μᾶλλον
1007 1845 1233 1891 supplendum
1253 1849 1319 1887 est,
1343 1845 1548 1881 observante
1560 1844 1718 1880 Boivino.

200 1930 202 1933 -
247 1902 463 1948 relinquens,
491 1904 647 1950 quidnam
677 1916 829 1948 seorsum
852 1904 928 1950 ipse
950 1904 1085 1938 tandem
1114 1903 1290 1938 habiturus
1318 1903 1387 1945 sis,
1413 1903 1504 1949 quod
1527 1907 1563 1937 et
1589 1902 1653 1937 tibi
1681 1908 1718 1937 et

246 1949 316 1983 tuis
340 1949 501 1985 militibus
527 1951 573 1985 sit
598 1951 694 1985 satis.
743 1951 821 1985 Nec
838 1951 925 1985 enim
957 1950 1030 1984 sine
1060 1948 1162 1984 armis
1193 1949 1465 1995 militaribusque
1492 1948 1600 1995 copiis
1634 1961 1718 1983 con-

236 1994 391 2029 stituere
407 1996 581 2041 imperium
597 1997 661 2032 sibi
679 1997 858 2043 quisquam
875 2000 1001 2043 potest,
1014 1996 1215 2045 praesertim
1233 1997 1264 2030 si
1279 1996 1315 2030 id
1334 2007 1396 2041 per
1412 2007 1518 2030 novas
1537 2007 1593 2030 res
1611 2007 1719 2040 quae-

248 2045 325 2076 rat:
354 2052 434 2083 nec,
462 2043 551 2088 quod
569 2044 674 2078 maius
695 2048 766 2085 est,
788 2054 883 2078 arma
900 2043 1132 2088 militaresque
1155 2043 1278 2088 copiae
1301 2042 1462 2077 videntur
1482 2043 1597 2088 parari
1618 2053 1718 2087 posse

243 2086 323 2121 vsine
340 2088 500 2132 pecunia.
548 2090 657 2124 Nemo
676 2089 809 2124 scilicet
824 2090 889 2124 hoc
906 2089 1028 2130 nescit,
1045 2089 1155 2134 ipsum
1171 2100 1235 2134 per
1253 2101 1290 2123 se
1308 2100 1424 2124 aurum
1440 2089 1546 2123 multa
1563 2088 1637 2123 sine
1655 2088 1720 2122 mi-

229 2132 365 2167 -lit'ibus
383 2144 505 2178 posse,
529 2135 625 2170 immo
643 2136 805 2171 maiorem
823 2147 922 2181 quam
940 2139 1145 2170 tormentum
1160 2135 1262 2169 ullum
1280 2135 1407 2170 murale
1425 2135 1493 2169 vim
1513 2136 1657 2169 habere:
1681 2138 1717 2169 et

249 2184 462 2224 compertum
477 2187 650 2226 saepe-est
662 2208 672 2224 ,
694 2183 811 2217 urbem
832 2186 973 2228 propter
990 2193 1123 2223 aurum,
1145 2186 1326 2227 autequam
1344 2181 1500 2228 plerique
1516 2181 1717 2223 sensissent,

247 2225 339 2259 nullo
362 2225 478 2260 labore
499 2227 652 2262 hostibus
674 2228 841 2274 proditam
856 2229 974 2264 fuisse.
1021 2228 1099 2262 Scis
1116 2227 1282 2273 denique,
1306 2233 1467 2273 quantum
1487 2227 1665 2262 molestiae
1682 2231 1721 2262 et

247 2270 476 2317 periculorum
497 2274 540 2306 ab
561 2275 766 2309 exercitibus
783 2274 952 2310 redundet
967 2275 1004 2309 in
1023 2275 1140 2316 duces,
1163 2285 1239 2308 cum
1258 2285 1323 2309 nec
1342 2274 1464 2309 bellum
1485 2274 1630 2318 geritur,
1655 2285 1720 2308 nec

229 2316 422 2362 ‘stipendia
440 2318 687 2362 persolvuntur.
723 2321 813 2355 Nam
831 2321 891 2366 qui
910 2333 980 2356 rem
998 2322 1236 2365 fortunamque
1253 2332 1382 2355 omnem
1397 2321 1465 2355 sibi
1481 2321 1517 2355 in
1535 2319 1720 2365 stipendiis

247 2362 395 2408 positam
415 2375 492 2398 esse
514 2363 727 2410 intelligunt,
751 2379 810 2401 eos
830 2379 970 2402 necesse
997 2371 1050 2402 est
1073 2373 1108 2402 et
1130 2366 1253 2402 bellum
1278 2367 1383 2401 multo
1408 2367 1508 2401 malle
1533 2378 1633 2412 quam
1679 2377 1720 2401 a-

247 2421 340 2451 cem,
364 2413 400 2443 et
417 2420 535 2455 pacem
554 2411 655 2445 multo
679 2424 776 2457 quam
797 2414 921 2448 bellum
940 2414 1091 2460 peiorem
1111 2412 1285 2448 arbitrari.
1331 2412 1379 2447 Iis
1403 2412 1569 2457 siquidem
1597 2412 1649 2446 bel
1665 2424 1733 2460 um!

246 2466 313 2495 non
332 2455 440 2491 solum
460 2456 652 2501 aecipiendi
672 2457 845 2502 stipendii,
869 2460 930 2494 sed
948 2466 984 2495 et
1001 2459 1152 2505 praedae
1170 2470 1232 2505 per
1251 2458 1320 2493 vim
1339 2459 1495 2504 agendae
1513 2459 1648 2493 occasio
1663 2459 1717 2501 fit,

228 2513 230 2515 ·
246 2501 343 2537 unde·
357 2505 393 2536 et
411 2502 615 2548 parabilium
637 2504 810 2548 epularum
829 2507 929 2551 copia
949 2506 1074 2541 affluit.
1121 2505 1251 2539 Contra
1268 2516 1335 2550 pax
1351 2516 1465 2540 eorum
1484 2505 1605 2547 etiam,
1629 2516 1719 2550 quae

231 2546 325 2593 aquis
342 2553 443 2593 parta
460 2548 574 2589 habet,
600 2549 722 2583 effusio
741 2551 905 2595 quaedam
920 2558 984 2587 est.
1019 2553 1079 2587 Tu
1096 2563 1179 2587 vero
1196 2557 1342 2597 utraque
1358 2562 1410 2593 re,
1428 2551 1592 2586 militibus
1610 2556 1646 2586 et
1657 2563 1720 2596 pe·

228 2593 346 2628 >cunia
364 2593 516 2637 scilicet,
548 2595 664 2630 statim
691 2595 873 2631 destitutus
895 2599 1011 2633 facere
1033 2610 1101 2633 non
1128 2597 1279 2644 poteris,
1303 2596 1384 2643 quin
1399 2602 1443 2640 ²te
1461 2597 1570 2643 ipsum
1590 2598 1718 2644 perdas

245 2640 384 2684 potius,
407 2652 507 2687 quam
525 2640 780 2688 imperatoriam
804 2643 869 2677 tibi
889 2645 1125 2679 auctoritatem
1148 2655 1293 2679 asseras.
1341 2643 1431 2678 Mihi
1447 2642 1556 2688 igitur
1576 2643 1719 2679 credere

247 2685 277 2718 si
298 2685 405 2728 velis,
427 2698 519 2732 quae
537 2693 574 2722 et
597 2692 704 2723 mater
724 2700 820 2730 sum,
845 2694 932 2724 et'te
958 2690 1065 2735 diligo
1085 2690 1214 2736 magis,
1238 2700 1337 2736 quam
1363 2693 1439 2724 tute
1461 2689 1537 2735 ipse
1561 2694 1616 2732 te,
1640 2693 1719 2725 tuas

246 2731 328 2765 mihi
348 2743 406 2767 res
429 2733 648 2777 committito,
673 2734 914 2780 paulisperque
938 2742 1102 2781 exspecta
1126 2736 1239 2782 quoad
1264 2735 1440 2771 celerrime
1468 2737 1511 2770 ad
1541 2741 1718 2781 parentem

227 2781 340 2811 *tuum
367 2790 523 2822 reversa,
548 2787 584 2815 et
601 2784 639 2814 ut
662 2792 803 2815 securus
826 2781 875 2815 sis
900 2782 1068 2823 efficiam,
1102 2787 1138 2817 et
1164 2787 1203 2817 ut
1230 2782 1412 2829 opulentus
1439 2782 1568 2817 evadas
1592 2793 1720 2816 summa

246 2822 372 2858 deinde
388 2825 720 2872 cua-aprovideamss'
766 2827 848 2871 (V.)
872 2827 969 2863 Haec
994 2829 1135 2876 loquuta
1150 2827 1347 2876 imperatrix
1367 2827 1468 2865 Irene
1491 2828 1635 2867 animum
1656 2828 1718 2863 filii
