1794 3172
253 129 356 177 602
665 133 983 180 NICEPHORI
1010 132 1169 178 GREG
1175 132 1334 177 ORAE

34 259 71 291 A.
90 258 134 290 Μ.
149 254 244 293 6850
255 244 489 302 ἀναίμακτα
501 248 742 303 κατορθοῦν
759 243 1013 300 μεμελέτηκα
1034 241 1227 301 τρόπαια.
1266 239 1287 285 ὅ
1311 243 1336 284 δ
1342 240 1357 258 ’
1380 241 1525 300 ἐφεξῆς
1544 239 1645 285 αι’ὢν
1656 244 1739 284 τῶν

81 305 148 338 ¹¹¹⁶·
164 305 210 340 ¹⁰
255 315 483 373 λεγομένων
506 313 596 370 ἅμα
619 315 687 375 καὶ
709 313 930 370 δρωμένων
949 317 1092 370 σοφῶς
1125 309 1454 369 διαζωγραφῆσει
1480 312 1557 368 τὴν
1575 328 1739 368 μαρτυ-

225 412 229 416 -
258 385 393 444 ρίαν.”
422 384 536 428 Ἀλλ’
566 381 587 427 ὅ
619 384 694 439 μὲν
718 382 1064 438 Καντακουζηνὸς
1092 385 1279 431 τοιοῦτος
1305 381 1406 431 τέως
1431 380 1529 430 τοὺς
1560 379 1741 438 τρόπους

257 452 473 512 ἐτύγχανεν
497 451 577 507 ὢν,
617 453 685 495 καὶ
712 457 884 495 τοιαῦτα
909 452 1034 508 λέγων
1058 453 1126 494 καὶ
1155 448 1351 508 πράττων
1379 449 1554 494 διετέλει.

131 545 173 579 Ρ·
184 540 255 582 374
363 543 425 590 θ’.
457 544 561 602 Ἒγώ
585 543 629 587 δ’
652 544 775 586 ε’κεΐσε
796 541 1001 597 ἐπάνειμι,
1037 541 1405 600 λεπτομερέστερον
1427 539 1771 600 ἇφηγησόμενος5

258 616 426 660 ἕκαστα.
459 611 712 663 Ἀπόκαυκος
734 612 813 669 γὰρ
842 614 990 662 ἐκεῖνος
1014 610 1034 654 ὃ
1062 610 1198 655 πάντα
1233 606 1364 663 δεινὸς
1389 613 1445 662 εἷς
1475 613 1654 655 ἐπίνοιαν
1673 613 1742 654 καὶ

259 681 658 742 πολυτροπώτατος,
696 682 832 737 ἐπειδὴ
855 680 1114 738 συγκυκήσας
1137 681 1302 725 ἅπαντα
1312 714 1325 735 ,
1358 681 1431 724 ἵνα
1459 681 1532 725 τὸν
1559 680 1742 738 ἄρχοντα

232 750 654 812 ’παρακρουσάμενος
687 751 814 801 αὐτὸς
835 752 957 809 ἐπιβῇ
979 756 1054 807 τῆς
1071 751 1224 808 ἀρχῆς,
1262 749 1381 810 (ὅπερ
1408 750 1459 807 δὴ
1490 752 1559 794 καὶ
1592 748 1742 806 τοιχώ-

258 841 376 882 ρυχοι
395 820 555 880 νύκτωρ
572 823 641 864 καὶ
661 823 808 879 λῃσταὶ
827 825 1029 874 ποιοῦσιν,
1069 821 1117 864 οὗ
1139 818 1339 878 πρότερον
1357 820 1411 863 τὰ
1431 821 1473 863 ἓν
1494 822 1601 881 οἰκίᾳ
1623 822 1742 877 διαρ-

257 891 397 946 πάζειν
419 891 578 948 ἔχοντες
603 890 776 947 εὐχερῶς
788 923 803 944 ,
840 893 936 949 πρὶν
959 889 1009 933 ἂν
1030 890 1078 933 τὸ
1110 892 1151 933 ἓν
1177 890 1283 948 αὐτῇ
1304 890 1592 944 κατασβέσωσι
1614 888 1740 947 φῶς,)
1757 899 1794 933 10

258 954 445 1019 ἠλέγχθη
453 994 467 1015 ,
506 959 773 1017 κατεγνώσθη
793 961 869 1015 μὲν
882 993 897 1013 ,
937 960 1055 1003 οὐδὲν
1084 961 1110 1003 δ
1116 959 1130 976 ²
1158 959 1273 1011 ἄξιον
1295 961 1351 1010 εἷς
1371 959 1550 1015 ἀμοιβὴν
1568 963 1644 1015 τῆς
1667 959 1744 1001 αὗ-

225 1036 340 1075 Βτοῢ
373 1031 518 1081 κακίας
555 1028 769 1086 ἀπήλαυσε
802 1030 905 1087 πρὸς
936 1031 1101 1073 ἐκείνου.
1141 1028 1254 1084 ὅμως
1287 1028 1414 1079 αὐτὸς
1431 1027 1513 1087 ὑφ’
1548 1026 1677 1072 αὑτοῦ
1699 1045 1744 1071 τε

262 1102 500 1157 αἷσχυνθεὶς
535 1101 602 1143 καὶ
628 1100 788 1152 δείσας,
814 1100 874 1156 μὴ
903 1099 949 1143 τὸ
969 1097 1248 1156 μακρόθυμον
1269 1098 1354 1154 ὃψέ
1371 1115 1470 1142 ποτε
1505 1098 1746 1157 ἇπορῤίψας

258 1175 320 1230 τῷ
345 1168 459 1229 νόμῳ
490 1174 565 1226 τῆς
588 1170 703 1224 δίκης
731 1167 939 1227 χρήσηται
960 1168 1059 1212 κατ’
1090 1168 1242 1221 αὐτοῦ,
1280 1167 1407 1227 ᾤχετο
1428 1165 1741 1225 λάθριίφυγάς,

262 1239 319 1291 ὥς
339 1238 581 1297 εῗρήκειμεν,
621 1241 677 1289 εἷς
699 1239 746 1282 τὸ
767 1237 967 1297 φρούριον
989 1243 1072 1282 τῶν
1086 1239 1318 1293 Ἐπιβατῶν
1348 1236 1505 1281 οὗτωσί
1520 1255 1606 1288 πως
1629 1235 1744 1294 λεγό-
1758 1249 1794 1284 15

261 1322 407 1366 μενον·
444 1307 541 1367 ὅπερ
564 1307 689 1358 αὐτὸς
709 1309 753 1351 ἔκ
777 1312 933 1352 πολλοῦ
962 1312 1132 1358 πολλοῖς
1162 1305 1370 1366 ἀνήγειρεν
1399 1305 1665 1361 ἀναλώμασιν
1701 1306 1743 1349 ἓν

206 1391 208 1393 “
261 1386 350 1429 τοῖς
367 1380 585 1436 παραλίοις
609 1383 691 1422 τῶν
711 1375 965 1435 προαστείων
982 1382 1056 1422 τοῦ
1076 1378 1321 1431 Βυζαντίου,
1358 1377 1504 1435 μικρὸν
1524 1377 1612 1432 μὲν,
1651 1393 1745 1418 ποι-

229 1450 383 1492 (Σκίλον
426 1449 471 1491 δὲ
488 1481 502 1502 ,
549 1450 619 1490 καὶ
662 1449 884 1504 δαιμονίως
917 1446 1066 1506 ὀχυρόν
1098 1465 1141 1491 τε
1188 1448 1256 1490 καὶ
1304 1444 1530 1502 δύσμαχον.
1576 1448 1632 1496 εἷς
1664 1445 1744 1502 γὰρ

260 1516 375 1574 ὕψος
403 1515 530 1574 τύχης
566 1518 609 1568 ἐξ
641 1516 804 1574 ἀσήμου
836 1518 978 1575 γένους
1003 1518 1151 1576 ἀρθεὶς
1196 1514 1392 1575 φρόνημα
1427 1516 1564 1571 ἴσχεν,
1605 1513 1746 1558 ὁποῖον

264 1586 316 1631 ἂν
346 1589 414 1631 καὶ
441 1587 481 1631 οἱ
506 1585 746 1643 μεθύοντες.
786 1586 1084 1647 ὠνειροπόλησε
1107 1586 1185 1645 γὰρ
1204 1583 1507 1643 >ἀποθανόντος
1526 1590 1601 1628 τοῦ
1621 1589 1745 1640 βασι-
1757 1596 1794 1631 2(

133 1660 256 1700 v.304
273 1657 375 1708 λέως
407 1657 657 1715 ἐπιχειρῆσαι
696 1657 803 1700 κατὰ
836 1663 912 1715 τῆς
952 1659 1165 1713 βασιλείας
1198 1654 1347 1706 αὐτός·
1393 1658 1428 1699 εἰ
1457 1656 1502 1698 δὲ
1531 1655 1589 1711 μὴ
1619 1657 1745 1710 δυνη-

261 1728 384 1783 θείη,
423 1734 671 1784 καταφυγεῖν
703 1731 803 1784 γοῦν
834 1730 890 1778 εἷς
921 1728 968 1771 τὸ
999 1725 1200 1785 φρούριον
1229 1730 1379 1779 τοῦτο,
1413 1726 1480 1768 καὶ
1502 1722 1602 1768 εἶναι
1624 1724 1747 1767 πολέ-

260 1814 356 1853 μιος
386 1800 447 1856 τῷ
476 1794 741 1854 κρατήσαντι.
814 1795 908 1856 (Β)
944 1795 1154 1854 Συνήγαγε
1184 1795 1227 1838 δ’
1266 1796 1309 1838 ἐν
1340 1793 1503 1844 τούτοις
1527 1794 1586 1849 μὴ
1619 1793 1747 1849 μόνον

259 1863 488 1923 χρημάτων
517 1867 795 1909 παντοδαπῶν
822 1867 891 1909 καὶ
926 1866 1133 1910 παντοίων
1165 1864 1353 1923 σωροὺς,
1400 1863 1506 1907 ἀλλὰ
1537 1865 1605 1906 καὶ
1628 1865 1746 1906 σίτου

260 1990 373 2022 tuere.
411 1985 482 2022 Sed
499 1998 682 2033 processus
700 1987 775 2034 ipse
792 1986 956 2034 temporis
977 1986 1126 2033 sapienti
1142 1985 1337 2022 testimonio
1358 1997 1433 2020 cum
1453 1984 1547 2020 diota
1564 1987 1635 2020 tum
1651 1986 1747 2020 facta

264 2033 512 2068 diiudicabit.’'
558 2035 610 2069 Ac
637 2034 718 2069 talis
737 2034 874 2081 quidem
895 2035 1069 2081 hucusque
1088 2033 1239 2069 moribus
1257 2034 1372 2068 fuerat
1390 2033 1671 2068 Cantacuzenus:
1691 2039 1748 2067 ta·-

263 2080 313 2114 lia
334 2085 371 2115 et
390 2079 506 2115 dicere
522 2083 559 2115 et
576 2082 694 2116 facere
711 2093 778 2116 non
795 2081 988 2117 desinebat.

357 2139 392 2173 9.
415 2138 495 2184 Ego
512 2150 594 2173 vero
612 2138 693 2174 illuc
708 2139 826 2181 redeo,
845 2139 984 2186 singula
1001 2151 1044 2175 ae
1061 2137 1244 2174 minutiora
1263 2137 1493 2184 expositurus.
1541 2138 1748 2183 Apocaucus

263 2183 374 2230 igitur
397 2184 456 2219 ille
472 2184 508 2219 in
531 2185 756 2232 excogitando
777 2186 1017 2221 solertissimus
1032 2198 1072 2221 ac
1087 2185 1359 2228 versutissimus,
1383 2184 1462 2219 dum
1480 2184 1592 2220 omnia
1612 2188 1749 2230 pertur-

265 2231 339 2274 bat,
363 2235 404 2266 ut
421 2235 585 2266 summoto
603 2244 716 2267 rerum
736 2233 937 2268 administro
958 2233 1033 2279 ipse
1050 2244 1162 2267 rerum
1183 2233 1335 2279 potiatur
1359 2231 1470 2277 (quod
1491 2236 1527 2266 et
1544 2232 1747 2266 effractores

266 2282 372 2312 noctu
391 2277 545 2322 faciunt,
570 2282 606 2312 et
621 2278 792 2323 latrones,
818 2279 943 2326 quibus
965 2292 1033 2317 non
1055 2279 1158 2314 facile
1184 2283 1237 2314 est
1263 2290 1305 2314 ea
1330 2290 1456 2325 rapere
1480 2290 1570 2324 quae
1596 2278 1631 2312 in
1647 2278 1746 2312 domo

265 2327 367 2367 sunt,
392 2324 460 2359 nisi
476 2324 644 2359 exstincto
665 2326 760 2372 prius
776 2326 922 2369 lumine,
946 2326 975 2361 si
993 2326 1085 2373 quod
1109 2326 1157 2360 ibi
1176 2325 1259 2371 sit),
1284 2326 1517 2372 deprehensus
1539 2324 1673 2369 quidem
1695 2328 1748 2358 est

266 2376 304 2406 et
324 2370 589 2414 condemnatus3
612 2372 698 2407 nihil
721 2378 834 2408 autem
858 2374 901 2408 ab
926 2373 984 2408 illo
1010 2373 1161 2409 vicissim
1181 2384 1303 2420 passus
1324 2377 1379 2407 est
1403 2383 1463 2417 pro
1490 2371 1641 2405 malitiae
1663 2382 1748 2405 suae

262 2418 463 2453 atrocitate.
512 2417 600 2453 Cum
615 2423 727 2454 tamen
748 2420 871 2458 suimet
887 2420 998 2466 ipsum
1017 2420 1174 2466 puderet,
1197 2431 1238 2454 ac
1258 2423 1451 2458 vereretur,
1461 2429 1504 2452 ne
1520 2417 1592 2458 ille,
1611 2417 1748 2452 abiecta

263 2463 401 2500 tandem
419 2461 598 2511 patientia,
615 2465 772 2512 legitima
790 2467 1086 2502 animadversione
1101 2467 1136 2501 in
1154 2467 1266 2512 ipsum
1282 2469 1450 2506 uteretur,
1463 2464 1646 2509 aufugerat
1662 2463 1748 2499 clam

262 2512 322 2562 (ut
337 2511 501 2556 diximus)
526 2511 563 2546 iu
584 2524 716 2555 arcem,
740 2524 842 2560 quam
859 2513 1037 2560 Epibaton
1057 2519 1204 2555 vocant,
1228 2512 1373 2547 maximo
1390 2510 1528 2556 sumptu
1546 2510 1748 2556 iampridem

261 2567 289 2591 a?
302 2568 340 2591 se
358 2561 567 2593 exstructam
583 2560 645 2594 sub
657 2559 767 2602 Urbe,
786 2560 823 2595 iu
842 2560 1011 2596 maritima
1029 2571 1108 2595 ora:
1132 2564 1310 2606 angustam
1328 2558 1463 2604 quidem
1481 2557 1584 2599 illam,
1610 2561 1647 2591 at
1662 2557 1749 2592 mul-

261 2598 434 2650 tiplicem,
460 2607 496 2645 et
515 2604 657 2648 mirifice
679 2607 858 2650 munitam,
883 2619 947 2642 nec
969 2612 1172 2653 expugnatu
1190 2606 1337 2640 facilem.
1360 2620 1364 2625 ⁷
1383 2603 1526 2638 Scilicet·
1543 2615 1584 2636 ex
1602 2603 1749 2648 ignobili

262 2660 393 2695 genere
419 2649 465 2685 ad
489 2662 651 2687 summum
669 2653 830 2688 fortunae
847 2654 992 2699 gradum
1013 2658 1155 2689 evectus
1178 2651 1266 2688 ebrii
1297 2651 1443 2686 hominis
1467 2649 1624 2696 spiritum
1642 2661 1748 2695 gere-

264 2695 338 2731 bat.
383 2697 522 2733 Mortuo
548 2698 717 2745 siquidem
731 2701 939 2746 imperatore
958 2701 1191 2736 somniaverat
1208 2710 1248 2733 se
1266 2697 1520 2745 imperatoriam
1544 2701 1748 2742 potestatem

263 2741 482 2786 invasurum3
506 2743 786 2793 decreveratque,
806 2746 837 2781 si
852 2746 985 2782 viribus
1002 2747 1208 2781 deficeretur
1219 2769 1231 2788 ‚
1255 2745 1443 2790 confugere
1462 2743 1507 2778 ad
1525 2742 1618 2778 illam
1637 2754 1749 2777 arcem

265 2799 309 2840 ac
326 2788 454 2824 bellum
471 2802 548 2827 cum
564 2791 622 2827 illo
669 2805 767 2829 erere
790 2792 850 2840 qui
873 2792 1104 2840 imperaturus
1125 2785 1230 2828 foret.
1276 2791 1360 2837 (ΙΙ.)
1384 2791 1507 2837 Itaque
1524 2789 1604 2824 illuc
1623 2791 1749 2834 coege-

264 2838 322 2871 rat
339 2835 460 2873 variae
483 2849 525 2874 ac
545 2804 742 2887 multifilicis
761 2839 927 2888 pecuniae
951 2851 1114 2878 acer-vost
1135 2839 1236 2875 immo
1258 2843 1295 2874 et
1311 2836 1473 2874 frumenti
1495 2839 1532 2873 et
1546 2836 1621 2872 vini
1640 2835 1750 2883 pluri-
