1794 3172
116 639 730 702 NIKHOEOPOY
783 638 975 699 ΤΟΥ
1025 635 1515 698 ΓΡΗΓΟΡΑ

266 780 813 831 ΡΩΜΛΙΚΗΣ
877 777 1371 828 ΙΣΤΟΡΙΑΣ

604 897 912 938 ΛΟΓΟΣ
965 896 1056 934 ΚΑ,

71 1041 772 1104 NICEPHORI
875 1035 1555 1101 GREGORAE

284 1177 822 1232 BYZANTINAE
890 1175 1341 1227 HISTORIAE

386 1272 574 1352 Lmen
616 1307 964 1353 VIGESIMUS
1004 1306 1249 1352 PRIMUS.

551 1523 1074 1565 ARGUMENTUM.

164 1597 428 1634 Cantacuzenus
446 1597 644 1645 Gregoram
662 1597 816 1633 arcessit.
865 1597 1026 1631 Animum
1043 1594 1117 1630 eius
1135 1599 1253 1632 tentat
1268 1594 1381 1631 solitis
1396 1595 1553 1638 artibus,-

69 1646 164 1680 nullo
182 1650 299 1679 autem
315 1656 480 1680 successu.
530 1646 629 1688 Quae
648 1645 813 1679 hactenus
831 1644 870 1678 in
889 1643 1041 1677 Concilio
1059 1643 1204 1685 dixerit,
1229 1655 1272 1677 ea
1287 1643 1386 1688 pacis
1412 1647 1448 1678 et
1469 1655 1552 1677 con-

67 1693 211 1726 cordiae
227 1692 343 1726 studio
363 1692 489 1726 dixisse
505 1703 541 1726 se
560 1693 732 1735 affirmat.
778 1691 951 1725 Maiorem
968 1690 1005 1724 in
1018 1693 1197 1734 posterum
1226 1690 1438 1735 aequitatem
1454 1701 1555 1724 suam

61 1741 147 1782 sore
163 1738 353 1783 promittit.
401 1738 658 1773 Palamitarum
678 1737 770 1779 doli,
795 1737 992 1778 consilium,
1009 1736 1148 1780 fiducia
1175 1736 1285 1781 (Cap.
1305 1736 1359 1780 l).
1419 1737 1555 1771 Sessio-

2 1805 5 1812 =
66 1797 146 1819 nem
174 1784 318 1819 tertiam
347 1785 532 1819 orthodoxi
554 1796 578 1818 a
597 1785 700 1818 Fidei
722 1784 938 1829 professione
957 1782 1195 1827 auspicantur.
1241 1783 1417 1828 Excerpta
1443 1793 1484 1816 es:
1506 1783 1552 1817 li-

68 1832 138 1866 bris
157 1831 327 1866 Palamae
343 1831 509 1877 leguntur
524 1836 559 1865 et
576 1831 826 1874 expenduntur.
874 1830 973 1863 Illius
1000 1829 1039 1863 in
1061 1840 1098 1863 se
1120 1829 1336 1872 defendendo
1354 1829 1453 1863 labor
1467 1829 1553 1863 irri-

69 1882 138 1912 tus.
189 1878 369 1922 Gregoras
394 1889 497 1912 unum
526 1889 568 1911 ex
601 1877 778 1922 discipulis
797 1876 984 1921 producit,
1008 1875 1067 1920 qui
1085 1875 1292 1920 disputandi
1314 1886 1436 1910 munus
1459 1875 1552 1910 exci-

61 1925 156 1970 piat.
204 1924 384 1965 Palamas,
406 1925 519 1959 victus
534 1925 578 1958 ab
596 1925 832 1965 adolescente,
857 1924 1010 1957 omnibus
1027 1922 1216 1956 deridiculo
1235 1927 1296 1957 est.
1342 1922 1397 1956 Ex
1417 1921 1553 1968 viginti

68 1970 238 2015 capitibus
260 1970 334 2004 tria
357 1975 496 2006 tantum
520 1982 675 2005 excussa.
739 1970 864 2005 Exitus
890 1969 1017 2004 tertiae
1037 1969 1196 2002 sessionis
1223 1969 1295 2014 (2).
1355 1969 1448 2002 Acta
1468 1972 1551 2013 post

67 2016 249 2051 sessionem
267 2016 421 2050 tertiam.
469 2017 582 2052 Sessio
613 2022 762 2062 quarta,
786 2016 972 2060 eademque
999 2016 1135 2049 ultima.
1194 2015 1386 2050 Orthodoxi
1413 2015 1552 2059 partim

66 2065 238 2103 volentes,
259 2063 393 2107 partim
419 2063 527 2097 etiam
544 2064 697 2098 nolentes
726 2064 865 2097 adsunt.
909 2062 1131 2106 Imperatoris
1148 2061 1366 2104 iracundiae,
1384 2061 1550 2106 protinus

67 2114 276 2153 erupturae,
305 2109 484 2154 Gregoras
502 2115 602 2144 caute
620 2110 780 2144 occurrit.
827 2109 1036 2143 Recitantur
1063 2109 1196 2153 aliquot
1222 2108 1363 2154 capita,
1386 2119 1428 2142 cx
1453 2107 1551 2142 libris

66 2156 238 2190 Palamae
256 2160 429 2200 excerpta.
475 2156 643 2201 Episcopi
668 2156 842 2195 nonnulli,
866 2167 907 2189 ex
936 2156 1031 2190 illius
1052 2155 1191 2197 amicis,
1216 2155 1423 2200 dogmatum
1440 2165 1549 2188 novo-

65 2213 143 2236 rum
160 2201 345 2235 insolentia
365 2202 499 2245 offensi,
523 2203 643 2236 turbas
663 2203 766 2237 cient.
812 2202 982 2236 Palamae
998 2202 1178 2236 violentia.
1226 2201 1464 2236 Cantacuzeni
1478 2200 1549 2234 ini-

66 2249 194 2293 quitas.
246 2248 458 2282 Testimonia
486 2260 510 2283 a
528 2249 716 2283 Palamitis
743 2249 857 2283 allata
878 2249 1129 2283 examinantur.
1180 2247 1359 2293 Gregoras
1375 2247 1547 2290 fusiorem

64 2294 305 2328 narrationem
340 2298 376 2328 ct
403 2299 589 2330 accuratas
616 2295 846 2338 refutationes
873 2295 1047 2329 editurum
1078 2306 1114 2329 se
1137 2294 1336 2340 promittit,
1363 2294 1396 2328 si
1423 2292 1547 2327 mortis

60 2341 220 2386 pericula
241 2341 457 2376 imminentia
479 2342 643 2388 effugiat.
691 2341 799 2376 Redit
819 2342 868 2376 ad
879 2342 1109 2386 propositum.
1159 2341 1338 2375 Tumultus
1361 2344 1396 2374 et
1423 2340 1546 2381 confu-

64 2387 128 2420 sio.
181 2387 273 2430 Quid
297 2387 439 2421 tandem
463 2388 637 2422 decretum
662 2388 719 2422 sit.
769 2387 960 2423 orthodoxi
985 2388 1167 2434 vapulant.
1215 2386 1396 2432 Episcopis
1415 2385 1545 2419 duobus

64 2434 232 2477 adempta
256 2433 411 2478 insignia
443 2434 656 2480 dignitatis‚·
679 2434 788 2468 barba
812 2435 988 2469 vellicata.
1045 2434 1229 2479 Gregorae
1257 2431 1434 2478 discipulis
1459 2429 1544 2475 quid

65 2479 245 2513 acciderit.
269 2479 459 2525 Episcopus
477 2482 561 2526 Tyri
578 2492 637 2515 cur
659 2481 802 2515 sessioni
815 2481 962 2515 ultimae
982 2480 1080 2515 haud
1102 2479 1315 2524 interfuerit.
1363 2477 1545 2522 Gregoroe

64 2530 100 2560 et
118 2525 183 2558 alii
197 2529 237 2558 ut
246 2525 391 2568 2dimissi
409 2527 479 2561 sint
503 2527 577 2572 (3).
634 2527 814 2573 Gregoras
831 2527 930 2561 domo
948 2527 1150 2563 includitur.
1207 2523 1390 2560 Silentium
1411 2523 1446 2557 ei
1457 2533 1543 2568 per-

58 2576 205 2617 petuum
219 2571 397 2606 indicitur.
448 2574 655 2609 Consolatur
674 2585 710 2608 se
736 2574 888 2608 melioris
907 2575 1074 2612 fortunae
1099 2584 1178 2619 spe,
1214 2582 1317 2618 quam
1338 2570 1371 2604 ei
1396 2568 1545 2614 spondet

63 2619 144 2662 ipsa
158 2628 272 2651 rerum
288 2617 518 2654 humanarum
536 2620 765 2655 mutabilitas.
811 2619 906 2654 Idem
921 2631 996 2654 cum
1019 2620 1204 2654 illustrium
1223 2619 1428 2652 Sanctorum
1452 2615 1544 2649 casi-

62 2664 125 2697 bus
143 2668 241 2698 'suam
259 2665 495 2700 calamitatem
513 2671 705 2712 comparat.
752 2665 789 2700 S.
813 2666 941 2701 Basilii
958 2667 1064 2700 verba
1084 2666 1133 2700 ad
1151 2674 1314 2710 praesens
1329 2666 1465 2706 tempus
1481 2673 1543 2695 ac-

61 2709 269 2745 commodat.
314 2711 398 2745 Alia
412 2717 612 2747 sanctorum
628 2713 774 2747 Patr-um
793 2712 890 2746 dicta
906 2713 1161 2747 subiuncturum
1181 2721 1218 2745 se
1233 2708 1428 2755 promittit,
1453 2718 1543 2752 quae

61 2760 181 2791 tamen
196 2756 295 2791 haud
306 2759 445 2801 profert
467 2757 541 2804 (4).
588 2759 788 2794 Palamitae
805 2759 951 2793 victores
966 2759 1184 2804 impudenter
1200 2756 1385 2790 exsultant.
1429 2754 1543 2788 Prae-

61 2803 135 2836 mia
152 2803 201 2838 eis
219 2803 322 2838 data.
368 2804 505 2839 Poenae
522 2805 723 2841 orthodoxis
738 2805 934 2850 irrogatae.
961 2805 1217 2839 Palamitarum
1236 2803 1369 2848 dogma
1385 2800 1541 2846 impium.

61 2849 232 2886 Saevitia.
282 2850 405 2886 Tomus
428 2852 621 2897 synodicus.
671 2851 870 2898 Gregoram
893 2851 996 2887 multi
1019 2862 1062 2886 ez·
1091 2850 1212 2886 amicis
1230 2848 1413 2889 damete
1436 2850 1542 2894 “tw
