1794 3172
276 139 377 187 686
685 143 1001 189 NICEPHORI
1028 141 1353 187 GREGORAE

58 261 96 294 A.
114 261 159 294 M.
176 251 577 309 6852ἆπολεξάμενος
616 253 852 309 Σκυθικὴν,
893 255 960 296 καὶ
992 249 1106 307 μάλα
1146 251 1297 307 ἄλλην,
1338 250 1412 296 οὒκ
1443 251 1542 296 ἀνίει
1580 252 1749 308 πέμπων

100 309 228 343 lnd.l2
281 325 302 342 ν
429 324 546 341 ³³⁷1
756 322 767 338 x
858 322 870 338 x
1066 323 1107 348 ,ι
1213 321 1288 336 )ν
1409 320 1482 338 72
1570 322 1691 339 »τω

141 353 182 388 P·
195 354 264 390 429
275 329 402 381 αλλην
424 342 470 367 επ
520 328 623 381 αλλῃ
643 340 773 378 συχνα
794 339 897 380 προς
918 326 1155 378 πολιορκιαν
1175 339 1324 364 αυτων.
1365 322 1409 381 (ς
1424 321 1454 380 .)
1469 325 1565 365 Αλλ
1609 340 1749 366 εκεινοι

277 395 353 444 τὰς
394 392 577 444 ἐπάλξεις
609 393 779 435 ἔνδοθεν
812 390 1150 449 καταφράξαντες
1180 389 1356 448 ἀνδράσι
1396 393 1463 434 καὶ
1504 390 1644 442 ὅπλοις
1680 394 1750 435 καὶ

273 468 375 506 πᾶσι
407 461 698 518 μηχανήμασιν
732 459 944 518 ἑκηβόλοις
984 459 1118 503 πολλὰ
1161 464 1244 503 τῶν
1276 465 1495 504 Σκυθικῶν
1526 461 1750 518 κατεγέλων

272 536 415 588 βελῶν.
454 531 589 581 ἄλλως
617 548 659 573 τε
691 532 758 572 καὶ
793 533 1231 587 θαλαττοκρατοῦντες
1268 529 1388 587 αὐτοὶ
1409 563 1423 584 ,
1461 532 1528 573 καὶ
1561 530 1636 587 τὴν
1663 536 1777 574 τῶν5

274 601 510 657 ἐπιτηδείων
541 600 752 658 ἀφθονίαν
786 601 828 642 ἐκ
861 597 1083 655 θαλάσσης
1118 597 1420 655 ἐσκομιζόμενοι
1438 633 1452 654 ,
1491 601 1581 657 περὶ
1611 601 1750 656 ἐλαχί-

274 687 373 714 στου
394 669 470 719 τᾶς
499 673 582 713 τῶν
610 674 788 714 Σκυθῶν
819 667 996 727 ἐφόδους
1024 686 1067 711 τε
1095 670 1163 711 καὶ
1190 667 1645 726 περιστρατοπεδεύσας
1667 671 1749 712 ἐτί-

271 744 396 782 θεντο
411 753 421 762 ·
457 741 524 782 καὶ
545 737 593 782 τό
616 756 658 796 γε
684 741 841 794 μεῖζον,
882 737 944 781 ὅτι
966 736 1147 796 τριήρεσι
1172 739 1381 789 πλείσταις
1401 739 1684 796 περιπλέοντές
1705 757 1749 783 τε

237 810 343 851 Βκαὶ
384 809 690 866 παραπλέοντες
729 812 866 851 πᾶσαν
900 809 975 864 τὴν
1004 812 1088 851 τῶν
1128 811 1310 852 Σκυθῶν
1349 810 1559 865 παραλίαν
1583 807 1657 852 δύο
1696 809 1749 851 τοὶ

267 876 540 934 χαλεπώτατά
558 895 673 936 σφισι
694 877 962 936 προῦξένουν·
996 875 1041 920 (ἐν
1058 877 1147 933 μὲν,
1171 876 1232 921 ὅτι
1250 879 1424 934 μηδαμῆ
1447 879 1653 935 καταίρειν
1666 883 1748 921 τῶν
1761 884 1794 920 1(

270 952 490 1006 φορτηγῶν
519 945 703 991 ὁλκάδων
738 947 834 990 οὐδ’
858 945 1047 1003 ἡντινοῦν
1073 946 1331 1005 συνεχώρουν
1362 947 1517 1005 ἀγορᾶς
1545 949 1611 990 καὶ
1639 946 1750 1006 πρά-

273 1034 378 1067 σεως
413 1018 549 1061 ἕνεκα·
587 1016 609 1061 ὃ
641 1015 806 1075 σφόδρα
833 1018 1006 1068 ἐκείνους
1036 1014 1192 1071 ἐλύπει,
1231 1015 1280 1061 τό
1290 1035 1352 1071 ,τε
1381 1021 1615 1075 περιττεῦον
1650 1015 1749 1061 ἀνό-

146 1094 398 1142 ἵηῑ.348νητον
433 1086 601 1142 ἔχοντας
631 1088 697 1129 καὶ
727 1087 773 1130 τὸ
802 1087 936 1131 ἐνδέον
966 1085 1255 1143 ἄνεπινόητον·
1293 1084 1482 1145 δεύτερον
1505 1086 1568 1140 δ’,
1601 1085 1662 1130 ὅτι
1680 1088 1750 1129 καὶ

271 1160 357 1200 τῶν
382 1160 482 1199 νεῶν
502 1158 754 1213 ἐκπηδῶντες
782 1157 906 1200 ἐνίοτε
941 1159 1008 1200 καὶ
1042 1157 1204 1212 ἐνιαχοῦ
1234 1156 1390 1213 πολλὴν
1411 1158 1456 1199 ἐκ
1489 1160 1564 1212 τῆς
1586 1160 1748 1200 Σκυθι-

271 1229 346 1281 κῆς
366 1230 543 1283 κατῆγον
562 1226 636 1282 τὴν
659 1227 769 1269 λείαν
796 1227 837 1276 ἐς
859 1226 935 1277 τὰς
952 1224 1128 1285 τριήρεις
1141 1239 1150 1250 ·
1189 1224 1244 1277 ὥς
1266 1223 1582 1284 ἀπεστράφθαι
1601 1226 1653 1268 τὰ
1672 1230 1747 1282 τῆς
1761 1232 1794 1269 15

236 1297 514 1352 Οπολιορκίας
548 1297 615 1339 καὶ
651 1300 960 1353 πολιορκεῖσθαι
988 1299 1149 1352 μᾶλλον
1192 1296 1290 1347 τοὺς
1321 1294 1495 1346 Σκύθας
1525 1297 1681 1350 δοκεῖν,
1719 1294 1747 1352 ἢ

269 1368 510 1422 πολιορκεῖν.
583 1363 674 1424 (Ζ.)
706 1365 774 1409 Ἑν
810 1366 860 1421 δὴ
891 1374 977 1417 τοῖς
1005 1364 1209 1416 τοιούτοις
1237 1369 1401 1424 μακροῦ
1431 1365 1586 1421 μεταξὺ
1604 1370 1748 1424 τριβο-

266 1433 390 1488 μένου
418 1439 492 1478 τοῦ
520 1433 702 1491 χρόνου,
741 1437 855 1479 σίτου
888 1453 930 1479 τε
950 1434 1092 1479 σπάνει
1115 1436 1190 1487 τὰς
1203 1433 1415 1491 Ῥωμαίων
1441 1435 1647 1488 πιέζεσθοι
1669 1433 1749 1478 πό-

266 1506 349 1552 λεις
384 1506 452 1546 καὶ
485 1502 562 1547 ὅσα
600 1508 684 1547 τῶν
712 1510 962 1562 ταριχευτῶν
994 1506 1206 1561 ἐδωδίμων
1239 1507 1282 1548 ἐκ
1314 1509 1389 1562 τῆς
1410 1502 1657 1555 Μαιώτιδος
1680 1506 1749 1547 καὶ

265 1575 352 1614 τῶν
370 1571 530 1630 ἔγγιστα
550 1578 749 1629 ποταμῶν
772 1576 1019 1632 συνηνέχθη.
1058 1575 1186 1627 ἔξεστι
1205 1575 1345 1631 μέντοι
1366 1571 1610 1630 θαυμάζειν,
1641 1572 1745 1617 ὃπό-
1759 1584 1794 1619 2(

273 1655 362 1690 σοις
379 1642 437 1698 μὴ
461 1643 737 1686 διασέσεισταί
753 1662 839 1695 πως
868 1646 915 1688 τὸ
939 1643 1197 1702 λογιζόμενον
1215 1649 1290 1701 τῆς
1309 1649 1472 1701 ψυχῆς,
1511 1642 1623 1694 ὅπως
1642 1643 1749 1687 ‘2⁷10-

272 1713 529 1768 κλεισθείσης
567 1711 717 1757 οὑτωσὶ
756 1718 832 1770 τῆς
858 1714 1021 1759 ἄνωθεν
1050 1716 1350 1771 σιτοπομπίας,
1399 1714 1591 1770 ἐμέλησεν
1622 1713 1753 1764 εὐθὺς

232 1783 328 1837 1)τῇ
352 1783 525 1842 προνοίᾳ
563 1785 834 1838 σιτοπομπίας
866 1783 1008 1842 ἑτέρας
1045 1784 1262 1845 ἀνεῳγέναι
1301 1782 1454 1842 θύραν.
1496 1783 1631 1827 Ἰωνία
1668 1783 1748 1840 γὰρ

272 1851 340 1892 καὶ
378 1852 540 1908 Φρυγία
569 1854 638 1895 καὶ
671 1851 775 1911 πρός
805 1869 849 1911 γε
881 1855 1089 1908 Βιθυνία,
1140 1856 1209 1897 καὶ
1252 1851 1350 1898 ὅσον
1387 1853 1567 1898 ἐπέκεινα
1607 1857 1748 1911 χῶρον

275 2006 343 2039 tem
365 2004 472 2051 legit3
496 2010 566 2042 tum
583 2008 682 2044 aliam
703 2010 820 2046 statim
840 2011 1021 2059 adiungit,
1044 2023 1110 2047 nec
1128 2014 1242 2047 cessat
1262 2012 1349 2047 alios
1370 2023 1475 2058 super
1499 2010 1584 2045 alios
1612 2010 1750 2046 mittere

274 2051 393 2086 urbem
418 2053 625 2106 obsessuros.
676 2058 776 2102 (VI.)
798 2061 844 2092 At
862 2059 897 2093 hi
919 2059 1048 2094 munito
1069 2060 1254 2094 introrsum
1276 2059 1365 2094 vallo
1386 2059 1471 2094 viris
1494 2059 1686 2103 armisque,
1707 2069 1748 2091 ac

274 2099 454 2152 tormentis
475 2100 727 2146 cuiusquemodi
750 2104 955 2148 missilibus,
988 2106 1154 2151 Scythica
1181 2107 1253 2141 tela
1275 2117 1416 2151 prorsus
1442 2105 1646 2140 irridebant.
1693 2103 1748 2139 Ad

273 2141 373 2197 hpeq,
386 2155 466 2188 quia
482 2147 584 2180 maris
602 2148 743 2194 imperio
760 2151 992 2195 potiebantur,
1009 2159 1044 2187 et
1058 2164 1168 2187 rerum
1186 2153 1453 2188 necessariarum
1469 2151 1602 2197 copiam
1620 2162 1749 2186 omnem

274 2188 343 2241 ιιι-δι
358 2190 438 2244 inde
455 2195 716 2246 comparabant,
740 2196 870 2232 idcirco
894 2199 1103 2244 Scytharum
1127 2199 1290 2244 impetum
1311 2204 1346 2234 et
1367 2200 1628 2234 circumstantes
1650 2208 1750 2232 exer-

276 2238 365 2268 citus
385 2247 512 2271 muuml
531 2239 724 2276 faciebant:
758 2248 792 2277 et
810 2246 899 2290 quod
922 2245 1032 2280 maius
1050 2250 1121 2287 est,
1144 2246 1344 2280 triremibus
1366 2245 1621 2291 quamplurimis
1641 2248 1749 2278 totam

275 2279 480 2334 Scytharum
507 2286 706 2340 maritimam
731 2301 822 2324 oram
848 2291 975 2327 circum
998 2304 1039 2327 ac
1059 2296 1198 2338 praeter
1218 2292 1334 2334 vecti,
1358 2292 1527 2338 duplicem
1547 2291 1616 2325 illis
1643 2291 1750 2325 mole-

275 2330 376 2361 etlam
394 2340 534 2384 eamque
553 2342 726 2368 maximam
748 2337 970 2372 exhibebant:
997 2339 1105 2384 primo
1127 2339 1209 2384 quia
1230 2350 1392 2384 nusquam
1416 2338 1592 2384 appellere
1616 2336 1750 2372 emendi

275 2383 318 2406 ac
336 2375 506 2409 vendend1
531 2389 635 2432 causa
657 2381 875 2424 patiebantur
897 2396 1015 2418 navem
1035 2386 1137 2420 ullam
1158 2385 1368 2427 onerariam3
1394 2387 1486 2431 quod
1505 2384 1590 2419 istos
1613 2384 1748 2429 quidem

274 2418 374 2473 valde
392 2423 552 2475 angebat,
568 2426 693 2469 quibus
711 2428 844 2463 minime
862 2430 946 2465 utile
967 2437 1059 2466 esset
1078 2432 1126 2473 id,
1147 2443 1215 2477 quo
1237 2432 1459 2473 abundarent,
1477 2443 1518 2465 ac
1533 2430 1668 2465 minime
1686 2441 1749 2475 pa-

274 2466 447 2521 rabile-id,
473 2480 539 2514 quo
559 2477 720 2515 egerent:
742 2474 863 2510 deinde
884 2477 965 2520 quia
983 2478 1125 2512 navibus
1149 2478 1345 2512 exsilientes
1372 2477 1558 2522 aliquando*
1581 2481 1618 2510 et
1644 2476 1749 2511 certis

273 2522 310 2545 1n
336 2511 422 2567 locis
444 2515 583 2550 multum
614 2518 764 2563 praedae
782 2533 824 2555 ex
843 2522 986 2567 Scythia
1013 2526 1162 2569 agebant
1181 2525 1217 2560 in
1232 2525 1410 2567 triremes3
1433 2524 1484 2558 ita
1502 2529 1540 2557 ut
1560 2522 1749 2558 obsidionis

273 2557 358 2592 ordo
387 2567 621 2616 1nverteretur
643 2569 681 2598 et
706 2567 815 2612 magis
842 2569 992 2603 obsideri
1018 2571 1419 2616 Scythae-viderentur,
1454 2581 1554 2615 quam
1576 2570 1748 2604 obsidere.

272 2603 389 2649 (VH.)
412 2606 452 2640 In
473 2608 526 2642 hls
547 2621 622 2644 cum
645 2615 736 2646 esset
762 2613 899 2648 multum
918 2619 1051 2660 tempus
1069 2622 1320 2664 consumptum,
1346 2628 1494 2662 coepere
1516 2616 1652 2650 interim
1676 2617 1749 2651 Ro-

270 2660 391 2704 manae
408 2654 512 2688 urbes
530 2654 688 2708 laborare
706 2658 823 2704 inopia
843 2661 1001 2696 frumenti
1025 2667 1060 2697 et
1080 2675 1195 2698 eorum
1216 2663 1424 2698 cibariorum
1436 2687 1447 2705 ‚
1469 2675 1560 2709 quae
1577 2663 1649 2698 sale
1666 2674 1748 2697 con-

271 2695 345 2731 ‹hta
364 2709 406 2752 ex
425 2699 602 2754 Maeotide
618 2703 812 2758 vicinisque
833 2706 952 2741 fluviis
966 2708 1169 2746 afferuntur.
1217 2711 1401 2745 Caeterum
1423 2709 1463 2751 ii,
1489 2721 1632 2755 quorum
1651 2708 1750 2743 inco-

270 2740 359 2805 lume
378 2744 552 2800 ludlcmm·
564 2751 636 2790 est,
660 2751 778 2786 mirari
801 2753 932 2797 possint
944 2779 953 2795 ‚
977 2756 1144 2800 quomodo
1169 2755 1362 2791 interclusis
1382 2756 1441 2798 iis,
1460 2756 1519 2801 qui
1544 2759 1647 2790 antea
1665 2755 1750 2790 fuis-

270 2799 361 2831 ΒΘΗ»,
379 2794 621 2848 commeatlbus
637 2797 811 2831 curaverit
827 2800 941 2833 statim
956 2801 1192 2845 Providentia,
1209 2808 1248 2837 ut
1264 2802 1323 2837 via
1342 2802 1410 2837 alia
1426 2806 1565 2847 pateret.
1581 2803 1749 2837 frumento

270 2834 484 2873 advehendo.
531 2839 628 2876 loma
658 2843 747 2878 enim
779 2847 815 2879 et
839 2844 1014 2892 Phrygia,
1048 2860 1089 2884 ac
1115 2854 1298 2895 praeterea
1325 2848 1513 2896 Bithynia,
1537 2854 1575 2884 et
1591 2859 1750 2896 agrorum
