1794 3172
242 138 374 188 1068
648 140 966 189 NICEPHORI
993 137 1318 184 GREGORAE

21 268 60 303 A.
77 266 122 300 Μ.
140 255 478 312 6859ὗποστολῆς
508 268 645 306 τινος,
691 251 788 295 οὐδ’
828 251 1139 307 αἰνιγματωδῶς
1172 265 1286 302 πως,
1325 246 1420 292 ἀλλ’
1447 246 1625 297 ἀναιδῶς
1654 249 1723 291 καὶ

83 311 192 349 Ind'4
244 323 473 385 διαρρήδην
483 356 496 377 ,
535 323 684 380 κυρίως
701 319 909 376 θεότητας
929 320 1158 378 δογματίζει
1186 318 1262 373 τὴν
1292 317 1516 375 ἐνέργειαν,
1548 320 1614 359 καὶ
1636 316 1724 372 ἅμα

206 396 357 452 Βζωὴν
387 395 455 437 καὶ
487 393 640 450 σοφίαν
667 393 733 433 καὶ
767 388 967 445 βούλησιν
1001 391 1068 432 καὶ
1099 385 1300 447 φρόνησιν
1330 389 1397 430 καὶ
1418 387 1548 443 ἲσχὺν,
1580 387 1646 428 καὶ
1671 386 1724 429 τὰ

243 468 440 516 τοιαῦτα,
475 462 544 504 καὶ
579 460 835 517 ἀσυγκρίτως
865 459 1016 514 ἀμείνω
1045 463 1119 514 τῆς
1146 458 1289 507 οὐσίας
1321 456 1494 510 ἕκαστα,
1541 453 1724 514 διάφορά

245 552 288 580 τε
310 533 410 577 ὄντα
430 535 504 587 τῆς
526 531 671 580 οὐσίας
691 532 758 573 καὶ
780 526 981 584 ἀλλήλων.
1015 530 1106 585 περὶ
1131 522 1187 571 ὧν
1210 529 1276 570 καὶ
1301 524 1322 569 ὃ
1345 531 1461 577 θεῖος
1481 524 1594 582 ἔφθη
1620 530 1759 581 προ-5

246 602 415 661 ειρηκὼς
426 599 679 650 Ἀθανάσιος
693 613 703 623 ·
726 597 818 653 ,,ὡς
838 598 875 642 οἳ
898 598 1057 651 ἀσεβεῖς
1078 596 1125 641 οὐ
1149 598 1322 640 θέλουσι
1342 594 1463 653 λόγον
1485 596 1553 638 καὶ
1574 595 1727 658 σοφίαν

245 675 313 718 καὶ
342 671 500 727 βουλὴν
525 672 659 723 ζῶσαν
692 668 795 713 εἶναι
827 667 899 711 τὸν
926 668 1017 710 υἱὸν
1026 700 1040 721 ‚
1079 668 1170 723 περὶ
1212 667 1257 708 δὲ
1285 665 1358 709 τὸν
1389 665 1489 708 θεὸν
1529 662 1729 721 φρόνησιν

246 743 314 786 καὶ
339 738 539 797 βούλησιν
560 741 628 782 καὶ
653 740 829 796 σοφίαν,
863 735 918 788 ὥς
939 737 1019 788 ἕξιν
1039 737 1353 791 συμβαίνουσαν
1376 736 1443 778 καὶ
1463 733 1727 788 ἄποσυμβαί-

204 806 445 856 Ενουσαν.”
482 811 550 852 καὶ
571 804 699 859 αὐθις
718 807 739 852 ὅ
761 807 888 864 μέγας
911 806 1036 864 ἔφησε
1056 804 1280 860 ΖΠάξιμος·
1317 804 1410 860 ,,μὴ
1433 804 1530 854 ἕξεις
1551 804 1618 845 καὶ
1639 804 1729 845 ἐπι-

247 877 517 937 τηδειότητας
537 876 715 936 ζητήσῃς
737 879 802 920 ἐπὶ
826 880 900 932 τῆς
922 874 1055 931 ἁπλῆς
1072 876 1139 917 καὶ
1159 875 1328 932 ἀπείρου
1349 874 1494 923 οὐσίας
1513 877 1589 937 τῆς
1611 870 1730 928 ἁγίας
1743 881 1787 916 10

250 948 444 1008 τριάδος,
472 949 544 992 *ἵνα
563 947 622 1004 μὴ
647 945 850 991 σύνθετον
870 945 999 1001 αὐτὴν
1021 945 1293 1001 δογματίσῃς,
1326 941 1462 1000 ὥσπερ
1483 941 1536 985 τὰ
1557 934 1733 996 κτίσμα-

250 1037 317 1063 τα.
354 1016 489 1061 πάντα
508 1017 587 1075 γὰρ
609 1015 687 1060 ὅσα
707 1017 785 1071 ἔχει
807 1013 828 1058 ὅ
849 1015 964 1068 θεὸς,
989 1012 1108 1072 φύσει
1122 1013 1198 1070 ἔχει
1218 1015 1286 1056 καὶ
1305 1013 1378 1056 οὐκ
1398 1011 1636 1067 ἒπίκτητα.”
1663 1011 1732 1053 καὶ

251 1086 375 1132 πάλιν
390 1102 400 1111 ·
438 1085 498 1141 ,,ὃ
520 1086 620 1136 θεὸς
641 1085 689 1129 οὐ
710 1082 940 1139 ποιοτήτων
954 1117 968 1138 ,
1005 1083 1099 1127 ἀλλ’
1129 1083 1278 1127 οὐσιῶν
1300 1081 1609 1137 πεποιωμὲνων,
1646 1081 1733 1124 ἐστὶ

254 1154 546 1214 δημιουργός.”
592 1152 693 1215 ὁρᾷς
724 1152 778 1204 ὥς
799 1154 897 1204 ἔξεις
927 1154 995 1196 καὶ
1018 1153 1225 1202 διαθέσεις
1247 1154 1314 1195 καὶ
1345 1150 1569 1207 ποιότητας
1595 1147 1733 1200 πάσας

218 1227 514 1283 Ε’ἀλλοτριοῢσι
534 1222 776 1268 παντάπασι
798 1227 872 1279 τῆς
891 1223 1012 1272 θείας
1042 1222 1209 1275 οὐσίας,
1249 1222 1318 1264 διὰ
1346 1221 1394 1264 τὸ
1416 1221 1475 1276 μὴ
1499 1218 1599 1263 εἶναι
1622 1219 1730 1262 καθ’
1748 1223 1791 1262 15

253 1294 405 1351 ἑαυτὴν
427 1294 621 1349 οὐδεμίαν
642 1293 879 1343 συνθέσεως
909 1291 1020 1336 ἄνευ.
1069 1291 1166 1334 ἀλλ’
1190 1289 1211 1334 ὁ
1234 1290 1307 1341 σὸς
1326 1294 1541 1345 Παλαμᾶς
1561 1288 1609 1332 οὐ
1628 1286 1734 1341 βού-

256 1369 369 1408 λεται
402 1368 552 1416 τοῦτο,
591 1362 688 1406 οὐδὲ
720 1360 895 1406 δύναται
925 1359 1154 1418 γινώσκειν,
1195 1358 1250 1411 ὥς
1280 1360 1331 1403 τὰ
1362 1358 1461 1403 ἑκτὰ
1491 1357 1627 1402 πάντα
1666 1359 1735 1401 καὶ

102 1438 148 1476 Ρ.
168 1436 239 1476 672
263 1435 307 1478 αἱ
330 1434 430 1486 ἕξεις
451 1432 572 1476 αὐταὶ
595 1433 746 1488 ληπταὶ
765 1438 849 1482 τοῖς
872 1431 1007 1487 ἒβςουσι
1036 1428 1259 1486 ποιήμασίν
1281 1432 1356 1472 εἰσι
1368 1462 1381 1483 ,
1420 1431 1616 1478 δεκτικοῖς
1644 1422 1738 1471 οὐσι

255 1508 339 1549 τῶν
362 1504 518 1554 ἔξωθεν
541 1501 840 1559 ἐπιγινομένων.
871 1502 938 1543 καὶ
959 1502 993 1543 εἴ
1009 1499 1067 1555 μὴ
1087 1497 1209 1553 λάβοι
1226 1516 1301 1551 τις,
1325 1498 1420 1542 οὐδ’
1442 1498 1531 1549 ἕξει.
1569 1498 1644 1550 „vl
1656 1497 1735 1553 γὰρ

258 1572 404 1629 ἔ’χεις,”
424 1573 564 1631 φησὶν,
585 1570 643 1626 „3
664 1571 738 1614 οὐκ
756 1570 924 1626 ἔλαβες
937 1569 963 1590 ”
984 1567 1146 1612 ‹509²ss
1165 1568 1242 1624 ἔχει
1264 1585 1339 1621 τις,
1355 1564 1572 1624 ἀλλότριόν
1588 1566 1636 1609 τέ
1649 1567 1792 1609 {aueo

251 1637 327 1688 'aaz
347 1643 585 1686 ἐπείσακτον
597 1654 607 1664 ·
628 1638 766 1699 ὥσπερ
786 1642 855 1684 καὶ
873 1639 926 1683 τὰ
945 1638 1099 1692 ἔξωθεν
1117 1636 1272 1683 οὖτωσί
1280 1654 1367 1690 πως
1386 1634 1615 1681 ἐπεισιόντα
1633 1640 1737 1680 ταῦ-

354 1764 412 1803 11.
434 1759 592 1811 ποιήσῃς
612 1761 691 1798 edd.

264 1865 448 1908 ecaritate,
471 1866 535 1901 sed
551 1866 767 1914 impudenter
789 1867 826 1901 et
844 1865 1021 1912 conceptis
1037 1864 1172 1907 verbis,
1195 1875 1338 1911 pravum
1353 1864 1420 1898 hoc
1438 1862 1561 1908 dogma
1578 1862 1738 1898 introdu-

265 1913 334 1955 cit3
357 1913 450 1958 quod
477 1913 627 1957 scilicet,
659 1913 799 1960 proprie
827 1917 863 1948 et
889 1913 1011 1948 stricte
1039 1913 1230 1958 loquendo,
1262 1910 1461 1945 divinitates
1487 1910 1631 1945 totidem
1655 1909 1737 1951 sint,

228 1973 233 1980 ·
264 1960 442 2014 operatio,
466 1959 560 2002 vita,
583 1961 775 2006 sapientia,
797 1959 974 2002 voluntas,
998 1959 1206 2005 prudentia,
1228 1957 1415 1999 fortitudo,
1439 1961 1476 1991 et
1505 1957 1573 1991 alia
1602 1956 1739 2001 generis

267 2005 436 2040 eiusdem:
460 2006 512 2040 ita
535 2010 574 2041 ut
596 2008 716 2041 horum
741 2005 876 2051 singula
894 2011 931 2040 et
957 2018 978 2040 a
998 2018 1035 2040 se
1058 2005 1222 2046 invicem,
1247 2010 1283 2039 et
1301 2005 1344 2038 ab
1370 2004 1445 2049 ipsa
1464 2003 1531 2037 Dei
1547 2003 1740 2037 substantia

268 2052 545 2096 distinguantur,
577 2065 644 2098 qua
670 2053 773 2088 etiam
800 2051 1113 2098 incomparabiliter
1140 2052 1209 2086 sint
1233 2051 1385 2086 meliora.
1442 2049 1497 2084 De
1525 2050 1650 2095 quibus
1674 2049 1741 2084 iam

289 2098 489 2133 raedixerat
507 2098 608 2133 divus
627 2098 836 2134 Athanasius
854 2098 903 2133 ita
921 2099 1087 2134 scribens.
1144 2098 1304 2140 „Nolunt
1314 2096 1349 2140 ,''
1371 2096 1504 2142 inquit,
1530 2095 1655 2141 „impii
1679 2095 1709 2129 F
1711 2096 1742 2129 i-

278 2144 347 2179 ium
363 2155 439 2178 esse
456 2146 595 2180 verbum
607 2171 618 2187 ,
643 2145 865 2191 sapientiam,
888 2144 1073 2190 vivumque
1092 2144 1289 2185 consilium;
1314 2144 1376 2178 sed
1395 2144 1603 2178 contendunt
1631 2142 1742 2187 ipsum

266 2202 344 2226 esse
364 2190 456 2235 apud
473 2190 580 2226 Deum
597 2191 813 2237 prudentiam
825 2215 836 2232 ,
859 2191 1090 2233 voluntatem,
1111 2195 1148 2225 et
1169 2190 1394 2237 sapientiam3
1420 2201 1507 2236 quae
1525 2189 1622 2223 velut
1639 2189 1743 2223 habi-

266 2240 324 2272 tus
345 2237 485 2283 quidam
500 2237 574 2272 Deo
593 2237 792 2279 adveniant,
811 2242 871 2272 aut
888 2239 932 2272 ab
949 2250 989 2273 eo
1009 2237 1208 2272 recedant.’'
1258 2237 1305 2271 Et
1323 2247 1464 2280 magnus
1484 2236 1607 2269 iterum
1626 2234 1743 2268 Maxi-

266 2294 342 2319 mus
367 2283 418 2317 ita
444 2283 607 2329 loquitur.
654 2284 721 2327 „In
740 2283 884 2329 simplici
905 2289 1009 2330 atque
1028 2284 1165 2318 infinita
1187 2288 1328 2318 sanctae
1344 2282 1531 2317 Trinitatis
1548 2280 1741 2315 substantia

268 2329 339 2364 noli
357 2328 493 2364 habitus
513 2334 549 2364 et
567 2330 766 2365 habilitates
786 2342 972 2375 quaerere3
995 2342 1038 2364 ne
1059 2336 1294 2365 creaturarum
1312 2340 1404 2363 more
1424 2327 1645 2373 compositam
1665 2339 1743 2361 esse

268 2377 380 2422 ipsam
408 2376 598 2421 praedices.
644 2377 733 2411 Nam
751 2388 973 2422 quaecunque
994 2377 1088 2411 Deus
1107 2378 1230 2418 habet,
1255 2387 1300 2410 ex
1316 2379 1438 2409 natura
1459 2386 1522 2410 sua
1543 2378 1580 2408 et
1598 2385 1663 2408 non
1685 2385 1742 2408 re-

271 2434 354 2457 cens
370 2420 558 2457 adventitia
581 2422 767 2468 possidet?
814 2423 863 2458 Et
882 2435 1018 2457 rursus:
1041 2423 1164 2466 „Deus
1181 2434 1248 2456 non
1268 2421 1484 2466 qualitatum,
1502 2421 1563 2455 sed
1582 2421 1743 2455 substan-

270 2468 397 2503 tiarum
415 2468 639 2514 qualitatibus
655 2469 855 2504 affectatum
867 2495 876 2511 ‚
902 2475 957 2504 est
981 2468 1151 2504 creator-3²
1198 2467 1321 2502 Cernis
1338 2466 1405 2501 iam
1425 2479 1494 2513 quo
1519 2471 1622 2513 pacto
1642 2466 1744 2501 habi-

273 2519 350 2557 tus,
373 2514 638 2561 dispositiones,
662 2519 698 2549 et
723 2527 942 2562 quascunque
961 2516 1168 2561 qualitates,
1191 2527 1212 2549 a
1238 2514 1356 2548 divina
1375 2514 1571 2549 substantia
1595 2517 1635 2547 ut
1657 2512 1744 2547 alie-

275 2572 338 2596 nas
362 2565 561 2596 removeant
585 2561 650 2595 SS.
669 2562 813 2604 Patres,
837 2574 877 2596 eo
903 2563 994 2608 quod
1020 2571 1134 2596 earum
1157 2560 1248 2595 nulla
1267 2560 1312 2594 sit
1332 2559 1590 2605 compositionis
1606 2570 1745 2604 expers-

275 2608 355 2642 Hoc
371 2611 485 2643 autem
508 2613 566 2642 tuo
583 2619 650 2642 non
669 2608 786 2653 placet
804 2608 986 2651 Palamae,
1012 2609 1072 2654 qui
1089 2607 1284 2652 intelligere
1301 2618 1368 2640 non
1385 2606 1499 2649 valet,
1523 2607 1589 2641 hoc
1608 2617 1685 2639 esse
1700 2605 1745 2638 de

276 2658 399 2689 natura
418 2653 562 2688 omnium
580 2653 756 2689 habituum
773 2658 809 2688 et
827 2666 942 2689 rerum
955 2666 1049 2700 *quae
1069 2654 1188 2689 haberi
1211 2657 1377 2698 possunt,
1401 2657 1440 2686 ut
1458 2664 1480 2687 a
1497 2651 1666 2687 creaturis
1683 2652 1746 2684 ha-

277 2699 457 2743 bentibus,
481 2703 518 2734 et
536 2699 580 2734 ad
606 2712 662 2735 res
685 2701 898 2735 extrinsecus
923 2701 1146 2736 advenientes
1164 2699 1378 2744 recipiendas
1394 2698 1545 2740 idoneis,
1569 2696 1746 2743 accipian-

277 2749 344 2780 tur.
389 2746 467 2780 Nec
486 2746 626 2781 habebit
643 2747 733 2792 quiS‚
757 2747 822 2781 nisi
838 2748 1022 2792 acceperit.
1068 2745 1192 2789 „Quid
1209 2746 1299 2779 enim
1317 2744 1460 2786 habes‚’'
1478 2744 1602 2790 inquit,
1626 2743 1746 2788 „quod

278 2802 345 2826 non
368 2792 603 2837 accepeffiw
635 2793 731 2838 Ergo
757 2793 850 2838 quod
871 2794 975 2828 habet
995 2792 1095 2840 quis,
1117 2792 1263 2828 alienum
1281 2795 1335 2825 est
1352 2796 1388 2825 et
1404 2790 1632 2826 adscititium:
1655 2789 1747 2823 sicut

279 2839 317 2874 et
334 2847 425 2884 quae
438 2839 650 2882 extrinsecus
667 2839 732 2875 hac
754 2839 830 2875 fere
851 2839 985 2876 ratione
1002 2839 1191 2876 adveniunt
1208 2837 1401 2874 huiusmodi
1419 2837 1663 2884 cogitationes,
1685 2846 1748 2870 no-
