1794 3172
243 123 348 192 856
635 145 953 194 NICEPHom
980 144 1306 192 GREGORAE

20 267 60 302 A.
79 267 124 302 M.
140 267 234 304 6857
243 264 383 319 κοινῆς
411 258 610 319 ὠφελείας
641 258 768 303 ἕνεκα.
807 259 875 301 καὶ
895 253 1129 314 ταῦταμὲν
1161 260 1313 301 τοῦτον
1339 253 1432 314 ἴσχε
1459 255 1533 302 τὸν
1553 253 1723 316 τρόπον,

75 316 181 351 ῙΜΞ
202 333 311 396 cml
349 328 662 387 ἀπηλλάττοντο
693 330 749 379 εἷς
779 327 834 370 τὰ
859 328 946 371 ἴδια
971 327 1152 371 ἕκαστοι.
1201 327 1335 383 πολλὴ
1362 328 1412 370 δέ
1437 345 1501 379 τις
1530 328 1725 371 ἐντεῦθεν

242 402 431 460 ἐφαίνετο
451 402 542 458 περὶ
560 399 636 455 τὴν
657 397 818 442 ὅπλισιν
836 396 863 455 ἡ
881 398 1109 456 φιλοτιμία,
1132 398 1200 440 καὶ
1220 395 1331 448 ὄξεΐά
1349 414 1412 448 τις
1429 392 1481 454 ἦν
1506 395 1533 454 ἡ
1561 396 1725 454 σπουδὴ

241 472 339 529 περί
362 488 405 514 τε
436 468 694 524 κατασκευὴν
720 472 825 512 νεῶν
855 469 923 511 καὶ
957 466 1222 524 πετροβόλων
1254 465 1566 523 μηχανημάτων
1595 463 1727 524 μεγά-

240 546 325 585 λων
349 557 393 583 τε
417 541 484 583 καὶ
517 542 677 596 μικρῶν
708 539 777 581 καὶ
808 541 1120 596 μισθοφορικοῦ
1150 541 1359 593 στρατοῦ,
1395 536 1487 581 ὅσοι
1510 554 1555 580 τε
1586 537 1628 588 ἐς
1649 536 1755 588 τάς5

240 609 437 660 ναυτικὰς
469 607 664 664 δυνάμεις
693 609 760 652 καὶ
793 607 882 652 ὅσοι
903 608 944 658 ἐς
965 608 1042 658 τὰς
1067 607 1231 660 πεζικὰς
1251 607 1472 664 ἀρκέσουσι
1496 604 1730 665 φάλαγγας.-

244 679 345 724 ὅθεν
365 677 594 736 χρημάτων
618 678 692 722 οὒκ
710 677 840 722 ὄντων
859 679 915 729 εἷς
932 677 1008 734 τὴν
1030 675 1235 734 δαπάνην,
1268 675 1491 735 ἐπράττετο
1513 677 1618 735 πρὸς
1637 679 1728 719 Βυ-

197 751 442 803 Βζαντίων,
475 748 562 793 ἴνια
584 749 659 804 μὲν
677 749 782 805 παρ’
809 745 1012 802 ἑκόντων,
1051 747 1104 791 τὰ
1127 748 1172 791 δὲ
1205 750 1378 790 πλεῖστα
1414 747 1530 805 παρὰ
1559 744 1727 805 σφόδρα

241 817 440 864 ἀκόντων.
479 819 752 875 ἐξεπέμποντο
773 819 818 861 δὲ
838 820 907 862 καὶ
927 819 967 862 οἳ
988 817 1063 869 τὰς
1091 817 1303 878 Θρακικὰς
1324 815 1728 875 ἀργυρολογήσοντες

240 888 380 941 πόλεις
407 890 475 933 καὶ
507 887 649 947 χώρας
683 893 761 945 τῆς
792 893 933 945 κοινῆς
969 890 1036 932 καὶ
1067 887 1294 944 ἀναγκαίας
1312 888 1489 944 ταυτησὶ
1504 888 1647 945 χρείας
1667 888 1725 930 εἵ-
1740 895 1785 931 10

241 978 352 1004 νεκα.
407 957 505 1018 (Δ.)
538 959 674 1010 Ἔνίας
697 975 740 1016 γε
768 958 853 1015 μὴν
885 959 925 1003 οἳ
950 960 1135 1003 Λατῖνοι
1156 962 1238 1001 τῶν
1268 956 1362 1001 ὅσαι
1384 957 1729 1016 προτειχίσματος

243 1031 361 1086 δίκην
394 1027 565 1080 ὁλκάδες
609 1029 683 1073 τὸν
720 1030 867 1072 οἶκεῖον
902 1026 1111 1085 ἐπλήρουν
1143 1027 1298 1083 λιμένα
1343 1027 1654 1085 καταγνυμένας
1683 1044 1727 1071 τε

243 1101 312 1144 καὶ
336 1099 539 1156 δυομένας
573 1097 748 1157 δρῶντες
775 1097 857 1142 ὖπὸ
879 1103 963 1142 τῶν
992 1099 1234 1152 Βυζαντίων
1253 1096 1519 1156 πετροβόλων
1535 1115 1728 1154 μηχανη-

243 1167 389 1225 μάτων
420 1168 596 1226 τάχιστα
619 1167 759 1220 πάσας
789 1169 946 1213 ἐκεῖθεν
981 1166 1037 1220 ὥς
1068 1166 1326 1227 πορρωτάτω
1347 1166 1620 1225 μετήνεγκαν·
1659 1168 1730 1211 καὶ

203 1235 299 1296 Εῆν
319 1239 464 1283 λοιπὸν
486 1239 542 1283 τὰ
570 1240 612 1283 ἓν
630 1244 689 1298 τῷ
708 1239 838 1295 λιμένι
858 1240 968 1295 τείχη
989 1243 1108 1297 σφῶν
1128 1239 1333 1294 βοηθείας
1355 1240 1424 1282 καὶ
1446 1238 1598 1294 σκέπης
1619 1255 1726 1280 παν-
1740 1246 1785 1283 15

241 1307 424 1353 τάπασιν
452 1308 599 1367 ἔρημα.
639 1309 739 1353 ὅθεν
771 1308 951 1365 ἔπεμπον
979 1309 1126 1364 μὲνέν
1151 1311 1193 1352 Γ
1189 1306 1335 1370 εννούᾳ
1345 1341 1359 1362 ,
1398 1307 1578 1364 ἔπεμπον
1607 1307 1651 1351 δ’
1685 1307 1728 1351 ἒν

241 1377 370 1438 Ῥόδῳ
407 1379 508 1430 τοὺς
541 1378 568 1435 ἢ
597 1377 803 1435 βοήθειαν
846 1381 1003 1423 ἐκεῖθεν
1045 1377 1222 1430 ἄξοντας
1252 1377 1279 1435 ἢ
1319 1377 1418 1430 τοὺς
1445 1378 1522 1435 τὴν
1563 1374 1729 1435 εῗρήνην

243 1446 590 1507 πρεσβεύσοντας.
639 1452 681 1493 Γ
679 1449 825 1493 έννουα
854 1449 930 1506 μὲν
960 1443 1034 1493 οὖν
1057 1449 1196 1504 ,ἰδίους
1227 1448 1379 1505 ἔχουσα
1411 1445 1630 1506 θορύβους
1660 1448 1730 1491 καὶ

242 1520 428 1577 γείτονας
459 1516 599 1575 μάχας
634 1519 835 1564 ἀπείπατο
869 1519 1042 1575 πέμπειν
1075 1517 1292 1576 βοήθειαν.
1340 1516 1490 1562 Ῥόδιοι
1509 1521 1534 1562 δ
1543 1518 1555 1534 ³
1578 1517 1730 1572 ἐκπέμ-

243 1604 395 1633 πουσιν
427 1588 556 1640 εὐθὺς
598 1591 699 1645 μίαν
729 1587 878 1648 τριήρη
905 1589 1011 1646 μετὰ
1041 1593 1126 1633 τῶν
1155 1589 1232 1646 τὴν
1262 1586 1427 1647 εἰρήνην
1448 1585 1728 1646 πρεσβευσόν-
1739 1599 1787 1636 20·

243 1672 354 1702 των·
393 1659 441 1703 οἳ
465 1658 600 1703 πολλὰ
636 1660 712 1715 μὲν
744 1658 952 1714 εἰπόντες,
988 1659 1072 1703 ἐπεὶ
1100 1657 1355 1716 ἐληλύθασι,
1387 1659 1522 1702 πολλὰ
1552 1658 1597 1702 δ’
1622 1658 1728 1714 ἀκη-

206 1726 413 1784 Εκοότες,
451 1733 535 1773 τῶν
567 1730 912 1786 σπουδαζομένων
937 1728 1094 1786 ἤνυσαν
1116 1730 1262 1785 οὐδὲν,
1294 1728 1366 1774 ἅτε
1390 1728 1465 1773 οὐκ
1487 1725 1728 1786 ἐπαγγειλά-

243 1816 361 1856 μενοι
388 1796 493 1855 μήτε
532 1803 608 1843 τοῦ
644 1800 883 1858 ληφθέντος
922 1801 965 1843 ἓν
1008 1804 1061 1858 τῇ
1092 1798 1206 1859 μάχῃ
1235 1798 1367 1844 τόπου
1400 1803 1484 1843 τῶν
1514 1799 1728 1857 προτέρων

247 1866 373 1925 ὁρίων
416 1868 596 1913 ἐπέκεινα
626 1868 731 1926 μήτε
770 1874 846 1926 τῆς
878 1869 1098 1927 γενομένης
1140 1869 1269 1926 ἄλλης
1307 1868 1388 1913 ὑπὸ
1421 1873 1541 1927 σφῶν
1582 1869 1729 1924 ζημίας

247 1936 461 1983 ἀπόδοσιν.
499 1937 601 1983 ὅθεν
633 1941 702 1983 καὶ
728 1937 914 1999 ἀπῄεσαν
947 1933 1075 1990 αὖθις
1107 1940 1149 1990 ἐς
1178 1937 1322 1983 Ῥόδον
1354 1938 1582 1998 ἄπρακτοι·
1618 1938 1784 1995 πλὴν25

247 2024 351 2062 cunia
370 2028 540 2072 oporteat.
587 2027 636 2062 Et
658 2027 746 2062 haec
765 2026 913 2073 quidem
927 2025 978 2060 ita
1000 2026 1039 2061 se
1055 2026 1266 2070 habuerunt,
1291 2029 1328 2062 et
1345 2027 1391 2062 ad
1409 2038 1472 2062 sua
1489 2026 1638 2073 quisque
1658 2025 1735 2061 dis-‘

247 2076 439 2108 cesserunt.
486 2073 619 2119 Magna
641 2074 766 2109 deinde
795 2079 833 2108 et
857 2071 1038 2108 ambitiosa
1059 2074 1281 2109 contentione
1307 2074 1432 2109 bellum
1458 2074 1621 2120 apparari
1649 2085 1731 2109 coe-

247 2123 369 2166 ptum:
395 2124 500 2165 atque
516 2120 553 2154 in
571 2120 814 2155 construendis
829 2119 995 2162 navibus,
1018 2119 1054 2154 in
1067 2120 1251 2156 missilibus
1267 2121 1448 2157 tormentis
1464 2121 1650 2156 maioribus
1667 2120 1732 2155 mi-

247 2166 462 2212 noribusque
481 2167 713 2210 fabricandis,
737 2167 773 2201 in
791 2166 983 2213 legionibus
1006 2167 1158 2212 denique
1180 2180 1242 2204 seu
1260 2168 1443 2204 navalibus
1470 2180 1531 2203 seu
1552 2167 1732 2203 terrestri-

247 2211 313 2247 bus
331 2213 543 2247 mercenario
561 2214 668 2249 milite
681 2213 905 2261 complendis,
930 2225 1011 2248 acre
1029 2215 1182 2249 studium
1200 2215 1346 2251 exstitit.
1378 2214 1530 2250 Pecunia
1547 2214 1667 2261 itaque
1685 2213 1731 2249 ad

247 2257 314 2294 hos
331 2264 486 2305 sumptus
505 2260 706 2303 deficiente,
733 2261 960 2306 exigebantur
978 2272 999 2295 a
1018 2261 1199 2307 Byzantiis
1223 2263 1391 2309 quaedam
1413 2261 1628 2304 volentibus,
1652 2261 1731 2307 plu-

248 2305 337 2341 rima
354 2307 456 2341 valde
470 2306 602 2342 invitis.
628 2308 859 2343 Mittebantur
878 2307 960 2342 item
971 2319 1034 2354 per
1049 2309 1155 2344 urbes
1174 2313 1210 2344 et
1221 2321 1326 2355 agros
1334 2309 1523 2350 Thraciae,
1543 2308 1602 2354 qui
1623 2319 1731 2354 pecu-

248 2351 341 2388 niam
364 2353 402 2387 in
414 2364 607 2388 communes
623 2355 700 2389 illos
716 2354 998 2401 necessariosque
1021 2366 1103 2390 usus
1119 2360 1357 2401 corrogarent.
1395 2356 1497 2402 (IV.)
1515 2355 1634 2390 Latini
1645 2365 1730 2389 vero

249 2399 386 2445 aliquot
402 2401 592 2443 onerarias,
604 2412 692 2447 quae
709 2401 790 2436 valli
810 2402 922 2436 instar
939 2406 1073 2447 portum
1089 2414 1205 2437 eorum
1224 2403 1426 2449 implebant,
1449 2407 1634 2449 postquam
1656 2402 1730 2447 By-

249 2446 443 2482 zantiorum
461 2447 611 2482 ballistis
624 2449 795 2494 submergi
807 2452 842 2483 et
859 2449 1032 2494 confringi
1053 2449 1227 2492 viderunt,
1250 2461 1366 2485 omnes
1385 2449 1633 2495 quamprimum
1647 2448 1731 2482 inde

249 2492 474 2529 transtulere.
505 2494 562 2528 Ex
578 2494 637 2530 illo
655 2498 767 2530 autem
786 2507 903 2530 eorum
920 2496 1065 2539 moenia,
1089 2508 1160 2543 qua
1174 2501 1308 2543 portum
1324 2496 1527 2543 respiciunt,
1549 2495 1733 2530 indefensa

250 2548 394 2586 prorsus
417 2544 453 2574 et
471 2541 566 2576 nuda
583 2546 693 2576 erant.
742 2542 915 2577 Miserunt
933 2542 1052 2589 itaque
1071 2544 1246 2586 Genuam,
1273 2548 1310 2578 et
1334 2543 1378 2577 ad
1398 2543 1547 2578 insulam
1562 2542 1731 2583 Rhodum,

251 2587 315 2632 qui
332 2586 389 2621 vel
408 2587 534 2623 auxilia
550 2587 760 2634 vel‘legatos
779 2589 875 2635 pacis
894 2594 1054 2624 auctores
1070 2590 1260 2625 exstituros
1277 2590 1361 2625 inde
1379 2590 1542 2627 accirent.
1587 2590 1640 2625 Ac
1656 2589 1731 2623 Ge-

250 2644 320 2668 nua
345 2633 503 2679 quidem,
527 2646 568 2670 eo
586 2638 679 2682 quod
700 2636 854 2682 propriis
872 2636 1021 2672 motibus
1039 2637 1234 2683 vicinisque
1252 2637 1352 2672 bellis
1372 2636 1569 2679 laboraret,
1593 2635 1733 2670 mittere

251 2678 382 2714 auxilia
401 2680 586 2717 recusavit.
633 2682 764 2717 Rhodii
780 2694 864 2717 vero
885 2694 984 2718 unam
1008 2685 1123 2719 statim
1143 2685 1314 2719 triremem
1330 2683 1474 2719 mittunt
1498 2694 1573 2718 cum
1604 2681 1732 2728 legatis

250 2725 297 2761 de
325 2738 413 2772 pace
440 2728 582 2764 acturis.
629 2729 680 2764 Hi
704 2741 779 2764 cum
806 2729 1003 2773 venissent,
1026 2731 1132 2767 multa
1152 2731 1291 2774 dixere,
1313 2730 1422 2766 multa
1441 2730 1524 2765 item
1544 2729 1730 2765 audiverez

251 2777 368 2808 eorum
389 2779 514 2818 autem,
536 2787 624 2822 quae
645 2775 764 2811 facere
789 2776 997 2820 studebant,
1022 2778 1109 2813 nihil
1130 2778 1374 2825 perfecerunt3
1406 2777 1542 2823 quando
1567 2787 1678 2822 neque
1693 2774 1731 2809 id

250 2818 332 2862 loci,
358 2822 457 2869 quod
467 2822 560 2858 ultra
579 2822 743 2869 pristinos
760 2823 887 2858 limites
904 2823 940 2858 in
956 2824 1047 2859 bello
1063 2829 1330 2870 occupaverant,
1354 2824 1577 2859 restituturos
1596 2834 1673 2858 esse
1691 2832 1731 2856 ue

250 2866 524 2914 pollicebantur,
551 2881 664 2919 neque
683 2869 799 2906 damni
818 2869 1003 2918 quidquam
1025 2883 1048 2909 a
1065 2883 1103 2909 se
1122 2871 1213 2909 illati
1235 2875 1441 2910 resarturoa.
1486 2870 1644 2907 Rhodum
1663 2868 1732 2905 ita-
1786 2906 1792 2916 ,
