1794 3172
260 128 362 176 618
673 129 990 176 NICEPHORI
1018 129 1344 175 GREGORAE

40 253 78 287 A.
95 252 139 286 Μ.
157 249 250 288 6850
259 245 327 287 καὶ
349 243 558 301 λοιδορίας
578 238 704 294 αὖθις
732 235 1082 299 ἐπικροτούντων,
1117 237 1247 283 ἔκειτο
1274 237 1302 296 ἦ
1329 240 1655 297 Καντακουζηνὴ
1678 259 1746 285 νε-

85 301 342 384 ,ῙΙῙᾱρἮὸὄκρὰ
365 313 468 372 πρὸς
496 312 544 356 τὸ
578 308 859 368 δεσμωτήριον
887 308 1107 367 ἒῤῥιμμένη
1128 311 1196 352 καὶ
1216 309 1505 367 ἓπιλελησμὲνη
1516 344 1531 365 ,
1569 313 1638 354 καὶ
1662 309 1746 354 πά-

163 368 175 380 ·
260 401 311 428 νυ
341 399 406 426 τοι
439 383 636 440 σφοδρῶς
668 379 931 440 ἀπῳκισμένη
960 382 1037 434 τῆς
1065 375 1194 421 πάλαι
1233 378 1496 435 εὖδαιμονιάς
1522 381 1590 423 καὶ
1621 380 1746 436 δόξης

261 453 425 508 ἐκείνης.
462 450 575 509 ’ἔφθη
598 451 677 508 γὰρ
705 449 853 507 μικρὸν
884 447 964 506 πρὸ
990 451 1066 504 τῆς
1094 452 1179 492 τῶν
1201 449 1436 506 σαλπίγγων
1457 448 1584 505 ἠχοῦς
1606 450 1654 492 τὸ
1676 452 1745 507 ζῇν

261 519 547 580 ἀπορρήξασα.
596 521 770 564 δείσασα
804 518 883 575 γὰρ
922 515 1036 573 οἶμαι
1077 515 1106 573 ἦ
1143 518 1285 574 ψυχὴ,
1329 518 1389 575 μὴ
1423 518 1529 576 πρὸς
1557 518 1633 575 τὴν
1663 524 1781 563 τῶν5

262 590 416 647 ὁμοίων
444 586 572 640 αὖθις
601 589 756 647 ἐμπέσῃ
790 590 1007 646 λοιδοριῶν
1038 589 1278 644 τρικυμίαν,
1328 586 1556 646 συνεστάλη
1579 606 1622 631 τε
1642 589 1748 647 πρὸς

262 659 413 716 ἑαυτὴν
448 661 516 702 καὶ
542 656 836 718 προαπεᾷῥάγη
861 661 936 700 τοῦ
957 654 1164 712 σώματος.
1202 657 1250 701 τὸ
1271 656 1312 700 δ’
1335 656 1447 709 ὅπως
1466 656 1747 717 συγκεχώρηκε

220 735 397 774 Βταῦτα
418 729 611 786 γενέσθαι
632 728 733 779 θεὸς
742 762 756 782 ,
795 725 1008 784 προϊόντες
1036 727 1209 784 ἐροῦμεν
1225 725 1506 787 πλατύτερον,
1545 726 1748 784 στοχαζό-

258 817 373 855 μενοι
393 796 582 842 καθόσον
604 796 704 854 ἡμῖν
722 794 901 856 ἐφικτόν.
973 795 1062 856 (Ε.)
1092 796 1205 839 Ἀλλ’
1228 798 1354 841 ἐκεῖνο
1373 802 1524 855 μικροῦ
1545 815 1597 853 με
1616 799 1747 855 παρέ-

262 871 408 928 δραμε.
444 868 551 924 μετὰ
571 868 650 926 γὰρ
671 868 747 911 τᾶν
768 871 844 910 τοῦ
860 867 1066 922 βασιλέως
1083 867 1288 924 τελευτὴν,
1328 867 1376 911 οὗ
1398 871 1565 912 πολλῶν
1581 866 1746 925 ἡμερῶν
1760 878 1794 914 1(

260 938 417 995 μεταξὺ
450 938 697 995 γενομένων,
745 936 842 981 οὐδὲ
873 941 950 992 τῆς
983 941 1067 980 τῶν
1088 935 1345 994 πραγμάτων
1376 937 1492 982 οὔπω
1515 936 1749 995 συγχύσεως

263 1011 322 1059 εἷς
345 1012 437 1067 φῶς
468 1008 725 1066 ἐκραγείσης,
776 1005 872 1054 ἀλλ’
906 1007 950 1049 ἐν
968 1005 1112 1050 ὠδῖσιν
1140 1006 1198 1050 ἔτι
1218 1009 1285 1050 καὶ
1303 1007 1492 1063 μελέταις
1511 1025 1748 1065 κυοφορου-

259 1078 408 1134 μένης,
454 1077 606 1134 συνέβη
636 1075 743 1120 καθ’
775 1074 932 1126 ὕπνους
962 1081 1015 1134 τῇ
1034 1080 1108 1119 τοῦ
1129 1079 1482 1133 Καντακουζηνοῦ
1512 1079 1638 1135 μητρὶ
1648 1111 1662 1130 ,
1699 1077 1746 1121 τὸ

261 1148 370 1206 ἱερὸν
394 1149 526 1190 δοκεῖν
549 1147 629 1190 ἀνὰ
645 1153 787 1204 χεῖρας
804 1145 1034 1203 εὐαγγέλιον
1065 1147 1282 1204 εἰληφυῖαν
1318 1146 1419 1190 ἄλλο
1459 1151 1545 1191 τῶν
1576 1145 1746 1191 πάντων

222 1217 386 1261 Οοῦδὲν
417 1216 695 1275 γεγραμμένον
727 1214 858 1276 ὅρᾷν,
895 1214 922 1271 ’ἢ
957 1213 1102 1272 ,,αῧτη
1130 1214 1157 1272 ἡ
1180 1216 1398 1267 ἀλλοίωσις
1418 1221 1494 1274 τῆς
1512 1219 1649 1268 δεξιᾶς
1670 1221 1745 1260 τοῦ
1759 1224 1794 1262 15

261 1285 491 1342 ὖψι’στου”,
514 1288 583 1330 καὶ
599 1290 722 1330 τοῦτο
733 1291 908 1344 χρυσοῖς
927 1302 971 1328 τε
987 1287 1056 1329 καὶ
1074 1285 1180 1344 πρὸς
1200 1284 1311 1330 ἅπαν
1329 1285 1480 1338 κάλλος
1502 1286 1749 1344 ἠσκημένοις

261 1348 500 1415 γράμμασιν
534 1354 685 1412 ὅμοίως
716 1355 777 1399 ἀεὶ
803 1359 1018 1412 πανταχῆ·
1064 1357 1363 1414 διαπορεῖσθαί
1386 1374 1430 1400 τε
1448 1356 1556 1401 καθ’
1577 1356 1744 1413 ἑαυτὴν,

261 1430 351 1477 πῶς
381 1426 490 1484 ἱερὸν
534 1425 765 1483 εὐαγγέλιον
809 1424 856 1468 ὃν
900 1426 1031 1482 μηδὲν
1056 1428 1233 1483 μηδαμῆ
1268 1431 1354 1470 τῶν
1382 1426 1647 1484 εὖαγγελικῶν
1669 1425 1747 1482 εἶχε

260 1496 421 1555 ῥητῶν,
459 1495 565 1540 ἀλλὰ
583 1495 710 1555 μικρὰ
728 1499 811 1539 τῶν
829 1499 889 1555 τῷ
909 1496 1014 1555 θείῳ
1034 1497 1178 1551 Δαβὶδ
1205 1496 1439 1554 εἰρημένων.
1477 1501 1603 1540 τοῦτο
1634 1496 1749 1554 ἄφυ-

225 1570 487 1611 Dum-‘moa
507 1568 680 1623 διηγεῖτο
703 1565 809 1624 πρὸς
828 1565 960 1616 ἐνίους
977 1570 1062 1609 τῶν
1081 1567 1213 1624 φίλων
1227 1579 1238 1591 ·
1274 1568 1408 1610 καίτοι
1436 1571 1553 1611 θεῖον
1571 1566 1747 1626 ἔφασκεν
1756 1574 1794 1610 2(

262 1633 363 1679 εἶναι
388 1633 706 1696 χρησμῴδημα,
753 1637 821 1678 καὶ
857 1635 985 1693 πέρας
1011 1643 1326 1694 προαναφωνεΐν
1355 1641 1439 1680 τῶν
1471 1637 1579 1680 καθ’
1616 1635 1747 1693 αὖτὴν

262 1704 517 1762 πραγμάτων
548 1705 705 1756 εὐκλεές
733 1711 777 1748 τε
806 1706 874 1748 καὶ
893 1703 1003 1748 πάνυ
1017 1704 1216 1764 χρηστόν.
1253 1706 1302 1750 τὸ
1325 1705 1368 1750 δ’
1390 1702 1443 1764 ἦν
1462 1706 1510 1750 οὔ
1530 1711 1719 1751 τοιοῦτον
1734 1720 1744 1730 ·

263 1772 377 1830 ὅμως
403 1774 516 1830 ἴσχεν
536 1774 646 1819 οὕτω
665 1775 798 1818 ταυτί.
872 1773 962 1833 (ς’.)
989 1773 1063 1818 “Εν
1080 1776 1156 1830 μὲν
1182 1775 1234 1832 δὴ
1257 1780 1383 1821 τοῦτο
1416 1784 1587 1833 σημεῖον
1605 1772 1657 1833 ἦν
1669 1809 1683 1830 ,
1724 1775 1747 1819 ὃ

263 1842 610 1902 προανεφώνησεν-
639 1844 683 1896 ἐξ
711 1842 852 1888 ὕπνων
879 1846 948 1886 καὶ
976 1849 1136 1889 νυκτῶν
1162 1845 1239 1901 τὴν
1265 1850 1342 1902 τῆς
1369 1844 1551 1904 μεγάλης
1570 1848 1748 1902 ταυτησὶ

260 1998 467 2035 mationibus
487 2002 524 2035 et
545 1999 705 2036 convitiis
725 2002 918 2046 streperet,
941 2001 1078 2037 iacebat
1094 2001 1131 2037 in
1148 2013 1288 2038 carcere
1307 2003 1472 2039 exanimis
1490 2003 1746 2047 Cantacuzena,

261 2046 420 2092 proiecta
436 2049 540 2092 atque
559 2046 723 2082 oblivioni
740 2047 882 2090 tradita,
899 2051 934 2083 et
953 2060 974 2083 a
990 2048 1139 2094 pristina
1154 2049 1321 2085 felicitate
1337 2063 1468 2097 suoque
1483 2051 1542 2086 illo
1562 2051 1747 2098 splendore

262 2099 363 2139 quam
387 2092 584 2138 longissime
610 2094 783 2139 ablegata.
830 2094 969 2129 Etenim
990 2095 1095 2131 vitam
1124 2096 1228 2142 paulo
1256 2102 1337 2132 ante
1362 2099 1522 2133 tubarum
1544 2110 1665 2133 sonum
1683 2100 1746 2133 ab-

260 2138 368 2185 rupit.
416 2139 540 2175 Vel-ita
564 2141 693 2186 quippe
719 2140 849 2183 anima,
872 2144 912 2175 ut
929 2141 1073 2187 opinor,
1096 2154 1140 2177 ne
1160 2143 1197 2178 in
1219 2143 1361 2179 similem
1379 2145 1554 2180 recideret
1574 2146 1747 2181 convitio-

260 2195 337 2220 rum
359 2189 512 2228 aestum,
543 2187 716 2222 contraxit
734 2199 773 2221 se
795 2187 832 2222 in
858 2192 982 2230 semet,
1017 2192 1053 2224 et
1074 2189 1274 2236 priusquam
1300 2191 1336 2225 id
1355 2192 1533 2235 eveniret,
1557 2204 1577 2227 e
1598 2203 1746 2239 corpore

261 2230 389 2277 erupit.
437 2232 614 2274 Quomodo
642 2237 756 2268 autem
779 2234 866 2269 haec
887 2234 964 2269 fieri
984 2235 1079 2270 Deus
1099 2237 1315 2283 permiserit,
1338 2238 1448 2273 fusius
1465 2239 1559 2274 infra
1584 2239 1744 2274 declara-

259 2277 395 2323 bimus,
450 2283 590 2315 uantum
609 2279 729 2315 licebit
745 2281 843 2315 nobis
862 2281 1067 2317 coniectare.
1123 2283 1205 2329 (V.)
1231 2285 1303 2319 Sed
1315 2297 1367 2320 me
1394 2285 1478 2321 illud
1502 2297 1614 2332 paene
1639 2297 1745 2332 prae-

260 2323 372 2360 teriit.
451 2326 545 2360 aucis
565 2326 686 2361 diebus
702 2330 783 2373 post
803 2327 1023 2373 imperatoris
1046 2329 1176 2365 obitum
1198 2331 1346 2377 elapsiS‚
1370 2343 1445 2367 cum
1467 2344 1583 2368 rerum
1605 2339 1745 2379 pertur-

259 2370 356 2406 batio
383 2371 531 2407 nondum
555 2373 592 2407 in
617 2373 727 2408 lucem
752 2374 944 2420 erupisset,
969 2376 1030 2411 sed
1045 2381 1225 2423 -concepta
1243 2379 1475 2414 tantummodo
1504 2382 1598 2414 esset
1620 2390 1662 2414 ac
1682 2378 1745 2414 de-

259 2416 427 2461 liberata,
453 2418 690 2455 Cantacuzeni
710 2424 818 2455 mater
843 2421 917 2456 visa
936 2426 990 2456 est
1007 2421 1076 2457 sibi
1102 2422 1137 2457 in
1158 2425 1305 2468 somnis,
1330 2431 1464 2471 sumpto
1486 2426 1522 2460 in
1546 2437 1662 2460 manus
1686 2437 1745 2459 sa-

260 2469 438 2499 crosancto
456 2465 665 2511 Evangelio,
689 2466 774 2501 nihil
792 2468 923 2502 omnino
940 2468 1059 2504 videre
1076 2468 1111 2503 in
1121 2482 1162 2504 eo
1180 2472 1357 2517 scriptum,
1381 2476 1520 2518 praeter
1538 2473 1599 2507 ina
1614 2473 1744 2507 verba:

257 2510 371 2553 „haec
391 2511 532 2547 nmtatio
550 2512 693 2547 dextrae
715 2513 913 2548 altissimi'’:
938 2514 1042 2561 idque
1069 2517 1184 2551 aureis
1206 2530 1403 2565 summaque
1427 2519 1600 2564 elegantia
1618 2530 1743 2553 exara-

259 2556 307 2591 tis
327 2556 474 2601 litteris,
499 2570 520 2593 a
537 2559 654 2606 capite
678 2559 722 2594 ad
748 2560 875 2596 calcem
902 2561 1030 2607 ubique
1054 2561 1231 2600 similiter:
1263 2577 1447 2612 secumque
1471 2565 1631 2610 agitare,
1656 2577 1744 2611 quo-

256 2602 356 2638 modo
380 2603 470 2639 liber
489 2604 568 2648 ille,
592 2617 667 2640 cum
688 2618 820 2644 sacrum
844 2612 937 2642 esset
956 2609 1180 2655 Evangelium
1194 2636 1204 2651 ,
1228 2623 1273 2646 ne
1293 2612 1432 2654 verbum
1449 2612 1585 2658 quidem
1607 2613 1743 2658 uspiam

260 2650 498 2696 evangelicum
514 2651 715 2695 exhiberet,
746 2653 808 2688 sed
837 2654 982 2698 paucula
1006 2655 1066 2689 illa
1086 2655 1230 2692 Davidis
1257 2660 1458 2704 prophetae.
1505 2659 1546 2692 Id
1573 2671 1648 2694 cum
1678 2670 1743 2693 ex-

257 2700 421 2741 perrecta
440 2701 551 2741 esset,
575 2699 694 2734 amicis
716 2699 917 2745 quibusdam
940 2702 1117 2746 exposuit:
1141 2707 1177 2738 et
1196 2705 1331 2751 quidem
1355 2705 1506 2740 divinum
1528 2706 1645 2740 aiebat
1665 2716 1743 2740 esse

258 2742 452 2789 oraculum,
477 2755 519 2779 ac
537 2745 694 2791 praedici
714 2746 780 2780 sibi
798 2747 968 2792 gloriosos
991 2749 1203 2795 optimosque
1229 2751 1341 2786 exitus
1364 2763 1479 2786 rerum
1505 2764 1652 2787 suarum.
1701 2751 1742 2786 Id

258 2793 371 2824 autem
395 2801 462 2825 non
477 2790 548 2826 tale
572 2797 660 2827 erat.
706 2793 838 2828 Tamen
860 2794 944 2828 haec
967 2794 1017 2828 ita
1034 2807 1072 2829 se
1090 2796 1294 2832 habuerunt.
1343 2799 1441 2843 (Vl.)
1466 2798 1577 2834 Unum
1606 2798 1741 2846 quidem

253 2833 341 2870 illud
359 2846 456 2872 omen
472 2837 558 2881 fuit,
583 2850 652 2885 quo
671 2850 815 2886 magnae
832 2839 925 2875 illius
941 2845 978 2876 et
994 2840 1247 2879 illustrissimae
1265 2844 1384 2880 domus
1403 2845 1539 2881 eversio
1562 2846 1597 2881 in
1615 2845 1741 2881 somnis
