1754 3164
570 106 1051 151 ANNOTATIORES.
1447 103 1578 150 1309

40 211 300 251 minationem
328 209 584 251 desolationis
603 222 769 252 stantem
793 214 834 252 in
854 211 943 253 loco
965 223 1117 262 sancto,
1148 214 1371 265 cognoscite
1389 217 1577 269 quoniam

12 270 374 324 appropinquavit
403 266 598 309 desolatio
630 271 786 324 imperii
810 269 1001 310 Romani.
1050 270 1150 310 Vide
1170 270 1320 312 Hister.
1342 271 1415 312 lib.
1441 273 1570 314 XXV.

37 336 128 376 cap.
155 326 229 366 ult.
287 339 445 366 nolvm.

150 381 250 436 Peg
283 385 412 430 1033,
443 385 483 425 3·
542 380 675 433 Σόλος
692 380 770 439 γοὲρ
789 399 825 424 κ.
842 399 876 425 τ.
898 383 956 436 λ.]
986 384 1120 424 Verba
1139 385 1181 427 S.
1205 384 1348 436 Basilii,
1378 392 1425 426 ut
1447 400 1570 440 supra

34 450 124 491 cap.
146 439 212 478 IV.
235 447 333 480 sect.
354 440 422 481 IV.
439 454 548 480 num.
572 444 609 482 1.
666 454 823 481 soum«.

152 496 417 566 Peg-1034,
451 501 516 540 17.
565 493 673 538 Ἐπεὶ
699 496 744 539 δὲ
762 497 832 539 καὶ
847 501 921 551 τῆς
939 494 997 540 δι’
1018 494 1186 553 ὀνείρων
1204 494 1347 553 η’ναγκ.
1364 515 1453 548 πως
1470 517 1567 552 μαν-

31 553 147 604 τικῆς
165 549 243 593 ὕπ’
268 549 407 595 αὐτων
433 552 502 595 δια
527 551 693 607 μνήμης
718 554 879 604 ε’λθεῖν]
911 556 1108 608 Gregoras
1130 556 1210 595 hoc
1238 556 1330 595 loco
1353 557 1564 597 Palamitas

30 615 166 660 notat,
195 618 242 650 ut
262 611 437 664 propriis
456 611 620 651 somniis
643 612 831 652 intentos.
890 613 975 652 At
962 613 1041 666 1psi
1063 627 1225 666 quoque
1248 614 1450 665 Gregorae
1470 614 1562 654 Phi-

28 639 190 705 lathonis
219 667 451 720 patriarcha
472 668 693 708 Autirrhet.
721 670 812 708 XII.
842 670 940 710 cod.
969 671 1064 721 Reg.
1099 673 1221 714 1996.
1243 670 1310 709 fol.
1332 674 1428 714 297.
1464 685 1560 710 euu-

28 722 120 761 dem
145 725 331 765 morbum
363 725 523 774 obiicit;
555 740 635 779 qua
661 726 711 767 de
727 741 772 766 re
789 727 908 780 plura
928 741 1002 766 nos
1020 741 1142 781 supra
1162 727 1203 766 in
1222 728 1314 767 Vita
1342 729 1556 780 Gregorae.

29 793 183 820 nowm.

141 839 244 894 Pssg·
276 839 410 890 1085,
441 844 479 884 2.
521 836 621 896 Ἐγῑδ
640 838 708 882 διὰ
730 838 807 895 τὴν
825 857 861 882 κ.
882 857 915 882 τ.
931 840 990 894 λ.]
1019 842 1059 883 S.
1081 841 1251 881 Basilius
1272 841 1398 894 Epist.
1414 840 1552 884 LXIV.

23 908 178 935 noxvm.

139 955 236 1006 Pag.
269 954 399 1005 1044,
433 958 499 998 13·
531 958 649 1008 Δῆλα
676 958 884 997 ποιεῖσθαι
915 953 965 996 vc}
994 955 1068 997 νέα
1093 955 1206 996 ταυτὶ
1230 953 1487 1008 θεσπίσματᾶ
1511 973 1554 999 τε

22 1008 92 1049 καὶ
129 1007 303 1064 δόγματα
334 1011 433 1064 etc.]
476 1012 711 1052 Philulheus
741 1011 969 1065 patriarcha
1005 1012 1227 1053 Antirrhet.
1255 1014 1549 1066 1.c‹>d.Reg.

27 1070 152 1111 1996.
177 1069 246 1108 fol.
271 1073 337 1111 10.
366 1066 549 1110 Ἐκεῖθεν
581 1065 659 1111 οὖν
689 1069 935 1137 ὁρμηθέντες
964 1070 1007 1112 οἷ
1025 1067 1159 1139 τόμοι,
1192 1066 1246 1111 ου’
1270 1086 1346 1123 την
1374 1067 1551 1124 μεγάλην

20 1125 191 1177 ταυτηνι
220 1127 395 1178 διῆλθον
422 1126 467 1168 ἐν
495 1129 638 1181 βραχεῖ
662 1123 792 1180 μόνον
819 1123 963 1178 πόλιν,
993 1127 1063 1168 καὶ
1091 1123 1454 1196 ἀναγινωσκόμενοι
1481 1128 1551 1169 καὶ

20 1179 372 1237 μεταγραφόμενοι
407 1182 517 1253 παροὶ
554 1200 639 1224 των
668 1185 932 1226 σπουδαστῶν
965 1187 1042 1225 τοῦ
1075 1181 1200 1239 λόγου
1230 1187 1302 1237 τῆς
1331 1179 1549 1236 ευσεβείας,

18 1241 173 1291 μᾶλλον
203 1238 247 1280 δὲ
278 1240 348 1281 καὶ
375 1243 457 1281 τῶν
487 1237 708 1282 ἄντιθέτων
738 1238 895 1282 αυτων·
936 1237 1036 1281 ἄλλα
1066 1241 1134 1282 καὶ
1162 1240 1276 1296 μέχρι
1302 1244 1374 1294 τῆς
1400 1241 1546 1296 ὕπερο-

18 1296 112 1367 ρίας
154 1297 359 1351 τρέχοντες
402 1298 527 1348 ὀξέως
565 1301 798 1352 προῆλθον,
843 1299 1143 1350 Θεσσαλονίκην
1170 1314 1212 1339 τε
1250 1298 1319 1339 καὶ
1335 1297 1451 1340 Ἀθω
1478 1297 1546 1341 τὸν

18 1350 152 1406 ἷερον,
190 1354 261 1396 καὶ
287 1371 361 1404 τας
397 1355 490 1408 ἑξῆς
525 1355 680 1409 νήσους
706 1370 749 1396 τε
776 1354 845 1396 καὶ
873 1351 1012 1404 πόλεις
1039 1352 1308 1424 διαλαβόντες.
1347 1352 1449 1397 οθεν
1475 1356 1544 1397 καὶ

18 1411 63 1451 οἱ
87 1413 160 1464 τῆς
188 1408 402 1454 ἅντιθέτου
429 1414 574 1483 μοίρας
602 1429 708 1479 μετα
729 1409 862 1465 πάσης
889 1410 1042 1453 ἐκεῖνον
1071 1408 1208 1461 οἷδείας
1225 1409 1459 1478 λαβόντες”
1436 1429 1544 1466 εχου-

20 1479 108 1518 σιν,
150 1465 204 1509 ου’
233 1467 359 1522 μόνον
389 1467 509 1510 ου’δὲν
546 1465 814 1523 οἷπειργόντων
850 1467 989 1522 ημῶν,
1028 1465 1127 1509 ἄλλα
1156 1469 1225 1510 καὶ
1253 1465 1445 1510 διδόντων
1472 1469 1542 1510 καὶ

14 1525 352 1580 προτρεπομένων
378 1542 475 1575 τους
503 1527 773 1580 βουλομένους
802 1526 859 1575 εἷς
885 1528 1017 1566 τοῦτο.
1073 1540 1223 1565 Bonus.

132 1598 228 1648 Pag.
261 1594 394 1645 1045,
428 1599 492 1637 10.
546 1590 703 1643 Ἐνίους
736 1608 820 1633 των
854 1608 929 1644 την
959 1591 1121 1635 αὔλειον
1157 1596 1231 1646 τῆς
1262 1594 1394 1643 οἰκίας
1419 1593 1539 1646 ἡμῶν

13 1650 271 1706 παριόντων]
301 1653 505 1701 Gregorae
527 1653 689 1691 domum
716 1651 825 1689 nulla
854 1650 916 1688 sui
946 1657 1057 1702 parte
1075 1651 1161 1689 vias
1188 1650 1370 1702 publicas
1387 1652 1536 1702 attigis-

13 1725 81 1758 se,
111 1710 226 1749 testis
259 1715 319 1749 est
346 1709 580 1749 philotheus
607 1707 835 1762 patriarcha
865 1707 1085 1749 Antirrhet.
1113 1708 1146 1747 Ι.
1169 1707 1271 1752 cod,
1291 1709 1388 1760 neg.
1413 1711 1537 1752 1996.

12 1768 83 1807 sol.
100 1771 140 1810 7.
167 1773 216 1805 ut
240 1773 473 1806 annotatum
496 1780 619 1819 supra
640 1766 691 1805 ad
715 1765 914 1816 Gregorae
936 1765 1081 1805 Vitam.
1138 1778 1288 1804 Boxvm.

134 1838 231 1889 Peg.
267 1837 395 1884 1045,
425 1839 493 1878 20.
537 1833 658 1882 ’Έτος
688 1829 867 1886 ἆμείβων
901 1830 983 1886 ἤδη
1010 1835 1084 1886 τῆς
1111 1831 1269 1886 ἡλικίας
1299 1828 1535 1886 ἑξηκοστόν]

13 1893 238 1943 Gregoeas,
269 1907 350 1945 quo
378 1899 557 1945 tempore
583 1891 683 1931 haec
707 1890 893 1944 scripsit,
921 1890 1102 1929 nondum
1129 1890 1361 1943 expleverat
1387 1902 1536 1928 annum

10 1950 151 1988 aetatis
169 1950 288 1989 LVII.
320 1950 422 1990 Vide
449 1955 638 1989 annotata
661 1947 713 1987 ad
740 1961 834 2001 pag.
854 1948 952 1990 567.
975 1948 1021 1989 D.
1048 1960 1199 1988 nomm.

126 2016 228 2073 Pag·
263 2020 396 2069 1046,
428 2022 496 2062 11.
558 2018 613 2060 Οἱ
633 2014 673 2059 δ’
700 2015 756 2066 ὥς
773 2019 964 2070 ταῦροικ
983 2031 1015 2056 τ.
1037 2014 1097 2068 λ.]
1124 2014 1390 2056 Psalm.XX1.
1410 2016 1530 2057 v.13.

5 2089 165 2115 1301le-

192 2133 390 2182 0-‚1046
423 2136 488 2176 13
535 2129 742 2185 Ἔβρυξαν
768 2125 836 2171 ἐπ’
865 2127 934 2183 ἔμε
958 2145 994 2170 κ.
1021 2144 1054 2169 τ.
1083 2129 1142 2182 λ.]
1183 2129 1330 2168 Psalm.
1347 2123 1533 2168 XXXIV.

5 2131 283 2232 v.16.Pv.ag12.
317 2190 457 2229 Psalm.
480 2190 589 2228 XXI.
609 2202 648 2231 v.
671 2187 736 2231 14.
764 2187 908 2229 Psalm.
931 2186 1073 2225 LXIII.
1092 2200 1134 2227 v.
1156 2190 1202 2230 6
1220 2200 1262 2226 v.
1276 2186 1316 2230 4.
1335 2198 1374 2224 v.
1396 2187 1438 2228 6,
1467 2184 1529 2224 Ps.

5 2247 190 2286 LXXXI.
209 2261 251 2288 v.
275 2250 318 2291 5.
375 2260 529 2286 Bonvm.

126 2319 223 2370 Pog-
255 2315 390 2364 1048,
422 2319 490 2359 20.
533 2311 691 2369 Πατρὸς
708 2310 942 2364 Βασιλείου]
972 2311 1099 2364 Epist.
1118 2311 1298 2350 LXXIX.
1321 2307 1526 2349 Eustathio

5 2373 208 2413 Sebastiam
228 2373 434 2427 episcopo.
491 2386 646 2411 Boxvm.

121 2434 216 2483 Pug-
249 2430 380 2480 1048,
410 2434 477 2474 21.
534 2428 644 2477 Ώς”
621 2444 665 2470 εν
684 2442 728 2482 γε
744 2429 863 2469 τοῦτο
881 2442 919 2467 κ.
939 2441 973 2466 τ.
992 2424 1045 2479 λ.]
1074 2425 1176 2465 Vide
1196 2438 1314 2476 supra
1331 2421 1405 2463 lib.
1415 2421 1525 2460 XXI.

5 2501 94 2542 cap.
115 2487 181 2529 IV.
205 2494 301 2530 sect.
323 2488 363 2530 4.
381 2501 488 2526 num.
515 2489 579 2530 13.
636 2498 786 2524 solvm-

123 2558 217 2609 Peg.
251 2555 379 2606 1049,
405 2559 445 2598 2.
506 2554 651 2594 Πίστιν
671 2549 715 2593 δε
739 2567 832 2593 ουτε
849 2567 885 2593 κ.
903 2565 940 2592 τ
956 2554 993 2593 λ.
1005 2549 1023 2605 ]
1052 2550 1164 2590 Idem
1185 2547 1307 2601 Epist.
1334 2547 1417 2584 LX.
1447 2545 1524 2584 Ec-

4 2612 152 2652 clesiae
170 2611 455 2652 Antiocheme.
511 2624 663 2651 Bonus.

120 2667 583 2722 Pag.1049‚17.‘529
601 2661 699 2719 μηδ’
726 2663 907 2706 ἐνταῦθα
927 2661 1137 2717 γενόμενον
1159 2657 1286 2714 μόνον
1311 2658 1426 2699 ἐᾶσαι
1448 2655 1523 2710 τήν

1 2743 58 2780 πρ
60 2722 196 2768 ὂδοσιν
210 2722 366 2767 Ἰουδαν
386 2726 540 2767 ἐκεῖνον
560 2720 839 2778 ἐγκαλεῖσθαι]
866 2721 1020 2761 Horum
1042 2719 1253 2759 verborum
1278 2715 1346 2754 hic
1366 2714 1525 2753 videtur

3 2797 89 2824 esse
106 2796 268 2835 sensus,
298 2782 412 2824 illum
437 2778 674 2835 discipulum
698 2777 796 2820 adeo
815 2795 855 2819 se
883 2777 940 2818 ad
967 2774 1186 2830 exemplum
1209 2771 1336 2813 Iudae
1360 2785 1522 2824 compo-
