1794 3172
342 114 660 174 ms‘romAE
687 127 1063 174 BYZANTINAE
1090 125 1212 174 XVI.
1241 131 1284 175 3.
1454 122 1556 170 807

63 257 150 291 πως
170 237 249 296 ἔχει
279 239 359 297 τὴν
388 237 602 297 βλάστην,
636 239 705 283 καὶ
733 239 834 293 μιάν
856 236 990 295 δήπου
1019 238 1113 283 τινὰ
1142 237 1220 295 τὴν
1242 239 1302 290 εἷς
1329 242 1422 297 φῶς
1446 257 1554 297 προ-
1575 246 1664 282 Δ.Ο.
1683 243 1776 283 1347

44 314 307 366 ,ενεγκοῦσαν
322 310 484 368 μητέρα
504 312 758 367 προΐσχεται·
778 310 847 351 καὶ
867 308 922 352 τὰ
940 309 1016 365 τὴν
1036 308 1246 352 ἄσπονδον
1266 308 1427 366 ἔχθραν
1448 293 1775 378 πρόςῐωᾷὶῗὶοἷψ

45 379 221 435 ,ἄλληλα
263 380 489 436 κεκτημένα
538 379 656 431 ξένας
694 377 812 429 τινὰς
843 379 887 421 ἕν
928 376 1160 436 ἀνθρώπου
1196 376 1292 422 θύει
1322 383 1440 437 ψυχῇ
1475 379 1553 431 τὰς

61 447 268 499 σπονδάς·
305 451 375 492 καὶ
398 449 494 494 οὔτε
523 450 619 505 βίον
650 447 808 491 ἄλυπον
835 447 937 492 ὄντα
965 447 1074 505 παρ’
1098 448 1233 491 οὐδενὶ
1252 453 1337 492 τῶν
1355 446 1553 493 ἁπάντων

28 516 246 575 5ὃριῦμεν,
281 518 376 562 οὔτε
401 517 536 576 λύπην
564 517 830 562 παντάπασιν
858 517 1038 575 ἀτερπῆ·
1076 517 1173 561 ἀλλ’
1201 515 1303 561 εἶναι
1336 520 1550 574 συμβαίνει
1561 523 1682 563 Ρ.508

59 590 128 631 καὶ
147 586 281 644 λύπην
302 589 441 632 αἰτίαν
453 593 615 647 χαρᾶς,
649 589 717 631 καὶ
738 583 790 630 αὖ
808 588 970 644 μητέρα,
990 585 1123 644 λύπης
1136 586 1287 646 χαράν,
1324 593 1461 632 ταῦτα
1474 589 1552 644 μέν

59 656 161 701 εἶναι
195 662 371 716 συμφυᾶ
406 676 525 711 πως,
562 660 631 701 καὶ
663 657 1084 717 ε’γκατῳκοδομημένα
1111 665 1199 708 τοῖς
1226 655 1466 716 πράγμασιν
1474 692 1489 712 ,
1521 657 1550 716 ἦ

57 734 177 784 πεῖρα
201 730 402 785 ξυγχωρεῖ·
418 729 596 772 συνιέναι
616 735 708 779 ταῖς
729 727 1023 786 συνετωτέραις
1042 735 1199 783 ψυχαῖς
1213 741 1223 752 ·
1260 728 1308 772 τὸ
1329 729 1374 771 δὲ
1389 729 1548 785 μεγέθη

57 798 125 839 καὶ
156 796 437 854 σμικρότητας
468 796 632 849 τούτοις
655 796 839 851 διδόναι,
870 802 994 841 τοῦτο
1023 797 1068 840 δ’
1103 796 1219 852 οἶμαι
1249 795 1462 854 δήπουθεν
1492 796 1550 850 ὥς

0 866 112 910 1οτιὶ
145 867 282 910 πολλὰ
313 872 398 911 τῶν
428 867 497 926 ἐφ’
529 866 628 924 ἡμῖν
659 865 858 925 ὑπάρχειν
889 867 944 911 ἓν.
972 866 1051 918 “Ὸς
1068 867 1147 925 γὰρ
1169 866 1364 924 μεγάλοις
1390 869 1548 926 ἐφίεται

56 935 314 993 πραγμάτων
333 936 482 981 ὕδασιν
502 938 747 998 ε’γκυβιστζίν
756 971 770 990 ,
801 934 958 994 ἀνάγκη
980 935 1116 997 τούτῳ
1138 939 1206 980 καὶ
1223 935 1429 995 μεγάλους
1447 936 1548 995 ὗᾳί-

56 1011 243 1050 omo-9111
263 1011 348 1051 τῶν
367 1005 568 1051 κινδύνων
590 1007 687 1058 τοὺς
705 1005 918 1058 κλύδωνας
933 1021 943 1030 ·
981 1001 1016 1067 ᾧ
1036 1008 1081 1050 δὲ
1099 1008 1372 1065 βραχυτέροις
1393 1009 1585 1050 {vdua-B

53 1080 215 1119 τᾶσθαι
245 1078 450 1132 νομιῒεται
479 1076 703 1134 ἀποχρῶν,
743 1074 881 1136 τούτῳ
905 1077 951 1120 δὲ
980 1079 1049 1120 καὶ
1073 1078 1368 1135 μετριωτέραις
1396 1083 1547 1135 κεχρῆ-

53 1149 160 1188 σθαι
189 1153 283 1197 ταῖς
312 1144 462 1197 λύπαις
486 1151 563 1190 τοῦ
597 1149 694 1202 βίου
719 1144 868 1204 χρεών.
904 1148 1095 1202 βασιλεία
1118 1149 1258 1191 τοίνυν
1289 1148 1332 1190 ἕν
1362 1155 1451 1198 τοῖς
1468 1151 1545 1191 τοῦ

0 1223 40 1259 15
50 1217 148 1268 βίου
175 1213 391 1274 πράγμασι
419 1216 612 1274 μέγιστον
643 1215 746 1260 εἶναι
772 1220 919 1274 χρῆμα
952 1219 1157 1272 νομίζεται
1188 1215 1318 1274 τύχης
1352 1219 1445 1271 καὶ,
1479 1217 1542 1260 ‘lv'

50 1285 174 1339 εἴπω,
207 1285 255 1329 τὸ
285 1284 508 1344 κράτιστον
529 1291 605 1344 τῆς
634 1286 899 1342 εὐδαιμονίας
926 1285 1052 1342 ὕψος.
1095 1287 1146 1331 τὸ
1170 1287 1216 1331 δὲ
1242 1294 1406 1345 μικροῖς
1437 1303 1544 1331 τισιν

51 1354 217 1409 ὀβολοῖς
236 1353 455 1413 ὅρι’ζεσθαί
475 1374 534 1416 τῳ
553 1361 629 1400 τοῦ
645 1357 743 1412 βίου
767 1357 844 1413 τὴν
864 1356 1060 1414 εὐπορίαν
1067 1390 1083 1411 ,
1118 1358 1188 1400 καὶ
1203 1362 1541 1416 τριβωνοφορεῖν,

49 1426 119 1468 καὶ
139 1424 279 1469 ἱκανὸν
302 1424 450 1474 εἷναι,ὃ
472 1431 524 1485 τῇ
546 1424 666 1485 φύσει
685 1427 732 1471 τὸ
754 1426 978 1484 ἀναγκαῖον
1005 1425 1135 1483 μόνον
1148 1429 1358 1485 χαρίζεται
1371 1460 1386 1481 ,
1417 1432 1543 1471 τοῦτο

49 1494 97 1537 δὲ
118 1493 374 1551 κακόδαιμον
401 1497 615 1555 φαίνεται,
649 1499 718 1540 καὶ
746 1495 906 1541 τούτων
935 1495 1052 1550 ἕνός,
1080 1494 1184 1548 οἷςὸ
1210 1501 1401 1548 πλεῖστος
1417 1496 1577 1552 ὅχλοςΟ

0 1569 295 1622 Ξοκαταρᾶται.
332 1559 366 1625 ᾧ
396 1566 442 1609 δ’
479 1565 687 1623 ἑκατέροις
710 1573 797 1617 τοῖς
817 1568 927 1621 βίοις
954 1568 996 1609 ἔν
1014 1567 1134 1627 πείρᾳ
1154 1566 1347 1623 γενέσθαι
1368 1564 1541 1622 τετύχη-

47 1651 142 1688 κεν,
179 1634 384 1692 ἄρχεσθαι
408 1639 571 1691 μᾶλλον
594 1630 717 1687 οὗτος
743 1635 770 1692 ἢ
791 1634 1023 1691 βασιλεύειν
1050 1635 1181 1679 ἕλοιτ’
1213 1634 1267 1678 ἂν
1288 1634 1404 1691 οἶμαι
1421 1634 1539 1691 μάλα

46 1702 308 1761 προθύμως,
341 1707 411 1748 καὶ
440 1705 596 1762 πένητα
614 1709 776 1757 μᾶλλον
798 1707 952 1762 τρίβειν
970 1707 1065 1760 βίον
1077 1739 1091 1759 ,
1123 1704 1149 1762 ἢ
1171 1703 1217 1756 ὃς
1233 1706 1403 1763 μυρίαις
1419 1722 1539 1763 περι-

46 1776 288 1829 στοιχίζεται
306 1772 448 1827 δόξαις
468 1777 537 1818 καὶ
550 1773 777 1833 χρήμασιν·
814 1777 850 1820 εἷ
872 1775 917 1818 δ’
933 1771 1020 1830 οὖν,
1042 1775 1189 1833 λεγέτω
1206 1792 1270 1825 τις
1294 1775 1533 1834 παρελθὼν,

45 1848 112 1887 πιῖ
115 1861 136 1894 ς
148 1844 418 1903 Ἀλέξανδρος
434 1846 583 1896 ἐκεῖνος
602 1844 624 1890 ὅ
652 1846 802 1903 μέγας,
839 1843 862 1890 ὅ
877 1845 1022 1905 μέχρις
1043 1845 1186 1890 Ἰνδῶν
1209 1845 1262 1889 τὰ
1287 1850 1363 1902 τῆς
1382 1843 1665 1904 Εὖρώ-Ῡ.411

138 1932 194 1968 19.
216 1929 272 1974 ἓν,
297 1928 401 1975 ὅσοις
423 1929 505 1969 ὃπλ.
529 1933 618 1969 coni.
643 1933 745 1970 Boiv.

44 2001 255 2044 coalescant,
279 2006 316 2037 et
332 2002 433 2037 unius
448 2003 548 2049 quasi
569 2004 689 2039 matris
706 2004 783 2039 sinu
802 2004 916 2040 editas
930 2017 969 2040 se
988 2003 1024 2040 in
1040 2004 1150 2040 lucem
1164 2003 1411 2052 profiteantur:
1426 2006 1463 2040 et
1476 2016 1531 2047 ea,

44 2061 135 2095 quae
162 2049 277 2084 odium
303 2049 522 2095 implaoebile
549 2051 643 2086 inter
668 2063 706 2086 se
731 2057 915 2094 exercent,
946 2052 1114 2087 inusitata
1138 2052 1304 2098 quaedam
1331 2051 1476 2087 foedera
1494 2051 1532 2086 in

42 2096 216 2131 hominum
234 2095 357 2130 animis
373 2096 523 2139 feriant3
549 2109 590 2132 ac
609 2110 722 2144 neque
739 2099 846 2134 vitam
874 2099 1043 2134 tristitiae
1071 2099 1250 2134 immunem
1270 2098 1429 2144 cuiqnam
1450 2110 1533 2133 con-

42 2142 181 2188 tingere
209 2142 407 2188 videamus,
433 2155 495 2178 nec
517 2144 695 2180 tristitiam
720 2146 943 2181 iucunditatis
970 2158 1111 2192 prorsus
1138 2151 1335 2192 expertem3
1367 2145 1430 2180 sed
1454 2157 1532 2180 esse

44 2190 156 2223 soleat
174 2196 211 2224 et
227 2189 383 2225 laetitiae
398 2191 498 2236 origo
513 2190 670 2234 tristitia,
694 2197 730 2227 et
745 2205 864 2228 rursus
881 2192 1048 2228 tristitiae
1068 2198 1179 2227 mater
1196 2191 1341 2227 laetitia.
1375 2193 1427 2227 Et
1443 2192 1531 2226 haec

43 2236 184 2281 quidem
210 2248 289 2271 esse
313 2237 419 2271 rebus
443 2237 548 2272 insita
566 2239 814 2284 quodammodo
839 2244 946 2287 atque
967 2237 1074 2274 infixa
1099 2239 1384 2285 intelligentiores
1402 2238 1531 2285 quique

42 2282 174 2327 sciunt,
200 2283 417 2329 experientia
442 2295 566 2330 nempe
594 2286 722 2321 edocti.
770 2287 818 2322 At
840 2292 879 2321 nt
899 2286 960 2322 illa
981 2286 1058 2332 ipsa
1081 2286 1139 2321 vel
1167 2291 1362 2332 augeantur
1382 2285 1438 2320 vel
1464 2286 1531 2319 mi-

42 2334 216 2372 nuantur,
246 2329 284 2364 id
307 2342 375 2376 ego
402 2330 560 2365 existimo
586 2343 694 2377 penes
718 2345 780 2367 nos
806 2345 884 2368 esse
910 2339 950 2368 ut
975 2333 1169 2379 plurimum.
1229 2333 1303 2375 Qui
1324 2333 1414 2367 enim
1434 2331 1529 2366 sein

145 2388 184 2410 as
201 2377 417 2423 negotiorum
433 2377 543 2412 undas
561 2378 693 2423 gestiat
708 2379 908 2426 immergere
919 2406 929 2422 ‚
952 2393 1027 2415 eum
1045 2392 1188 2415 necesse
1205 2387 1259 2414 est
1279 2390 1420 2424 magnos
1440 2378 1530 2412 sub-

41 2423 95 2457 ire
114 2423 340 2468 periculorum
358 2423 503 2459 fluctus:
526 2425 582 2460 cui
601 2437 684 2460 vero
700 2427 891 2462 minoribus
905 2427 1075 2462 interesse
1091 2427 1179 2461 satis
1194 2426 1313 2468 fuerit,
1331 2437 1409 2460 eum
1423 2435 1528 2470 opor-

40 2472 94 2504 tet
113 2470 399 2505 moderatim-ibus
424 2471 521 2505 affici
544 2471 639 2507 vitae
666 2473 844 2509 molestiis.
888 2474 1002 2519 Regia
1021 2480 1116 2509 certe
1136 2473 1290 2518 dignitas
1313 2472 1350 2506 in
1369 2473 1435 2506 hac
1453 2471 1528 2506 vita

41 2516 222 2551 maximum
242 2528 319 2551 esse
342 2517 503 2552 fortunae
524 2518 649 2553 donum
667 2519 899 2562 existimatur,
922 2527 960 2555 et
977 2532 1146 2563 summu8‚
1170 2520 1201 2554 si
1220 2520 1274 2554 fas
1293 2519 1423 2559 dicere,
1445 2517 1527 2552 seli-

40 2561 161 2597 citatis
181 2563 345 2598 cumulum
392 2564 526 2599 Contra
548 2565 672 2611 paucis
693 2567 803 2602 obolis
823 2567 937 2602 metiri
959 2567 1094 2614 copiam
1112 2578 1243 2602 omnem
1261 2565 1314 2600 rei
1333 2564 1527 2606 familiaris,

41 2612 79 2643 et
93 2614 192 2644 veste
206 2609 257 2644 uti
273 2609 372 2652 trita,
396 2615 434 2646 et
450 2611 536 2646 satis
554 2613 685 2648 habere
700 2613 737 2647 id
755 2613 850 2659 quod
867 2620 1013 2650 naturae
1028 2614 1121 2648 solas
1137 2625 1194 2648 res
1210 2611 1426 2647 necessarias
1441 2622 1526 2657 sup-

39 2654 198 2701 peditat,
222 2655 262 2690 id
277 2661 316 2691 et
338 2657 497 2692 miserum
516 2657 677 2701 videtur,
701 2665 738 2695 et
760 2672 878 2696 eorum
904 2672 1026 2703 unum,
1050 2672 1140 2707 quae
1155 2659 1251 2704 vulgi
1274 2657 1420 2693 maxima
1441 2668 1526 2703 pars

39 2702 269 2737 detestantur.
317 2703 391 2744 Qui
406 2715 490 2739 vero
514 2709 695 2751 utramque
717 2706 812 2742 vitae
836 2707 1065 2742 conditionem
1086 2711 1251 2753 expertus
1274 2711 1348 2746 est,
1370 2704 1403 2738 is
1418 2703 1524 2738 multo

37 2747 204 2783 libentius
229 2756 353 2795 pareat
374 2761 477 2796 quam
499 2751 663 2797 imperet,
687 2757 724 2787 et
739 2753 843 2789 vitam
861 2755 1003 2789 trahere
1021 2755 1157 2800 inopem
1176 2751 1291 2793 malit,
1314 2761 1415 2796 qm
1434 2761 1524 2796 quae

37 2793 183 2829 infinitis
206 2796 392 2831 honoribus
412 2797 607 2844 opibusque
627 2799 756 2845 stipata
773 2799 830 2837 sit.
876 2800 940 2835 Sin
964 2800 1096 2842 minus,
1132 2800 1279 2845 prodeat
1308 2797 1357 2832 ali
1381 2797 1438 2831 uia
1461 2796 1525 2831 do-

36 2847 185 2887 ceatque
204 2853 280 2885 nos,
302 2844 471 2889 quomodo
486 2844 683 2881 Alexander
698 2846 759 2882 ille
774 2845 939 2894 Magnus,
957 2847 1056 2882 cuius
1070 2845 1235 2893 auspiciis
1251 2855 1346 2879 arma
1394 2854 1525 2890 uropae
