1794 3172
253 125 355 174 784
706 131 1036 195 NICEPHORIJ
1057 131 1387 178 GREGORAE

34 250 71 284 A·
92 249 133 283 M·
151 250 243 288 6855
253 242 378 303 μένῳ,
398 239 617 300 προσήκων
632 238 760 293 τόπος
776 240 925 298 ἥκιστα
945 236 997 298 ἦν
1013 242 1074 292 «εἷς
1094 239 1356 299 καταμονήν·
1378 243 1448 286 καὶ
1466 246 1601 286 ταῦτα
1618 240 1745 300 μήπω

77 298 146 332 Ina·
164 299 209 335 15
254 314 360 370 μηδὲ
381 318 457 368 τῆς
482 309 656 368 συζύγου
678 309 907 368 παρούσης,
947 310 1045 354 ἀλλ’
1068 311 1111 353 ἕν
1129 313 1420 372 Διδυμοτείχῳ
1447 311 1744 370 διατριβούσης

213 383 327 427 Εὲτι.
367 380 428 433 οἷς
449 382 526 437 μὲν
550 382 629 439 γὰρ
650 379 944 439 ἁρμόττουσαν
969 379 1072 436 ἔχειν
1095 380 1191 437 ἐνῆν
1220 380 1415 438 οῗκήμασι
1437 383 1600 425 δίαιταν
1616 387 1742 438 βασι-

250 457 333 506 m,
369 456 502 495 ταῦτα
533 452 873 508 προκατέχουσαν
900 450 976 493 ουίι
1013 449 1228 507 ἐξέστησεν
1246 451 1398 495 ’Ἀνναν
1439 452 1516 508 τὴν
1544 454 1743 508 βασιλίδα

251 520 324 575 ξύν
344 538 386 578 γε
413 525 472 580 τῷ
496 523 611 563 παιδὶ
643 523 710 564 καὶ
740 525 909 575 βασιλεῖ
927 518 1120 578 Ἰωάννῃ,
1147 520 1245 564 οὐδ’
1270 520 1463 578 ε’μποδών
1483 519 1650 579 ἐγεγόνει
1668 522 1770 577 τήν-5

250 591 455 649 προτέραν
484 594 596 648 σφᾶς
620 591 664 633 ἓν
676 611 684 616 -μ
695 589 859 641 τούτοις
888 589 991 646 ἔχειν
1023 588 1280 634 ἀνάπαυσιν
1317 591 1416 635 ἀλλ’
1452 589 1598 648 ὥσπερ
1626 595 1744 650 σφίσι

223 660 225 664 ’
251 666 333 704 τῶν
362 663 590 715 βασιλικῶν
614 661 824 717 πρωτείων
845 658 1127 717 ἐξεκεχωρήκει
1150 665 1354 719 λαμπρῶς
1383 660 1425 704 ἕν
1451 679 1495 705 τε
1514 661 1745 717 καθέδραις

249 732 317 774 καὶ
341 730 562 789 εὐφημίαις
574 763 590 783 ,
622 729 732 774 οὕτω
763 730 840 773 κάν
862 736 954 780 ταῖς
982 728 1187 787 οῗκήσεσιν
1209 729 1439 789 ἐπεπράχει.
1477 730 1606 782 αὐτὸς
1627 734 1652 774 δ
1663 730 1674 747 '
1700 733 1744 775 ἔν

117 804 160 841 Ρ.
171 801 336 851 493τοΐς
353 802 443 857 περὶ
464 800 537 844 τὸν
548 801 729 852 Ἀλεξίου
749 804 824 843 τοῦ
843 797 970 843 πάλαι
988 800 1181 857 μέγιστον
1200 803 1404 859 τρίκλινον
1425 801 1614 859 ἐρειπίοις
1630 805 1743 856 μᾶλ-

249 875 321 914 λον
340 869 366 927 ἢ
386 860 605 926 οῗκήμασιν
635 872 757 913 εἰπεῖν
788 870 938 914 δέδωκε
965 870 1103 927 φέρων
1125 873 1246 914 οἷκεΐν
1270 868 1432 915 ἔαυτόν.
1479 870 1580 931 (H.)
1596 869 1740 914 Ἰωάν-
1755 875 1794 909 10

248 959 324 997 νην
354 958 398 998 γε
428 940 514 996 μὴν
540 940 614 983 τὸν
648 938 934 997 πατριάρχην,
974 940 1142 995 δέσμιον
1167 945 1396 997 τηνικαῦτα
1430 939 1620 995 παρόντα
1655 948 1743 992 τοῖς

247 1011 471 1067 βασιλείοις
502 1008 653 1066 εὗριὺν,
693 1010 790 1053 οῦδὲ
817 1014 918 1066 μιᾶς
953 1009 1101 1066 ἠξίωσε
1137 1007 1514 1069 προσαγορεύσεως.
1564 1008 1742 1067 διώκτην

248 1080 328 1138 γὰρ
361 1080 490 1123 αὐτοῦ
525 1077 816 1134 καταστάντα,
857 1082 924 1123 καὶ
955 1080 1116 1138 θερμὸν
1150 1081 1192 1132 ἐξ
1225 1081 1357 1138 ἀρχῆς
1381 1080 1603 1135 πολέμιον,
1644 1080 1740 1124 οὔτ’

249 1145 292 1194 εὖ
313 1167 352 1193 τι
375 1151 479 1210 δρᾷν
500 1148 576 1205 εἶχε
587 1183 600 1203 ,
625 1154 699 1206 τῆς
721 1151 895 1206 καρδίας
913 1148 1063 1206 ἣκιστα
1082 1151 1435 1209 προθυμουμένης
1454 1148 1613 1205 ὁμαλὸν
1632 1168 1742 1208 πρυ-

249 1217 430 1263 τανεύειν
451 1220 569 1263 οὐδέν
586 1233 596 1244 ·
634 1219 727 1264 οὔτ’
754 1215 807 1263 αὖ
830 1226 918 1271 τοῖς
938 1220 1068 1264 αὐτοῦ
1089 1227 1230 1271 κακοῖς
1253 1220 1359 1264 κακὰ
1381 1220 1653 1278 προστιθέναι
1673 1220 1740 1263 κέ-
1754 1223 1794 1260 15

212 1297 386 1346 Βκρικεν
415 1290 533 1348 ἕτερα
562 1292 668 1333 δεῖν·
705 1289 812 1346 πλὴν
835 1288 897 1333 ὅτι
922 1297 1015 1341 ταῖς
1036 1294 1112 1334 τοῦ
1135 1294 1326 1346 Παλαμᾶ
1358 1287 1604 1346 πειθόμενος
1629 1292 1742 1347 εἴση-

247 1358 388 1417 γήσεσι
428 1365 478 1418 τῇ
517 1377 560 1403 τε
594 1364 670 1416 τῆς
706 1360 930 1417 ἐπισκοπῆς
961 1360 1201 1418 καθαιρέσει
1241 1364 1471 1418 προσεπῆγε
1499 1361 1744 1418 καθαίρεσιν

248 1431 316 1472 καὶ
336 1428 424 1484 ἅμα
446 1431 488 1473 ἐν
519 1434 571 1488 τῇ
590 1434 664 1473 τοῦ
689 1431 1048 1473 θείουΒασιλείου
1069 1434 1177 1488 μονῇ
1195 1429 1486 1489 προστεταχὼς
1507 1429 1742 1485 ἀπενεχθῆ-

248 1512 316 1543 ναι
346 1499 448 1550 τέως
480 1500 521 1550 ἒς
557 1498 860 1556 Διδυμότειχον
899 1501 1056 1543 ἐκεῖθεν
1085 1498 1294 1558 ἐξόριστον
1321 1499 1415 1556 μετ’
1449 1499 1585 1556 ὀλίγον
1614 1499 1742 1543 αὐτὸν

228 1567 486 1627 ἐπεπόμφει.
539 1569 634 1628 (Θ.)
671 1572 758 1614 Καὶ
778 1571 900 1614 ταυτὶ
922 1571 998 1625 μὲν
1011 1593 1027 1624 ,·
1058 1571 1167 1621 ἰδίας
1188 1572 1256 1613 καὶ
1280 1570 1627 1627 πολυτελεστέρας
1646 1568 1740 1612 δεό-
1750 1577 1794 1612 20

247 1656 352 1694 μενα
372 1640 678 1697 πραγματείας,
713 1638 1010 1698 κεφαλαιώδως
1043 1657 1133 1691 πως
1157 1637 1274 1696 ἧμεΐς
1297 1642 1364 1683 καὶ
1390 1638 1559 1698 σφόδρα
1582 1656 1647 1682 τοι
1667 1657 1742 1683 πε-

210 1709 478 1765 Οφεισμένως
523 1707 675 1752 οὑτωσὶ
716 1708 1092 1766 διεξεληλύθειμεν,
1133 1712 1342 1761 πλείσταις
1372 1709 1518 1760 ἄλλαις
1556 1709 1743 1760 διεξιέναι

249 1776 387 1835 λόγοις
421 1779 734 1837 ἀφθονωτέροις
773 1779 850 1830 τὰς
887 1778 1109 1830 ὑποθέσεις
1140 1778 1341 1837 γλώτταις
1379 1783 1739 1837 παραχωροῦντες,

250 1849 319 1890 καὶ
339 1847 485 1891 ἄλλοτ’
520 1848 664 1899 ἄλλαις
692 1848 752 1892 ἇεὶ
779 1847 1045 1905 πανταχόθεν
1071 1851 1127 1900 εἷς
1152 1850 1224 1892 ἕνα
1258 1849 1348 1893 τινὰ
1369 1849 1742 1907 συγκεκροτημένοι·

346 1959 402 1995 17.
427 1957 513 1993 Post
533 1956 752 2007 καθαιρέσει
772 1959 920 1995 Boivino
946 1949 1124 1995 excidisse
1142 1959 1284 1995 videtur
1307 1958 1378 2007 τήν
1397 1959 1463 2008 τῆς
1479 1957 1696 2006 ἱερωσύνης.

250 2050 287 2085 in
305 2061 371 2096 quo
393 2050 589 2094 habitaret3
612 2052 730 2098 idque,
754 2052 820 2087 etsi
837 2053 986 2088 nondum
1005 2052 1144 2089 adesset
1161 2064 1269 2096 uxor,
1294 2053 1356 2088 sed
1372 2053 1487 2088 adhuc
1504 2052 1741 2099 Didymotichi

251 2101 528 2133 commoraretur.
574 2100 614 2133 In
635 2111 702 2145 qua
728 2099 814 2134 enim
839 2100 972 2134 aedium
994 2105 1094 2147 parte
1114 2099 1247 2135 versari
1271 2100 1513 2146 imperatorem
1533 2100 1742 2135 conveniens

254 2149 350 2185 erat,
374 2144 417 2178 ab
436 2155 477 2177 ea
496 2144 746 2190 imperatricem
768 2148 898 2181 Annam
924 2147 1014 2181 haud
1038 2147 1164 2189 movit,
1192 2159 1281 2193 quae
1303 2159 1377 2182 cum
1393 2147 1464 2182 filio
1482 2148 1611 2182 Ioanne
1629 2148 1741 2193 impe-

252 2194 370 2225 ratore
381 2189 430 2224 ibi
443 2191 599 2226 habitare
619 2197 867 2238 occupaverat3
892 2205 1002 2238 neque
1021 2194 1188 2240 impediit,
1215 2205 1281 2240 quo
1301 2194 1412 2228 minus
1429 2194 1456 2228 ii
1475 2194 1592 2228 sedem
1612 2193 1683 2228 illic
1702 2196 1741 2228 ut

253 2241 357 2271 antea
381 2237 558 2272 haberent.
606 2239 677 2273 Sed
694 2244 734 2273 ut
751 2239 981 2285 imperatoriis
1003 2240 1256 2287 praerogativis
1278 2245 1400 2286 aperte
1422 2241 1466 2275 iis
1485 2245 1652 2283 cesserat,
1670 2245 1740 2275 tam

251 2282 290 2317 in
307 2283 513 2318 sessionibus
533 2296 633 2330 quam
651 2284 687 2319 in
707 2285 1006 2321 acclamationibus
1018 2312 1028 2330 ‚
1053 2288 1104 2322 ita
1124 2292 1159 2322 et
1177 2287 1212 2322 in
1232 2287 1317 2333 ipsis
1335 2287 1603 2322 habitationibus
1620 2287 1741 2323 cessit.

251 2329 335 2376 Ipse
353 2341 436 2365 vero
456 2331 501 2365 ad
518 2330 607 2374 illas,
632 2343 722 2377 quae
741 2332 834 2366 circa
852 2333 1033 2368 maximum
1052 2334 1164 2369 Alexii
1182 2334 1312 2369 veteris
1331 2333 1517 2369 triclinium
1539 2336 1740 2375 occurrunt,

253 2376 373 2411 ruinas
398 2377 513 2423 potius
540 2389 642 2423 quam
672 2378 776 2413 aedes
801 2391 838 2413 se
858 2380 1001 2415 contulit
1031 2387 1066 2415 et
1086 2381 1274 2416 habitatum
1296 2381 1370 2415 ivit.
1418 2380 1554 2425 (VIII.)
1579 2381 1740 2414 Ioannem

253 2428 368 2457 autem
391 2424 643 2470 patriarcham,
667 2425 726 2470 qui
747 2430 817 2460 tum
843 2426 879 2460 in
902 2427 1031 2472 palatio
1059 2428 1198 2462 vinctus
1219 2427 1401 2468 adstabat,
1426 2427 1562 2461 obvium
1585 2438 1659 2461 cum
1677 2427 1741 2461 ha·-

253 2469 405 2512 buisset,
430 2470 524 2505 nulla
543 2471 748 2506 allocutione
770 2472 933 2516 dignatus
955 2478 1018 2509 est.
1066 2474 1114 2509 Ei
1134 2474 1234 2516 enim,
1254 2474 1313 2520 qui
1333 2486 1370 2508 se
1387 2474 1549 2520 persequi
1567 2473 1741 2508 instituis-

254 2524 320 2558 set,
345 2522 381 2551 et
398 2518 442 2552 ab
460 2517 560 2552 initio
579 2518 689 2552 hostis
708 2518 896 2553 acerrimus
912 2520 1114 2563 exstitisset,
1137 2533 1201 2555 nec
1218 2525 1357 2566 poterat
1376 2521 1595 2560 benefacere,
1619 2521 1742 2554 volun-

254 2565 328 2597 tate
346 2563 482 2598 minime
502 2576 674 2611 propensa
694 2564 737 2598 ad
757 2565 906 2610 benigne
925 2564 1192 2608 consulendum3
1218 2579 1281 2601 nec
1299 2567 1390 2600 illius
1410 2567 1507 2601 malis
1527 2566 1594 2601 alia
1611 2566 1742 2600 addere

254 2609 343 2644 mala
360 2610 472 2645 visum
491 2615 565 2646 est:
590 2611 656 2646 nisi
677 2612 771 2657 quod
791 2613 952 2647 suadenti
966 2614 1126 2649 Palamae
1146 2614 1358 2659 obsequutus
1378 2613 1606 2660 episcopalem
1624 2613 1741 2658 digni-

253 2660 360 2690 tatem
381 2656 508 2692 iterato
524 2658 574 2692 illi
592 2658 733 2701 ademit,
758 2662 795 2693 et
812 2670 888 2693 cum
909 2659 944 2694 in
964 2660 1044 2695 Divi
1063 2660 1187 2695 Basilii
1208 2659 1450 2695 monasterium
1470 2660 1606 2694 interim
1625 2664 1742 2694 trans-

255 2702 341 2737 ferri
361 2715 438 2738 eum
458 2704 626 2748 iussisset,
643 2705 927 2750 'Didymotichum
945 2707 1026 2742 inde
1046 2708 1147 2753 paulo
1165 2712 1244 2752 post
1259 2706 1431 2740 exulatum
1446 2707 1551 2741 misit.
1576 2705 1677 2750 (IX.)
1691 2706 1741 2739 Et

252 2748 340 2784 haec
361 2751 523 2795 quidem,
547 2752 684 2786 tametsi
703 2751 873 2807 peculiari
899 2753 1092 2800 fusior-ique
1119 2752 1333 2798 expositione
1358 2754 1527 2798 egebant,
1552 2752 1741 2787 summatim

253 2795 499 2840 quodammodo
524 2809 585 2832 nos
610 2798 826 2845 ieiuniusque
851 2800 1104 2845 percurrimus;
1140 2800 1217 2834 aliis
1242 2799 1405 2835 videlicet
1425 2801 1514 2834 bene
1539 2799 1672 2840 multis,
1696 2797 1740 2833 ad

255 2842 399 2878 eundem
418 2843 522 2880 finem
539 2845 696 2892 quotidie
713 2849 750 2881 et
767 2845 992 2894 undecunque
1010 2847 1244 2891 tendentibus,
1268 2847 1387 2883 eadem
1404 2852 1607 2893 argumenta
1623 2845 1740 2891 copio—
