1794 3172
269 176 404 224 1162
779 143 1257 225 ANNOTATIONES.

387 292 484 344 Pag.
515 290 592 339 61,
622 290 690 331 22.
746 281 966 342 Ἐπήνεγκε
992 282 1121 344 τούτῳ
1150 283 1227 339 τὴν
1253 282 1465 340 τελευτήν]
1491 285 1626 341 ΔΔηηο
1659 286 1794 326 Mundi

273 349 340 390 VI.
366 345 667 387 MDCCLXVII.
699 350 747 383 ut
782 350 939 384 constat
968 358 1018 384 ex
1052 343 1346 398 imperatorum
1382 344 1483 383 serie
1517 343 1794 397 chronologica

276 406 435 459 saepius
461 405 538 443 iarn
565 409 796 445 memorata.
853 402 947 441 Fuit
977 408 1108 440 autem
1139 402 1173 440 is
1199 415 1358 452 annus„
1379 416 1400 440 a
1421 415 1554 441 mense
1577 402 1794 455 Septembri

275 465 324 504 ad
354 460 604 510 Ianuarium,
637 473 763 498 annus
789 458 936 498 Christi
963 459 1208 500 MCCLVIII.
1230 474 1253 498 a
1281 459 1465 498 Ianuario
1487 465 1618 499 autem
1639 459 1689 498 ad
1711 461 1794 498 Au-

274 521 379 573 gusti
398 519 539 568 finem,
569 518 776 558 MCCLIX.
832 517 939 556 Hinc
955 517 1145 556 Possinus
1166 516 1424 555 Theodorum
1445 518 1643 555 Lascarim
1661 517 1794 555 iunio-

272 593 356 618 rem
378 575 595 616 decessisse
612 575 786 614 asfirmat
806 589 909 613 anno
930 574 1077 613 Christi
1096 575 1303 614 MCCLIX.
1325 574 1533 613 Mauritius
1555 574 1696 625 David,
1726 588 1794 613 an-

274 650 326 675 no
348 633 589 674 MCCLVIII.
618 633 743 672 Favet
764 632 929 672 Possino
951 633 1089 671 eadem
1111 633 1179 671 illa
1208 632 1330 671 series
1351 631 1632 682 chronologica
1646 661 1656 681 ,
1697 645 1794 682 quae

276 700 450 746 quatuor
486 704 611 730 annos
638 689 796 742 imperii
825 690 999 740 assignat
1026 688 1240 729 Theodoro
1270 689 1448 735 Lascari‚
1478 703 1559 727 non
1591 702 1690 728 vero
1719 695 1794 728 tres

275 764 423 803 eosque
462 748 572 787 haud
603 748 800 799 integros,
839 754 939 798 quot
969 747 1178 786 Mauritius
1208 747 1335 785 David
1366 747 1402 785 ei
1432 746 1618 795 assignat.
1677 746 1794 785 Favet

273 808 390 848 etiam
413 806 550 846 Codex
568 805 715 857 Regius
747 803 894 848 25252.
918 805 988 844 fol.
1016 808 1113 848 271.
1140 804 1211 843 ubi
1234 812 1408 856 quatuor
1442 805 1556 842 annis
1586 805 1794 856 imperasse

270 866 341 905 ille
363 864 522 904 dicitur.
580 863 791 902 Mauritius
810 862 938 901 David
961 862 1188 915 opinionem
1211 875 1321 900 suam
1340 860 1597 914 Pachymeris
1619 861 1794 900 auctori-

273 929 355 963 tate
375 928 414 962 et
433 920 710 975 probabilibus
727 920 970 970 argumentis
994 919 1189 960 defendit.
1247 932 1397 959 BOIVIN.

387 983 480 1031 Pag.
510 982 586 1029 61,
617 982 686 1021 22.
738 973 1012 1032 Ἀλλαξαμένῳ
1047 972 1274 1031 προθύμως
1308 974 1354 1019 vd
1386 979 1517 1030 σχῆμα
1547 972 1691 1029 μικρὸν
1721 971 1794 1029 πρό

272 1041 346 1092 τῆς
368 1035 572 1088 τελευτῆς]
604 1036 831 1087 Ducangius
852 1036 996 1085 vertit,
1028 1037 1096 1089 qui
1117 1033 1305 1075 alacriter
1318 1049 1483 1088 parvum
1503 1032 1679 1071 habitum
1703 1048 1794 1085 pau-

273 1095 313 1136 lo
341 1104 431 1134 ante
458 1093 607 1133 obitum
634 1091 868 1132 monachico
897 1091 1069 1132 cucullio
1099 1101 1340 1143 mutaveram
1382 1097 1421 1130 et
1444 1091 1651 1130 Phranzae
1682 1089 1794 1127 testi-

273 1152 408 1192 monio
426 1151 578 1201 utitur,
607 1149 720 1201 ‘quod
743 1155 874 1188 tamen
899 1150 1083 1200 congruit
1111 1164 1203 1188 cum
1235 1149 1563 1202 interpretatione
1587 1146 1794 1186 Wolfiana.

273 1209 479 1250 Phranzae
505 1206 631 1247 verba
658 1213 772 1256 sunt,
811 1221 899 1245 cum
932 1205 1054 1260 paulo
1087 1216 1177 1245 anie
1205 1216 1365 1246 mortem
1396 1204 1582 1245 monachi
1622 1203 1794 1243 habitum

270 1266 471 1307 induisset.
527 1265 619 1318 Ipse
639 1264 888 1315 Ducangius,
914 1270 1128 1316 postquam
1157 1261 1200 1305 τὸ
1226 1267 1358 1316 σχῆμα
1383 1261 1526 1316 μικρόν
1542 1276 1707 1316 parvum
1728 1260 1794 1300 ha.

273 1324 395 1363 bitum
416 1323 704 1375 interpretatus
727 1328 807 1371 est,
839 1322 1002 1361 eandem
1025 1335 1164 1361 vocem
1189 1318 1346 1375 μικρόν,
1378 1320 1490 1373 quasi
1511 1320 1733 1372 repetitam,
1754 1324 1794 1357 ut

271 1381 506 1421 adverbium
531 1379 835 1432 interpretatur.
891 1393 1044 1418 nomm.

342 1438 348 1449 ”
389 1441 483 1491 Pag.
513 1440 589 1487 61,
619 1441 687 1481 23.
749 1434 801 1477 Τὸ
822 1439 952 1489 σ’χῆμα
978 1433 1139 1490 μικρὸν]
1171 1434 1372 1482 Phranzes
1390 1434 1464 1475 lib.
1483 1427 1519 1474 I?
1546 1448 1633 1486 cap.
1662 1432 1728 1471 111.
1761 1432 1794 1471 Is

274 1510 361 1536 mos
382 1494 489 1548 apud
510 1495 686 1533 Graecos
707 1495 941 1546 praesertim
964 1494 1211 1543 invaluerat,
1241 1500 1287 1531 ut
1307 1506 1398 1531 cum
1421 1493 1464 1531 in
1492 1492 1681 1531 extremis
1709 1504 1794 1529 ver-

275 1551 472 1601 sarentur,
500 1551 778 1590 monachicum
799 1549 983 1590 habitum
996 1557 1210 1601 sumerent,
1242 1551 1353 1589 illum
1376 1550 1542 1599 scilicet,
1565 1562 1680 1602 quem
1702 1562 1794 1601 par-

274 1626 363 1651 vum
385 1609 592 1650 vocabant.
611 1608 818 1648 Interdum
837 1609 968 1658 etiam,
987 1623 1077 1648 cum
1100 1609 1260 1648 morbus
1271 1608 1581 1659 ingravesceret,
1598 1620 1794 1658 magnum,

277 1682 358 1721 quo
378 1667 546 1720 perfecti
567 1666 775 1718 monachi,
805 1672 852 1704 ut
869 1667 1052 1718 loquitur
1073 1666 1272 1705 Phranzes
1298 1666 1347 1705 de
1369 1666 1500 1718 seipso
1523 1665 1623 1703 Hist.
1640 1663 1709 1702 lib.
1730 1663 1794 1702 III⁴

276 1740 364 1777 cap.
385 1728 453 1767 30.
474 1738 545 1763 seu
572 1720 862 1778 μεγαλόσχημοι
888 1731 1158 1774 morerentur,
1197 1723 1399 1776 quomodo
1422 1722 1699 1771 vocabantur,
1729 1720 1794 1772 qui

275 1783 327 1821 ad
346 1796 539 1821 summum
560 1781 816 1820 monachicae
837 1783 1092 1834 perfectionis
1113 1782 1265 1835 apicem
1287 1787 1566 1834 pervenerant.
1605 1779 1652 1817 Id
1674 1791 1794 1831 porro

275 1841 325 1890 de
353 1839 568 1878 Theodoro
600 1839 711 1879 hisce
749 1839 881 1878 verbis
910 1840 1099 1892 intelligit
1132 1841 1347 1891 Gregoras,
1391 1852 1492 1890 quae
1526 1838 1657 1876 minus
1687 1842 1794 1875 recte

271 1897 451 1937 reddidit
470 1897 689 1949 interpres:
722 1892 976 1952 ἅλλαξαμὲνῳ
998 1893 1223 1950 προθύμως
1240 1894 1284 1938 τὸ
1306 1899 1437 1949 σχῆμα
1465 1892 1610 1948 μικρὸν
1630 1892 1706 1946 πρὸ
1725 1896 1794 1945 τῆς

272 1957 457 2006 τελευτῆς
484 1953 524 2003 ἐς
553 1950 598 1996 τὸ
626 1951 846 2008 μοναχικὸν
869 1950 1103 2007 τριβώνιον,
1136 1968 1236 2006 quae
1258 1955 1316 1992 sic
1343 1954 1530 1992 vertenda
1564 1958 1697 2001 erant,
1729 1950 1794 2003 qui

275 2010 462 2051 alacriter
479 2026 644 2064 parvum
677 2010 854 2051 habitum
879 2009 1003 2065 paulo
1041 2020 1132 2050 anie
1168 2010 1317 2050 obitum
1351 2010 1583 2050 monachico
1624 2006 1794 2048 cucullio

273 2077 504 2107 mutaverat.
563 2069 639 2108 Ubi
661 2068 844 2108 Wolfius:
874 2069 942 2121 qui
966 2066 1088 2121 paulo
1116 2078 1205 2107 ante
1226 2068 1372 2107 obitum
1405 2066 1592 2106 alacriter
1609 2065 1794 2104 monasti-

275 2140 364 2165 cum
402 2124 577 2165 habitum
613 2125 757 2166 induit.
813 2125 1001 2164 Primitus
1040 2125 1141 2165 enim
1179 2139 1347 2178 parvum
1387 2124 1567 2163 habitum
1609 2123 1794 2161 induerat

272 2181 532 2231 Theodorus,
568 2182 711 2222 deinde
735 2196 940 2235 magnum,
972 2197 1051 2236 quo
1082 2180 1377 2237 μεγαλόσχημος
1394 2187 1630 2222 moreretur.
1694 2183 1794 2220 Με-

185 2232 187 2234 ·
213 2291 215 2293 Ι
271 2234 534 2293 γαλοσχήμων
559 2247 691 2280 autem
710 2241 913 2293 peculiare
934 2248 1018 2281 erat
1038 2237 1326 2291 κουκούλλιον,
1355 2240 1466 2292 quod
1492 2234 1708 2292 τριβώνιον
1729 2235 1794 2274 hic

272 2296 451 2348 appellat
480 2297 695 2348 Gregoras,
741 2311 832 2337 cum
859 2294 1142 2353 μικροσχήμων
1172 2304 1273 2337 esset
1301 2293 1484 2351 μανδύας
1514 2309 1583 2335 seu
1613 2294 1794 2347 pallium.

270 2353 318 2393 Id
340 2353 524 2407 pluribus
546 2355 731 2395 docemus
752 2355 793 2394 in
813 2356 941 2397 Gloss.
966 2356 1069 2396 med.
1096 2356 1268 2394 Graecit.
1287 2355 1331 2393 in
1359 2367 1398 2400 v.
1424 2356 1580 2406 Σχῆμα.
1618 2365 1792 2391 numne.

385 2413 482 2464 Pag.
511 2414 587 2460 61,
619 2412 686 2454 25.
747 2412 831 2454 Καὶ
861 2411 1010 2463 πολλοὶς
1038 2409 1250 2468 δακρύων]
1283 2410 1328 2451 [d
1354 2411 1484 2464 ipsum
1505 2409 1645 2449 scribit
1674 2410 1794 2448 Acro-

270 2467 413 2522 polita.
469 2482 640 2508 nocane.

384 2528 478 2579 Pag·
510 2528 585 2576 62,
612 2525 652 2567 4.
682 2521 802 2581 ’Λνήρ
824 2525 901 2581 γάρ’
920 2543 981 2576 τις
1009 2522 1264 2578 Μουζᾶλων]
1289 2524 1520 2578 Acropolita
1535 2537 1620 2576 cap.
1635 2521 1793 2563 LXXV.

250 2581 530 2634 'Pachymeres
556 2583 626 2622 lib.
659 2583 686 2623 I.
719 2598 805 2637 cap.
827 2585 931 2626 VIII.
960 2585 1051 2625 XII.
1074 2585 1160 2623 XV.
1185 2583 1294 2623 XVI.
1320 2583 1462 2623 XVIII.
1484 2582 1594 2621 XIX.
1642 2579 1794 2619 Phran-

265 2653 333 2679 zes
360 2639 430 2679 lib.
449 2641 479 2683 Ι.
502 2654 592 2694 cap.
611 2640 679 2682 III.
710 2640 926 2682 Historiam
954 2648 994 2682 et
1022 2643 1225 2682 fortunam
1253 2640 1476 2680 Muzalonis
1505 2638 1793 2692 perstringunt.

263 2710 441 2738 numne.

375 2757 472 2807 Pag.
503 2757 581 2805 62,
610 2758 678 2797 22.
731 2749 808 2796 ‘''Hv
826 2752 902 2809 γὰρ
924 2756 1038 2798 ἕκτον
1056 2758 1273 2810 τηνικαῦτα
1293 2748 1472 2796 ὃιανύων
1495 2747 1576 2794 οἷπὸ
1604 2749 1793 2805 γενέσεως

259 2809 372 2866 ἔτος]
403 2812 638 2864 Acropolita
658 2826 743 2865 cap.
772 2814 929 2854 LXXV.
958 2812 1074 2855 οὔπω
1103 2811 1178 2869 γάρ
1206 2813 1365 2854 τελείων
1395 2810 1576 2865 ὑπῆρχεν
1596 2810 1792 2851 ἐνιαυτῶν

253 2864 368 2910 ὀκτώ.
411 2868 675 2922 Pachymeres
707 2884 927 2910 novennem
950 2871 1063 2911 facit.
1120 2883 1272 2911 noxvm.
