1794 3172
238 118 340 168 896
646 110 964 168 NICEPHORI
991 117 1315 164 GREGORAE

21 243 60 276 A.
77 241 122 275 Μ.
138 239 230 278 6859
242 235 322 288 δα,
353 229 434 290 ὅπη
455 231 503 277 τό
526 229 618 288 με’λι
636 235 712 288 τῆς
731 228 885 286 ἡδονῆς
904 226 1114 288 ἀκήρατον
1142 226 1242 272 εἶναι
1266 229 1333 272 καὶ
1356 222 1578 284 ἆδιᾶδοχον
1606 229 1716 271 δεδι-

83 285 447 370 ¹¹¹⁶·4Fffdypoe3a.
486 301 583 346 οὐδὲ
608 300 686 359 γὰρ
722 299 818 343 οὐδὲ
841 299 1004 350 ἀπαθὲς
1035 297 1134 356 ἡμῖν
1157 296 1406 350 ἀπαλλάξειν
1425 296 1540 354 οἶμαι
1567 298 1615 341 τὸ
1647 299 1718 355 ζῇν

192 407 198 411 --
242 372 337 431 ἄχρι
354 373 422 416 καὶ
439 372 481 422 ἐς
506 370 582 427 τὴν
601 367 867 428 ὖστεραίαν.”
939 367 1035 429 (Θ.)
1066 366 1282 419 Ἀπιόντας
1300 385 1343 426 γε
1369 367 1452 424 μὴν
1471 368 1615 423 συχνοὶ
1635 371 1719 410 τῶν

242 445 380 487 οἰκιῶν
398 442 652 497 ἐκπηδῶντες
661 473 675 495 ,
711 438 856 497 ἄνδρες
878 436 983 494 ὃμοῦ
1014 439 1083 482 καὶ
1113 444 1324 495 γυναῖκες,
1362 434 1564 495 εὐφήμοις
1588 435 1719 493 προῦ-

242 528 403 568 πεμπον
423 508 535 567 ἡμᾶς
554 516 645 560 ταῖς
674 515 846 566 φωναῖς.
890 503 1000 565 ἦσαν
1028 508 1071 551 δ’
1096 507 1142 551 οἳ
1158 509 1225 551 καὶ
1247 505 1406 558 πάντας
1428 504 1589 566 φόβους
1611 505 1754 554 ἄπο-5

242 578 497 635 σεισάμενοι,
534 577 794 638 θαρῥοῢντες
817 579 1004 632 εἵποντο,
1043 576 1166 633 θαμὰ
1187 577 1491 635 περιτρέχοντες
1515 575 1633 619 ἴνθεν
1652 577 1722 618 καὶ

215 678 218 680 v
242 649 386 704 ἔνθεν,
424 646 578 692 σύνδυο
598 650 666 692 καὶ
688 647 897 705 σύντρεις·
935 646 1021 691 ἔστι
1047 647 1091 690 δ’
1118 641 1167 691 οὗ
1198 649 1266 690 καὶ
1297 646 1404 690 κατὰ
1427 649 1614 702 πλῆθος,
1654 646 1722 688 καὶ

243 720 408 770 πλείους
426 718 488 762 ἀεὶ
509 722 721 770 ποιοῦντες
737 716 877 775 ἡμῶν·
914 714 1203 775 παραπλήσιον
1229 714 1365 774 ὥσπερ
1386 714 1438 760 ἂν
1459 715 1500 759 εἶ’
1511 732 1572 765 τις
1591 731 1722 757 ποτα-

91 796 133 832 Ρ.
153 792 223 834 564
245 793 336 846 μῶν
356 791 440 832 τῶν
460 789 682 845 μεγίστων,
718 788 761 840 ἐξ
789 786 914 845 ὄρους
938 784 1120 842 ὗψίστου
1149 782 1398 844 ῥηγνύμενος
1407 818 1421 839 ,
1460 783 1508 829 οὗ
1537 788 1724 834 τοιοῦτος

241 860 317 916 μὲν
337 855 532 916 ὗπάρχων
553 858 597 901 ἐκ
615 861 756 914 πηγῶν
776 856 919 910 εὐθὺς,
955 857 996 906 ἒς
1015 856 1060 899 δὲ
1081 855 1130 899 τὸ
1148 853 1344 906 κάταντες
1364 855 1453 909 ι’ὠν,
1492 856 1560 897 καὶ
1581 852 1722 904 ἄλλοις
1736 864 1780 899 10

244 928 303 972 ἔτι
333 925 572 985 χειμάρροις
606 928 674 970 καὶ
708 924 829 985 ῥύαξι
857 925 906 969 τὸ
941 924 1076 984 ῥεῦμα
1105 923 1389 980 κοινούμενος,
1428 925 1493 967 ἐπὶ
1524 927 1725 967 τοσοῦτον

244 996 358 1050 αὔξει
383 996 609 1054 μεγέθους,
649 993 704 1045 ὥς
725 997 793 1039 καὶ
822 996 1074 1053 ναυσίπορον
1104 992 1160 1045 ὥς
1184 994 1237 1039 τὰ
1260 994 1396 1038 πολλὰ
1418 995 1721 1038 καθίστασθαι.

247 1065 357 1111 οὕτω
378 1063 612 1121 κατάδηλος
643 1063 797 1108 ἅπασιν
821 1064 972 1120 ἀναμὶξ
1000 1065 1069 1107 καὶ
1094 1064 1201 1115 νέοις
1232 1066 1300 1108 καὶ
1323 1064 1513 1122 γέρουσι,
1553 1064 1619 1106 καὶ
1649 1062 1726 1105 ἀν-

248 1133 372 1194 δράσι
405 1136 471 1178 καὶ
489 1136 694 1191 γυναιξὶν,
732 1132 854 1190 ἢτοῦ
878 1134 1142 1189 παλαμναίου
1173 1131 1380 1190 δόγματος
1408 1131 1563 1190 ὑπῆρξε
1586 1132 1722 1175 κακία.

207 1211 239 1248 Β
353 1202 402 1256 ς’.
430 1203 544 1262 ’Άρτι
567 1204 611 1247 δὲ
644 1205 737 1262 περὶ
761 1202 873 1262 ὥραν
899 1207 980 1260 τῆς
1004 1201 1161 1261 ἡμέρας
1187 1203 1496 1259 καθισταμένην
1530 1202 1724 1259 δευτέραν
1738 1207 1783 1246 15

245 1273 360 1325 ἐντὸς
379 1274 446 1317 καὶ
466 1271 582 1329 ἡμεῖς
604 1277 687 1317 τῶν
707 1274 926 1326 βασιλείων
945 1270 1171 1330 γιγνόμεθα
1186 1286 1196 1297 ·
1232 1274 1305 1316 καί
1325 1290 1430 1323 τινες
1452 1276 1535 1316 τῶν
1557 1276 1726 1315 πελεκυ-

247 1342 390 1402 φόρων
412 1341 517 1398 ὁμοῦ
533 1343 600 1386 καὶ
618 1340 890 1401 ῥαβδούχων,
929 1346 1005 1399 τῆς
1022 1342 1239 1399 ἔνδοτέρας
1260 1346 1334 1386 τοῦ
1353 1342 1556 1397 βασιλέως
1576 1338 1727 1391 ἐθάδες

248 1412 385 1466 ὄντες,
422 1410 533 1468 ἡμᾶς
553 1410 806 1468 θεασάμενοι
829 1410 1074 1471 πόρρωθεν,
1111 1413 1274 1470 σπουδῇ
1301 1411 1405 1470 πρὸς
1426 1409 1537 1468 ἡμᾶς
1554 1411 1727 1468 ἀφίκον-

247 1500 323 1537 το,
360 1479 436 1538 τήν
455 1499 499 1525 τε
521 1478 702 1539 πρόοδον
726 1480 1044 1532 ἀναστέλλοντες
1078 1483 1145 1524 καὶ
1177 1481 1307 1525 αὐτοῦ
1338 1482 1430 1538 περὶ
1459 1480 1534 1536 τὴν
1563 1479 1727 1523 αὔλειον

246 1551 538 1609 περιμένοντας
552 1548 768 1607 ἡσυχάζειν
789 1548 1019 1601 κελεύοντες
1033 1564 1042 1575 ·
1064 1550 1336 1607 ἀσχολεῖσθαι
1353 1550 1432 1608 γὰρ
1450 1549 1530 1606 ἤδη
1549 1549 1623 1592 τὸν
1643 1553 1727 1603 βα-
1738 1556 1785 1592 20

212 1621 369 1665 Οσιλέα
406 1621 498 1678 περὶ
530 1621 758 1678 θεραπείαν
797 1619 890 1664 τινὰ
922 1620 1335 1677 κατεσπουδασμένην
1373 1623 1456 1663 τῶν
1490 1619 1730 1676 Ναζιραίων

249 1690 408 1734 ἐκείνων
428 1692 497 1733 καὶ
523 1689 624 1734 νέων
644 1691 952 1747 δογματιστῶν,
987 1687 1143 1733 {icoc-ce
1163 1691 1255 1748 περὶ
1287 1693 1399 1747 σφᾶς
1429 1689 1639 1732 ἐπίσκοποι
1659 1689 1730 1730 καὶ

250 1758 340 1805 ὅσοι
356 1757 650 1819 πρεσβύτεροι,
686 1761 755 1805 καὶ
773 1763 913 1805 πᾶσαν
933 1756 1076 1811 ἅπλῶς
1100 1759 1222 1804 εἶπεῖν
1240 1759 1393 1816 ἐκείνην
1413 1756 1574 1816 ἡλικίαν
1588 1771 1597 1782 ·
1626 1755 1730 1802 εἶναι

341 1883 376 1920 8.
399 1877 499 1930 ἡμᾶς
522 1881 609 1918 coni.
629 1881 730 1919 Boiv.

253 1988 346 2021 ctum
362 1985 481 2021 labore
498 1985 661 2021 athletico
677 1985 801 2032 pedem
821 1984 859 2020 in
877 1984 1043 2022 Paradiso
1056 1985 1212 2032 figamus,
1240 1984 1301 2021 ubi
1323 1985 1388 2021 mel
1405 1983 1594 2030 voluptatis
1614 1982 1729 2018 incora-

253 2035 392 2078 ruptum
410 2038 446 2067 et
467 2044 617 2079 perenne
636 2045 714 2067 esse
733 2032 921 2067 didicimus.
969 2033 1094 2078 Neque
1112 2033 1200 2068 enim
1219 2044 1281 2068 nos
1302 2037 1386 2079 puto
1402 2043 1513 2078 usque
1536 2031 1582 2065 ad
1602 2031 1730 2069 erasti-,-

253 2089 331 2114 nam
361 2078 448 2114 diem
471 2080 548 2114 fore
574 2077 814 2125 superstites.‘’
870 2078 972 2124 (lx.)
997 2080 1084 2114 eum
1107 2085 1220 2114 autem
1242 2080 1434 2122 abiremus,
1464 2078 1592 2124 passim
1608 2077 1674 2112 viri
1693 2080 1731 2111 et

252 2125 414 2160 mulieres
429 2125 581 2160 domibus
597 2125 670 2160 suis
687 2125 922 2172 prosiliebant,
946 2130 982 2160 et
999 2138 1061 2160 nos
1079 2126 1204 2161 faustis
1225 2126 1523 2162 acclamationibus
1540 2135 1732 2170 proseque-

253 2171 394 2206 bantur.
440 2171 553 2207 Erant
571 2171 694 2216 etiam,
718 2172 780 2218 qui
798 2172 886 2206 omni
902 2176 994 2207 metu
1014 2184 1159 2207 excusso
1180 2173 1346 2208 audacter
1370 2171 1626 2214 comitarentur,
1650 2170 1730 2205 hinc

253 2222 360 2263 atque
378 2216 458 2252 hinc
473 2219 594 2253 crebro
613 2219 932 2260 circumcursantes,
956 2219 1027 2253 bini
1044 2224 1079 2254 et
1096 2220 1207 2262 terni3
1231 2219 1330 2254 immo
1350 2218 1476 2254 alicubi
1494 2219 1600 2252 denso
1619 2216 1730 2262 agmi-

257 2275 303 2298 ne
321 2263 552 2307 confluentes,
577 2268 615 2299 ut
639 2270 831 2300 nostrorum
855 2277 1017 2300 numerus
1044 2266 1187 2301 subinde
1213 2270 1423 2312 augeretur3
1447 2264 1566 2299 itidem
1589 2264 1664 2298 fere
1690 2265 1732 2296 ut

256 2310 420 2345 maximus
447 2310 600 2352 fluvius,
635 2311 694 2356 qui
718 2323 761 2346 ex
788 2311 952 2346 altissimo
979 2317 1093 2347 monte
1119 2324 1298 2358 erumpens
1318 2323 1386 2346 non
1414 2312 1458 2346 ab
1483 2310 1568 2356 ipsis
1592 2308 1730 2355 quidem

256 2355 410 2391 fontibus
428 2359 546 2392 tantus
573 2360 716 2402 repente
736 2357 891 2400 exsistit,
915 2358 977 2393 sed
994 2370 1056 2407 per
1080 2371 1221 2404 pronum
1250 2359 1367 2404 lapsus
1390 2369 1467 2392 cum
1492 2357 1568 2392 aliis
1593 2362 1732 2390 torren-

256 2402 350 2437 tibus
371 2406 406 2437 et
427 2402 511 2438 rivis
539 2402 647 2437 undas
675 2404 914 2446 communicat,
942 2416 982 2439 ac
1003 2405 1142 2440 tandem
1169 2405 1204 2440 in
1232 2417 1308 2440 eum
1323 2404 1455 2439 modum
1474 2403 1665 2444 excrescit,
1690 2404 1732 2436 ut

257 2453 295 2483 et
311 2448 487 2495 plerisque
504 2449 539 2484 in
557 2449 644 2484 locis
660 2449 862 2495 navigabilis
880 2451 950 2485 fiat.
987 2452 1084 2486 Adeo
1103 2452 1272 2497 dogmatis
1291 2450 1431 2486 nefandi
1448 2450 1609 2496 impietas
1623 2447 1732 2484 omni-

257 2496 325 2530 bus
347 2495 557 2541 promiscue,
579 2495 781 2538 iuvenibus,
805 2497 964 2539 senibus,
987 2498 1094 2540 viris,
1117 2498 1294 2540 foeminis,
1318 2498 1464 2532 evidens
1481 2500 1569 2533 erat.

353 2544 386 2579 6.
411 2542 561 2577 Circiter
577 2543 693 2577 horam
718 2543 788 2577 diei
809 2545 993 2578 secundam
1021 2544 1182 2590 palatium
1210 2544 1436 2589 ingredimur.
1491 2542 1547 2577 lbi
1572 2541 1732 2576 lictorum

259 2591 296 2623 et
317 2588 552 2634 apparitorum
580 2589 753 2631 nonnulli,
777 2601 891 2624 eorum
914 2602 1034 2636 nempe
1058 2591 1117 2636 qui
1144 2591 1178 2625 in
1204 2590 1368 2625 interiore
1392 2588 1608 2635 imperatoris
1631 2587 1732 2622 domo

259 2638 464 2678 versantur,
488 2634 608 2681 procul
626 2646 687 2669 nos
703 2636 903 2681 conspicati,
928 2649 1001 2671 cum
1024 2637 1243 2672 festinatione
1258 2642 1462 2678 occurrunt,
1487 2634 1634 2670 ulterius
1653 2645 1735 2680 pro-

261 2680 360 2726 gredi
377 2686 508 2724 vetant‚
528 2687 634 2727 atque
644 2681 716 2716 illic
733 2681 825 2716 circa
841 2683 1046 2717 vestibulum
1064 2684 1200 2729 quietos
1218 2688 1310 2718 stare
1329 2688 1363 2718 et
1375 2686 1580 2728 exspectare
1591 2680 1734 2720 iubent3

261 2727 391 2772 quippe
409 2727 476 2762 iam
497 2728 734 2774 imperatorem
752 2729 870 2762 sedulo
886 2741 1025 2776 operam
1042 2730 1145 2772 (lare,
1169 2734 1209 2764 ut
1224 2742 1349 2775 corpus
1371 2733 1534 2764 curarent
1550 2727 1600 2761 illi
1623 2726 1734 2761 Nazi-

263 2773 354 2807 raei:
377 2773 427 2808 illi
448 2773 581 2810 scilicet
597 2774 677 2809 novi
695 2775 945 2820 dogmatistae,
964 2788 1151 2822 eorumque
1169 2776 1257 2811 socii
1277 2775 1444 2822 episcopi,
1466 2772 1674 2820 presbyteri,
1698 2775 1734 2806 et

263 2819 369 2856 omnis
387 2831 527 2867 prorsus
547 2821 754 2858 eiuscemodi
772 2822 899 2860 turha:
918 2828 1076 2859 constare
1095 2827 1208 2861 autem
1233 2834 1307 2860 eam
1325 2833 1506 2870 corporum
1524 2819 1734 2861 curationem
