1794 3172
256 135 356 188 634
662 141 977 188 NICEPHORI
1006 140 1331 186 GREGORAE

37 267 74 300 Α.
95 265 139 301 M.
155 264 330 301 685οτον
341 287 356 309 ,
389 254 459 298 καὶ
488 246 652 297 κινεῖται
685 251 781 296 κατ’
818 250 955 295 αὗτιῦν
987 249 1009 295 ὅ
1038 253 1173 307 δῆμος
1204 251 1433 310 ῥαγδαίως,
1481 254 1550 297 καὶ
1586 252 1738 311 γίνεται

63 312 150 376 ylnd·
165 313 210 362 19
255 322 386 384 φόνος
413 324 562 380 συχνὸς
594 325 636 374 ἐξ
664 319 886 380 ὁμοφύλων
924 324 1054 379 ξιφῶν
1087 323 1129 364 ἓν
1161 321 1419 381 εὖανδρούσῃ
1456 325 1522 366 καὶ
1553 328 1737 368 πολυαν-

251 380 418 453 ’θρῶπῳ
436 392 562 437 πόλει.
599 394 666 436 καὶ
684 391 784 448 τάχ’
808 391 858 435 ἂν
880 389 1005 441 αὐτός
1025 408 1065 434 τε
1090 392 1304 449 ἐφθείρετο
1338 390 1359 435 ὅ
1392 394 1634 449 Συναδηνὸς
1667 395 1735 436 καὶ

258 462 336 508 σύν
354 470 397 520 γε
418 463 530 522 αὐτῷ
558 460 707 512 πάντες
738 462 776 505 οἱ
803 461 932 505 ταύτὰ
961 465 1209 519 φρονοῦντες
1235 461 1349 521 αὐτῷ
1363 495 1377 516 ,
1417 464 1452 505 εἷ
1467 462 1526 518 μὴ
1555 468 1639 506 τῶν
1661 468 1736 519 τῆς

259 531 414 583 πόλεως
435 534 534 588 μιάν
553 529 798 582 καθελόντες
819 535 959 574 πυλῶν
995 533 1050 581 εἷς
1079 530 1126 573 τὸ
1163 531 1242 588 πρὸ
1271 535 1346 588 τῆς
1368 529 1525 582 πόλεως
1555 545 1765 580 καταπε-5

236 600 462 661 ’φεύγεσαν
484 599 706 659 φρούριον,
747 599 768 644 ὃ
790 604 832 644 Γ
827 598 1150 656 υναικόκαστρον
1178 601 1255 655 μὲν
1289 601 1395 659 πρὸς
1424 606 1507 645 τῶν
1533 602 1736 660 ἐγχωρίων

130 686 170 720 Ρ,
182 682 252 722 394
262 676 456 725 καλεῖται,
483 664 687 726 ἀπέχειδὲ
711 672 1015 726 Θεσσαλονίκης
1036 671 1232 721 σταδίους
1250 672 1497 722 διακοσίους.
1538 671 1628 731 (ς’.)
1649 674 1738 715 Καὶ

257 738 309 798 ’ἦν
335 741 384 784 τὸ
414 745 489 797 τῆς
513 739 624 794 ὥρας
652 744 876 797 τηνικαῦτα
905 741 995 797 περὶ
1025 740 1100 790 τὰς
1119 745 1194 784 τοῦ
1224 741 1380 799 θέρους
1403 739 1547 799 ἀρχάς.
1585 736 1656 798 ἧκε
1686 741 1734 785 δ’

238 811 388 862 ἐὐθὺς
411 811 455 853 ἐκ
477 810 654 869 Σερῤῶν
670 812 736 852 καὶ
761 808 781 853 ὅ
800 810 1008 867 Ἀρμένιος
1028 813 1068 853 Γ
1065 809 1122 866 ὴμ
1149 811 1190 860 ἒς
1215 812 1544 868 Θεσσαλονίκην,
1581 811 1738 868 πολλὴν

258 878 506 938 ἐπαγόμενος
533 878 705 935 δύναμιν
733 879 1050 937 στρατιωτικὴν,
1098 882 1165 922 καὶ
1199 878 1473 939 ἂνερῤιόννυεν
1504 879 1602 924 ὅσον
1630 882 1737 932 εῗκὸς
1751 891 1794 926 10

257 950 306 994 τὸ
329 954 403 1006 τῆς
421 948 576 1000 πόλεως
596 947 804 1007 φρόνημα,
834 950 1171 1006 κατενηνεγμένον
1188 947 1270 993 ὑπὸ
1289 954 1372 994 τῶν
1393 950 1499 1009 αὐτῇ
1518 949 1737 1009 περιστάν-

258 1037 343 1063 των
363 1017 571 1062 κινδύνων.
610 1017 768 1062 τούτων
789 1018 835 1061 δ’
859 1018 992 1069 οὕτως
1010 1017 1199 1075 ἐχόντων,
1238 1020 1485 1064 κατέπλευσε
1504 1023 1571 1063 καὶ
1595 1019 1615 1064 ὅ
1634 1038 1738 1064 ναυ-

233 1094 236 1097 ’
258 1089 371 1139 τικὸς
387 1090 430 1131 ἐκ
451 1090 679 1141 Βυζαντίου
700 1087 847 1138 στόλος
871 1089 984 1147 παρὰ
1013 1089 1060 1132 τὸ
1083 1095 1165 1133 τῶν
1189 1091 1522 1134 Θεσσαλονικέων
1550 1091 1734 1145 ἐπίνειον,

226 1157 472 1216 Βναύαρχον
493 1157 595 1213 ἔχων
608 1158 787 1209 Ἀλέξιον
814 1158 886 1201 τὸν
912 1157 1167 1203 Ἀπόκαυκον
1203 1162 1270 1202 καὶ
1293 1160 1415 1203 πλέον
1435 1159 1462 1217 ἢ
1485 1159 1738 1217 πεντήκοντα

258 1233 438 1286 τριηρῶν
458 1227 563 1271 ὅπλα
583 1229 650 1270 καὶ
670 1226 865 1283 δύναμιν,
906 1227 1041 1287 ὥσπερ
1061 1231 1103 1280 ἐξ
1123 1227 1361 1285 αὐτομάτου
1381 1229 1737 1285 συμπεπτωκότων
1751 1242 1794 1278 15

260 1296 411 1341 οὗτωσὶ
426 1302 509 1341 τῶν
528 1295 780 1355 πραγμάτων
800 1298 868 1341 ἐπ’
891 1298 1129 1360 εὐδαιμονίᾳ
1153 1301 1470 1357 Θεσσαλονίκηςῖ
1509 1299 1599 1359 (Ζ.)
1611 1299 1740 1358 Ἄρας

261 1368 304 1410 δ’
332 1369 375 1410 ἐκ
407 1369 830 1423 τῆςκστρατοπεὸειάς
861 1368 1011 1425 ἐκείνης
1033 1369 1113 1425 ἤδη
1146 1367 1258 1413 καὶὸ
1288 1370 1484 1426 βασιλεὺς
1517 1365 1590 1427 ’ἧκε
1623 1371 1739 1428 παρὰ

256 1437 305 1480 τὸ
325 1435 708 1495 Γυναικόκαστρον,
737 1439 804 1480 καὶ
825 1437 978 1494 ἥνωται
999 1444 1056 1498 τῷ
1077 1457 1120 1482 τε
1156 1431 1384 1500 Συναὸηνῷ
1411 1442 1480 1484 καὶ
1507 1443 1595 1491 τοῖς
1624 1439 1736 1498 ἀμφ’

223 1505 390 1549 Οαῦτόν
419 1505 571 1564 φυγάσι
601 1511 684 1551 τῶν
711 1508 1042 1552 Θεσσαλονικέων
1073 1514 1350 1568 στρατιωτῶν.
1395 1510 1740 1567 κοινολογησαμέ-

258 1593 340 1619 νων
369 1576 413 1619 δὲ
441 1576 545 1633 πρὸς
574 1575 778 1633 ἀλλήλους
813 1576 946 1621 ὁπόσα
977 1579 1104 1634 εἰκὸς,
1143 1579 1280 1636 ἐπειδὴ
1313 1579 1565 1637 ἐμεμαθήκει
1594 1580 1641 1624 τὸ
1671 1593 1794 1628 ‘ce-20

258 1649 446 1688 λευταΐον
470 1644 491 1689 ὃ
512 1647 751 1703 Συναὸηνὸς
761 1681 774 1701 ,
812 1646 934 1705 σκεύη
948 1649 1025 1704 ’μέν
1044 1667 1136 1693 τινα
1152 1654 1292 1708 χρυσᾶ
1314 1667 1356 1693 τε
1378 1652 1445 1693 καὶ
1463 1650 1638 1708 ἀργυρᾶ,
1674 1651 1738 1692 λί-

258 1719 357 1765 θοις
377 1717 444 1758 καὶ
463 1714 692 1774 μαργάροις
716 1715 821 1773 ὅμοῢ
850 1717 1171 1776 περιηνθισμένα
1183 1753 1198 1774 ,
1237 1718 1527 1778 ἐπιφερόμενον
1554 1720 1627 1763 τὸν
1654 1724 1769 1775 fila-⁸

259 1785 388 1838 σιλέα,
421 1784 648 1842 χρημάτων
663 1786 704 1830 δ’
728 1787 861 1842 οὐδὲν,
899 1786 1034 1832 ὁπόσα
1053 1787 1325 1848 στρατιώταις
1345 1792 1445 1834 εἰσὶν
1465 1788 1612 1848 ἐφόδια
1633 1787 1739 1848 πρό-

257 1871 376 1912 χειρα
408 1855 513 1913 πρὸς
551 1857 749 1914 διανομὴν
776 1859 845 1901 καὶ
880 1862 1009 1915 λῆψιν
1039 1863 1122 1903 τῶν
1151 1860 1419 1916 ἐπιτηδείων,
1468 1858 1661 1919 πρύμναν
1695 1876 1739 1903 τε

259 2011 490 2050 lonicensium.
536 2013 576 2048 In
593 2026 676 2061 quos
696 2016 822 2062 populo
841 2015 1138 2052 vehementissime
1161 2016 1354 2060 concitato,
1379 2029 1503 2065 magna
1519 2017 1561 2053 fit
1579 2016 1739 2053 civilibus

259 2057 385 2104 gladiis
405 2061 529 2094 caedes
558 2061 594 2095 in
621 2062 758 2098 florenti
787 2068 822 2098 et
847 2064 1124 2110 frequentissima
1149 2064 1302 2099 civitate.
1351 2066 1467 2111 Atque
1493 2065 1569 2111 ipse
1590 2066 1740 2099 fortasse

259 2105 463 2152 synadenus
491 2108 726 2150 occubuisset,
760 2114 794 2145 et
817 2122 894 2146 cum
922 2123 962 2146 eo
985 2123 1099 2145 omnes
1127 2111 1186 2156 qui
1214 2111 1335 2146 iisdem
1363 2112 1519 2158 partibus
1541 2112 1740 2154 studebant,

257 2150 325 2185 nisi
352 2163 420 2186 una
448 2164 490 2187 ex
514 2155 624 2199 portis
652 2156 798 2191 effracta
815 2157 851 2191 in
869 2169 983 2192 arcem
1004 2158 1257 2204 confugissent,
1286 2170 1394 2204 quae,
1423 2163 1505 2193 ante
1524 2160 1641 2194 urbem
1659 2159 1740 2200 sita,

259 2198 575 2243 Gynaecocastrum
602 2202 645 2235 ab
670 2202 790 2238 incolis
825 2210 1040 2250 nuncupatur
1074 2210 1110 2239 et
1135 2205 1234 2239 abest
1259 2216 1280 2238 a
1306 2205 1555 2240 Thessalonica
1582 2205 1741 2240 ducentis

259 2243 394 2281 stadiis.
439 2246 539 2291 (VI.)
564 2247 652 2282 Erat
673 2260 775 2294 porro
797 2253 879 2285 tunc
900 2251 1035 2286 initium
1060 2252 1134 2286 sere
1155 2252 1312 2286 aestatis.
1361 2253 1487 2287 Statim
1504 2264 1588 2287 vero
1609 2258 1646 2288 et
1663 2253 1740 2298 ipse

258 2291 401 2325 Serrhis
419 2291 697 2329 Thessalonicam
722 2296 817 2332 venit
844 2298 963 2332 Guido
983 2299 1226 2340 Armeniacus,
1259 2311 1401 2345 magnas
1424 2311 1537 2334 secum
1564 2299 1739 2334 adducens

259 2337 400 2383 copias,
425 2339 688 2386 roboravitque,
712 2347 750 2377 ut
772 2354 835 2388 par
863 2349 955 2386 erat,
981 2345 1103 2380 civium
1125 2345 1274 2388 animos,
1299 2357 1385 2392 quos
1412 2345 1566 2391 pericula
1590 2346 1741 2391 undique

257 2382 490 2430 impendentia
512 2386 703 2432 fregerant.
749 2390 846 2424 Haec
873 2402 946 2425 cum
971 2391 1086 2429 itarse
1112 2392 1302 2435 haberent,
1325 2393 1463 2438 appulit
1490 2397 1526 2426 et
1541 2393 1741 2437 Byzantina.

258 2430 381 2466 classis
406 2432 451 2466 ad
475 2436 611 2479 portum
634 2434 978 2472 Thessalonicensem
992 2463 1002 2480 ‚
1020 2449 1025 2453 ·
1041 2438 1127 2473 duce
1159 2438 1280 2473 Alexio
1304 2439 1510 2484 Apocauco,
1550 2438 1740 2473 triremium

257 2476 335 2524 plus
355 2489 457 2524 quam
473 2477 742 2525 quinquaginta,
775 2483 878 2517 armis
896 2484 1073 2530 copiisque
1090 2486 1284 2527 instructa,
1307 2487 1412 2520 rebus
1428 2484 1526 2531 quasi
1552 2490 1677 2531 sponte
1697 2497 1738 2521 eo

258 2523 420 2572 deductis
449 2525 493 2559 ad
523 2525 794 2563 Thessalonicae
817 2529 1028 2566 felicitatem.
1075 2532 1193 2576 (VII.)
1216 2531 1358 2566 Demum
1379 2537 1414 2567 et
1437 2532 1514 2577 ipse
1538 2531 1739 2578 imperator,

258 2570 382 2605 castris
400 2571 481 2606 inde
500 2572 622 2616 motis,
647 2573 691 2608 ad
709 2574 1027 2620 Gynaecocastrum
1045 2578 1212 2620 accessit,
1236 2582 1272 2612 et
1289 2578 1526 2624 Synadenum,
1552 2591 1678 2625 eosque
1696 2590 1740 2614 ex

255 2615 623 2654 Thessalonicensibus
650 2620 837 2664 militibus,
858 2623 918 2668 qui
937 2623 1026 2659 circa
1047 2624 1138 2659 illum
1160 2623 1303 2670 fugitivi
1324 2631 1441 2667 erant,
1468 2625 1637 2661 convenit.
1684 2626 1741 2660 Ibi

255 2673 331 2698 cum
349 2663 441 2699 inter
458 2677 496 2700 se
514 2670 676 2711 quantum
692 2679 756 2714 par
773 2674 849 2704 erat
864 2670 1051 2716 colloquuti
1075 2675 1210 2713 essent,
1230 2670 1401 2706 intellexit
1416 2671 1555 2715 tandem
1580 2673 1741 2718 Synade-

253 2718 339 2752 nus,
361 2721 447 2746 vasa.
472 2713 608 2759 quidem
633 2725 738 2749 aurea
762 2722 996 2764 argenteaque
1025 2717 1201 2759 nonnulla,
1233 2717 1360 2763 lapillis
1387 2718 1512 2753 circum
1539 2730 1580 2753 ac
1598 2719 1740 2764 gemmis

253 2754 439 2810 distincta,
462 2760 599 2805 portari
615 2761 659 2795 ab
678 2761 907 2807 imperatore3
930 2764 1016 2798 nihil
1037 2769 1150 2799 autem
1172 2775 1288 2799 earum
1306 2765 1539 2810 pecuniarum,
1566 2777 1655 2811 quae
1674 2766 1741 2800 mi-

250 2800 372 2839 litibus
401 2810 525 2850 parata
556 2810 636 2842 sunt
661 2808 859 2854 congiaria,
893 2811 938 2845 ad
964 2810 1239 2846 distributionem
1269 2811 1595 2858 perceptionemque
1623 2823 1739 2847 rerum

250 2852 533 2889 necessariarum.
583 2853 812 2896 Quamobrem
826 2856 988 2893 ‘inhibuit
1011 2857 1126 2901 illico,
1162 2861 1200 2893 et
1227 2857 1429 2894 sententiam
1459 2858 1627 2902 mutavit,
1660 2870 1738 2894 cum
