1794 3172
365 139 695 186 HISTORIAE
719 139 1097 186 BYZANTINAE
1126 139 1222 186 XV.
1253 146 1293 188 9.
1480 136 1578 183 781

83 252 260 309 χεῖνκαὶ
279 249 496 309 ταράττειν
517 251 593 309 τὴν
612 256 688 296 τοῦ
707 255 812 296 θεοῦ
830 251 1061 307 ἐκκλησίαν.
1119 249 1208 311 (Γ.)
1233 250 1412 296 Διετὲλει
1431 269 1476 308 γε
1496 252 1579 311 μὴν
1605 262 1692 296 Δ.Ο.
1713 259 1794 298 134ἲ

84 321 113 381 ἦ
132 319 303 378 τοιαύτη
323 321 421 380 παρ’
443 321 695 379 ἀμφοτέροις
712 319 954 377 ἀκμάζουσα
973 319 1184 377 σύμπνοια
1204 322 1272 364 καὶ
1292 309 1794 391 ὅιιοφροσύνη,ι’“ξζεῖ3ἳξ““

86 397 146 452 τῷ
165 409 209 435 τε
227 389 463 450 πατριάρχῃ
487 391 649 448 δηλαδὴ
674 393 744 435 καὶ
773 395 826 449 τῇ
853 392 1062 446 βασιλίδι,
1090 392 1188 449 πρὶν
1219 390 1281 434 δι’
1307 391 1507 450 ἀκριβοῦς
1534 409 1577 449 γε
1587 382 1722 451 P.491'

85 467 163 518 τῆς
183 462 327 518 πείρας
348 459 582 518 ἀπογνόντα
603 461 677 505 τὸν
710 459 971 518 πατριάρχην
993 465 1071 517 τῆς
1087 465 1172 504 τῶν
1202 465 1349 504 κοινῶν
1372 463 1582 520 σωτηρίας

57 529 344 589 5πραγμάτων
373 530 589 589 ἄρξασθαι
629 538 843 585 παραινεῖν
874 529 982 588 αὐτῇ
1013 530 1067 574 τὰ
1091 531 1354 586 συνοίσοντα,
1388 533 1455 574 καὶ
1474 536 1582 587 βου-

86 601 235 656 λευτὴν
266 602 557 644 καθίστασθαι
595 603 686 658 περὶ
722 603 988 657 ξυναλλαγῶν
1017 602 1087 643 καὶ
1130 603 1322 644 σπονδῶν
1361 600 1467 658 πρὸς
1503 601 1580 645 τὸν

84 668 446 725 Καντακουζηνόν.
483 670 567 728 ἀφ’
602 665 652 714 οἷ)
689 671 735 713 δὲ
764 668 963 726 τοιαύτην
1002 669 1104 727 ἔγνω
1146 671 1359 727 συμφέρον
1393 672 1707 725 &antemnam

86 738 186 785 ὁδὸν
195 773 210 792 ,
247 744 506 796 παραχρῆμα
536 739 644 783 καθ’
677 738 829 783 ἑαυτοῦ
864 742 933 783 καὶ
962 739 1040 796 τὴν
1066 743 1264 795 βασιλίδα
1294 741 1475 797 ἐξέμηνε,
1508 743 1615 784 καὶΒ

83 809 204 853 τοῦτ’
227 803 280 865 ἦν
299 808 407 867 ἀρχὴ
428 811 496 852 καὶ
519 808 745 861 κατάλυσις
762 808 906 867 πρώτη
927 810 1158 865 συμπνοίας
1180 827 1223 853 τε
1244 812 1312 852 καὶ
1332 807 1576 868 ὁμοφροσύ-

30 890 76 926 10
87 896 160 936 νης
189 879 370 934 ἐκείνης,
404 881 472 922 καὶ
507 877 696 936 νόσημα,
736 878 842 936 μήτε
867 877 1070 936 μάλαγμα
1100 880 1232 934 μηδὲν
1261 877 1366 935 μήτε
1398 880 1577 924 καταδέ-

84 965 219 1004 σμους
238 948 409 999 οὐδένας
440 947 786 1007 παραδεχόμενον.
823 954 964 993 πᾶσαν
989 950 1067 1006 μὲν
1089 944 1165 993 οὖν
1185 950 1341 992 ἐκεῖθεν
1366 946 1392 1005 ἢ
1411 952 1576 1004 βασιλὶς

84 1020 268 1062 ἐπίνοιαν
288 1017 527 1076 στρέφουσα
551 1019 659 1062 ’κατὰ
680 1024 756 1075 τῆς
778 1024 854 1063 τοῦ
878 1017 1137 1076 πατριάρχου
1168 1019 1474 1076 καθαιρέσεως,
1507 1022 1577 1062 καὶ

85 1086 250 1139 πάντας
266 1088 338 1146 ἐφ’
362 1086 512 1144 ἑαυτῆς
530 1087 730 1132 κυλιόυσά
756 1106 799 1132 τε
820 1091 888 1132 καὶ
914 1088 1203 1134 ἀνακυκλοῧσα
1223 1089 1459 1146 λογισμοὺς,
1500 1089 1575 1132 οὗ-

85 1160 154 1201 δὲν
180 1155 488 1215 ἀνυσιμώτερον
514 1157 696 1214 εὕρισκεν
726 1159 769 1210 ἒς
795 1158 872 1215 τὴν
897 1157 1094 1215 τοιαύτην
1113 1156 1339 1215 πρόθεσιν,
1370 1158 1478 1215 πλὴν
1498 1163 1575 1203 τοῦ

28 1237 74 1273 15
86 1225 305 1284 δογμάτων
331 1229 491 1271 ἐκείνων
500 1261 515 1281 ,
545 1223 603 1272 ὧν
632 1229 677 1280 ἐξ
708 1228 808 1285 ὅλης
836 1229 1067 1272 ἀπεωθεῖτο
1099 1227 1300 1286 πρότερον
1317 1233 1393 1284 τῆς
1410 1233 1609 1285 ψυχῆς,0

84 1299 153 1341 καὶ
176 1297 378 1353 ἀθέσμων
408 1302 559 1355 φωνῶν
585 1305 675 1349 τοῖς
702 1300 794 1357 περὶ
828 1299 902 1342 τὸν
928 1302 1144 1354 Παλαμᾶν
1175 1297 1462 1355 κοινωνήσασα
1502 1301 1574 1356 (μ’-

83 1371 184 1417 λους
219 1365 347 1425 ἕὰυτῇ
386 1365 761 1424 καταστήσασθαι,
801 1370 869 1412 καὶ
907 1366 1141 1424 συμμάχοις
1174 1369 1292 1426 σφίσι
1326 1366 1573 1424 χρήσασθαι

82 1436 356 1494 θερμοτέροις
376 1437 471 1481 κατ’
498 1438 642 1482 αὐτοῦ.
706 1437 802 1497 (A.)
838 1442 1021 1496 Πρῶτον
1038 1439 1114 1494 μὲν
1134 1433 1207 1481 οὖν
1233 1436 1431 1494 ἀπρόϊτον
1454 1435 1510 1488 ὥς
1528 1439 1571 1480 ἓν

84 1506 234 1564 εἱρκτῇ,
251 1510 311 1565 τῷ
341 1506 440 1567 οἴκῳ
474 1511 784 1565 συγκεκλεῖσθαι
818 1513 969 1551 τοῦτον
998 1508 1239 1551 ἐπέταττεν·
1276 1507 1414 1550 ἔπειτα
1445 1505 1571 1550 συνό-

1653 1266 1663 1286 1

26 1585 75 1620 20
85 1578 185 1626 δους
205 1574 437 1619 ἐπισκόπων
468 1575 629 1634 νύκτωρ
655 1579 723 1620 καὶ
754 1577 862 1632 μεθ’
891 1576 1049 1633 ἡμέραν
1078 1576 1253 1633 ἤθροιζέ
1270 1593 1314 1619 τε
1339 1578 1406 1619 ’καὶ
1426 1575 1572 1628 ὥπλιζε

84 1645 186 1690 κατ’
210 1645 354 1689 αὐτοῦ.
391 1645 468 1701 τὴν
490 1650 590 1702 γοῦν
619 1644 842 1702 ὖστεραιάν
864 1644 1086 1704 ὃρισαμένη
1114 1646 1214 1689 ποτὲ
1244 1645 1350 1702 πρὸς
1370 1645 1447 1702 τὴν
1468 1647 1614 1689 ἐκεί-Ι)

83 1732 157 1758 νου
197 1716 440 1770 καθαίρεσιν
476 1715 762 1772 ἀθροισθῆναι
799 1716 898 1767 τοὺς
935 1714 1183 1766 ἐπισκόπους
1233 1715 1398 1770 ἐπέσχεν
1431 1713 1459 1771 ἧ
1497 1715 1571 1767 νὺξ

86 1785 243 1839 ἐκείνη,
271 1784 504 1841 φλεγμονὴν
524 1790 582 1843 τῷ
604 1788 741 1843 λαιμῷ
762 1785 895 1840 δεινὴν
916 1786 1183 1841 ἐπενεγκοῧσα
1193 1817 1208 1838 ,
1241 1783 1430 1828 θάνατον
1451 1784 1570 1828 ἀπει-

84 1858 241 1898 λοῦσαν
253 1851 363 1896 πάνυ
382 1871 447 1898 τοι
467 1852 634 1912 σφόδρα
647 1856 866 1912 αἰφνίδιον.
905 1857 974 1898 καὶ
992 1850 1102 1911 ἦσαν
1120 1846 1312 1897 ἐντεῦθεν
1331 1854 1427 1912 ἄχρι
1442 1858 1568 1912 τριῶν

82 1964 252 2011 quaedam
271 1962 483 2000 exsecranda
504 1964 711 2011 proferendo
734 1965 803 2001 Dei
822 1964 1003 2000 ecclesiam
1026 1965 1254 2000 confunderet
1278 1976 1320 2000 ac
1335 1965 1569 2011 perturbaret.

83 2012 189 2056 (ΙΙΙ.)
221 2011 272 2045 Et
302 2022 346 2045 ea
368 2011 504 2057 quidem
530 2011 742 2047 voluntatum
768 2013 948 2047 consensio
973 2017 1011 2047 et
1035 2012 1219 2048 concordia
1241 2023 1308 2046 non
1332 2012 1427 2057 prius
1451 2013 1569 2046 ambos

81 2058 186 2100 inter,
210 2057 441 2104 patriarcham
459 2057 539 2092 dico
557 2062 593 2093 et
612 2058 885 2105 imperatricem,
909 2060 1032 2105 vigere
1050 2059 1173 2103 desiit,
1198 2069 1297 2104 quam
1316 2058 1387 2100 ille,
1409 2063 1490 2104 post
1508 2069 1570 2093 ac-

83 2111 240 2139 curatam
259 2104 505 2150 experientiam
524 2105 709 2151 desperata
727 2106 939 2153 reipublicae
954 2106 1077 2148 salute,
1085 2106 1241 2151 coeperit
1256 2104 1338 2140 huic
1353 2116 1396 2139 ea
1410 2104 1567 2147 suadere,

83 2163 174 2197 quae
199 2151 380 2197 profutura
399 2157 534 2194 essent,
557 2158 747 2198 auctorque
769 2152 942 2187 exstiterit
962 2153 1097 2199 gratiae
1114 2151 1386 2187 reconciliandae
1411 2156 1449 2187 et
1470 2151 1569 2197 pacis

83 2209 160 2232 cum
180 2198 423 2232 eantacuzeno
450 2199 641 2233 faciendae.
688 2199 743 2233 Ex
764 2211 831 2246 quo
857 2205 968 2234 autem
990 2199 1111 2234 utilius
1135 2211 1212 2239 esse
1236 2198 1361 2232 statuit
1376 2209 1450 2232 eam
1469 2198 1569 2244 sequi

82 2244 188 2287 viam,
211 2256 255 2278 ex
276 2256 317 2278 eo
337 2249 479 2290 repente
496 2244 531 2279 in
548 2257 587 2279 se
602 2244 711 2291 ipsum
728 2257 866 2292 quoque
882 2245 1134 2292 imperatricem
1152 2245 1388 2281 exacerbavit.
1417 2245 1466 2280 Et
1482 2245 1570 2279 haec

83 2291 153 2325 fuit
170 2290 250 2325 mali
267 2290 366 2336 origo
380 2302 420 2325 ac
436 2291 546 2337 prima
561 2292 669 2335 labes,
687 2303 776 2337 quae
794 2293 1064 2328 coniunctionem
1080 2292 1173 2326 illam
1190 2291 1478 2336 concordiamque
1496 2290 1571 2325 dis-

83 2337 257 2372 solveret:
282 2338 347 2371 hoc
365 2337 435 2372 fuit
457 2338 601 2383 vulnus,
625 2339 719 2384 quod
736 2350 800 2373 nec
819 2340 969 2374 fomenta
993 2351 1059 2373 nec
1077 2338 1242 2384 ligamina
1265 2338 1336 2372 ulla
1356 2338 1567 2372 admitteret.

83 2384 244 2429 Augusta
271 2383 381 2429 igitur
408 2395 524 2419 omnes
542 2397 586 2419 ex
606 2396 647 2419 eo
666 2390 760 2420 artes
779 2386 891 2420 animo
906 2397 1069 2427 versare,
1091 2391 1131 2420 ut
1150 2385 1371 2431 patriarchae
1388 2383 1571 2430 pontifica-

85 2435 156 2464 tum
177 2431 384 2476 abrogaret,
408 2432 522 2465 omnia
540 2443 654 2466 secum
672 2433 812 2466 volvere
830 2444 872 2466 ac
892 2432 1074 2468 revolvere
1097 2431 1262 2473 cousilia3
1285 2430 1435 2476 denique
1455 2429 1499 2464 ad
1517 2429 1567 2472 id,

86 2476 180 2522 quod
200 2476 268 2511 sibi
289 2476 500 2522 propositum
520 2483 618 2521 erat,
639 2478 726 2512 nihil
742 2478 902 2514 invenire
920 2479 1120 2521 efficacius,
1144 2489 1244 2524 quam
1261 2477 1290 2512 si
1312 2476 1507 2523 opinionum
1524 2475 1570 2510 il-

85 2522 195 2557 larum
211 2528 249 2557 et
266 2523 444 2569 impiarum
462 2536 605 2566 vocum,
628 2536 714 2570 quas
732 2525 980 2569 impensissime
995 2529 1099 2560 antea
1118 2524 1341 2570 repudiarat,
1366 2533 1441 2558 cum
1458 2522 1569 2557 Pala-

85 2580 162 2604 mae
184 2570 414 2604 sectatoribus
432 2570 563 2605 demum
580 2571 755 2617 particeps
771 2571 885 2614 facta,
908 2572 1037 2608 amicos
1058 2583 1118 2606 eos
1135 2572 1202 2606 sibi
1220 2570 1403 2613 redderet,
1425 2573 1463 2604 et
1480 2569 1568 2614 ipsis

85 2614 300 2650 adiutoribus
315 2620 474 2651 uteretur
493 2618 658 2652 adversus
675 2617 778 2652 istum
798 2618 987 2653 acerrimis.
1034 2618 1136 2663 (lv.)
1159 2617 1308 2652 Primum
1323 2615 1434 2662 igitur
1453 2615 1566 2657 domo,

85 2668 250 2707 tanquam
268 2673 419 2703 carcere,
443 2664 495 2697 ita
515 2675 590 2698 eum
607 2664 738 2698 includi
757 2665 865 2707 iubet,
888 2670 927 2700 ut
948 2676 969 2699 a
988 2665 1121 2700 nemine
1136 2663 1226 2699 adiri
1241 2663 1369 2709 possit:
1393 2667 1464 2697 tum
1480 2672 1568 2708 pon-

86 2708 216 2742 tificum
238 2714 356 2743 coetus
384 2709 444 2744 diu
462 2715 634 2756 noctuque
657 2711 694 2744 iu
709 2711 855 2746 eundem
879 2711 976 2756 cogit
995 2716 1032 2746 et
1051 2710 1218 2757 instigat:
1240 2709 1380 2744 tandem
1395 2707 1569 2755 episcopis

86 2754 206 2795 edicit,
229 2759 268 2790 ut
284 2755 451 2800 postridie
470 2757 677 2792 conveniant
693 2757 737 2792 ad
754 2769 832 2792 eum
851 2757 963 2803 gradu
980 2757 1219 2792 deiiciendum.
1260 2756 1308 2790 Ei
1326 2767 1410 2790 vero
1427 2754 1482 2790 rei
1498 2766 1571 2790 mo·

86 2812 160 2836 ram
181 2811 251 2836 uox
267 2801 403 2845 attulit,
427 2802 573 2838 inducta
587 2803 625 2837 in
642 2803 760 2838 fauces
779 2803 879 2850 gravi
896 2803 1182 2846 inflammatione,
1206 2813 1294 2848 quae
1314 2801 1487 2843 interitum
1511 2812 1571 2843 re-

87 2847 265 2894 pentinum
289 2847 494 2886 minabatur.
538 2851 658 2896 Atque
683 2849 765 2885 inde
785 2861 893 2897 usque
917 2862 981 2898 per
999 2850 1150 2886 triduum
1170 2848 1289 2885 mortis
1309 2853 1461 2885 terrores
1478 2846 1570 2883 illam
