1794 3172
245 152 345 203 748
632 155 950 202 NICEPHORI
979 153 1309 199 GREGORAE

22 277 60 310 A.
79 264 123 308 Μ.
143 264 319 329 6853ρου
339 285 382 314 τε
411 266 778 323 καταλελειμμένης
806 269 883 322 τῆς
902 269 979 322 γῆς
1016 266 1084 308 καὶ
1117 261 1357 321 ἀνθρώπων
1392 260 1549 322 ἐρήμου
1574 260 1737 307 παντά-

68 324 138 357 Ind‘
152 323 235 404 13D
245 357 346 384 πασι
357 373 370 392 ,
403 340 471 382 καὶ
493 338 541 381 τὸ
564 336 659 381 ὅλον
679 338 800 380 εἴπεῖν
818 333 1080 392 θηριώδους,
1121 334 1275 391 ἀπορία
1298 331 1530 391 χρημάτων
1550 332 1739 387 ἕμάστιζε

243 411 319 466 μὲν
358 409 507 458 ἱκανῶς
538 407 609 450 τὸν
645 405 820 461 βασιλέα
854 402 1226 459 Καντακουζηνὸν,
1283 401 1494 461 περιϊόντα
1539 402 1736 462 Θρᾴκη-ι’·

245 477 431 536 ἕμάστιζε
453 479 478 519 δ
486 477 499 492 ²
522 475 598 532 οὐχ
618 470 743 532 ’ἧττον
760 476 827 518 καὶ
849 474 1116 527 Βυζαντίους,
1152 476 1229 528 τῆς
1248 475 1466 527 βασιλίδος
1477 471 1625 530 ’Άννης
1646 473 1737 514 καί-

246 566 334 607 ριον
365 546 484 590 οὐδὲν
514 547 605 602 περὶ
632 545 708 600 τὴν
738 549 823 588 τῶν
852 539 1109 602 πραγμάτων
1140 546 1316 603 μελετᾷν
1341 541 1433 586 οὔτ’
1463 544 1619 593 εἰδυίας
1640 541 1767 587 οὕτ’5

245 614 473 672 ἐθελούσης
507 616 729 670 διοι’κησιν’
766 613 866 658 ἀλλ’
899 613 1209 670 ἀφαιρουμένης
1226 613 1302 667 μὲν
1326 612 1400 656 τὸν
1430 616 1515 655 τῶν
1536 612 1656 668 ἱερῶν
1679 613 1738 654 εἷ-

231 685 377 730 ’κόνων
408 683 565 740 κόσμον
601 684 773 740 ἀνέδην,
814 685 879 726 καὶ
908 682 954 726 ὃν
984 684 1059 739 μὲν
1093 682 1409 739 ε’κποιουμένης,
1449 680 1496 726 ὃν
1520 682 1566 725 δὲ
1585 683 1738 741 χωνείᾳ

204 752 629 813 Επαραπεμπούσης·
667 750 872 811 προφάσει
905 754 981 808 μὲν
1014 751 1083 795 διὰ
1116 752 1193 808 τὴν
1216 753 1258 803 ἐς
1275 752 1328 796 τὰ
1348 751 1464 796 κοινὰ
1480 753 1648 808 χρείαν,
1686 751 1736 794 τὸ

232 827 291 869 ’δὲ
312 830 501 868 πλεῖστον
537 826 594 875 εἷς
631 822 782 879 ἑαυτῆς
822 823 927 866 ἴδιον
966 823 1124 880 κέρδος.
1183 820 1287 881 (Δ.)
1319 826 1468 865 Ταῦτα
1500 821 1544 865 δ’
1567 822 1738 878 ἐργαζο-

244 895 345 952 μένη
389 894 486 938 οὐδὲ
516 899 590 937 τοῦ
633 900 868 950 κακουργεῖν
909 892 1107 948 ἀπέσχετο
1142 892 1240 942 τοὺς
1284 890 1477 943 ἐνδόξους
1489 925 1501 944 ,
1547 893 1615 934 καὶ
1647 889 1736 934 ὅσοι
1750 899 1794 932 10

242 962 470 1023 χρημάτων
495 965 652 1007 οἰκείων
671 964 883 1023 περιουσία
900 962 1093 1021 προῦχειν
1111 960 1294 1006 ἐδόκουν.
1335 962 1393 1005 δι’
1417 960 1444 1004 ἃ
1466 961 1517 1017 δὴ
1535 963 1602 1004 καὶ
1628 961 1668 1011 ἐς
1687 959 1736 1004 τὸ

245 1035 352 1092 μέγα
382 1035 449 1077 καὶ
471 1031 717 1091 περιβόητον
741 1033 849 1091 ἱερὸν
872 1037 946 1089 τῆς
968 1037 1043 1076 τοῦ
1067 1037 1172 1076 θεοῦ
1202 1033 1386 1090 Σοφιάς,
1423 1030 1580 1074 ἀσύλου
1608 1028 1738 1074 πάλαι

247 1108 489 1162 καταφυγῆς
513 1103 755 1159 κεκτημένον
787 1101 1017 1161 προνόμια,
1064 1100 1400 1160 καταφεύγοντας
1436 1101 1631 1145 ἀπέσπων
1658 1103 1736 1158 φεῦ

208 1174 436 1231 Εάπηνιῦς,
479 1175 545 1217 καὶ
575 1171 984 1224 πάσαιςάπεῶθουν
1011 1175 1152 1229 χερσὶν
1192 1174 1250 1223 εἷς
1286 1171 1447 1230 εἱρκτὴν
1490 1173 1556 1214 καὶ
1599 1169 1738 1227 λήθης

238 1243 359 1287 ἅπαν
393 1240 522 1301 φάναι
553 1241 775 1302 φρούριον·
815 1241 871 1294 ὥς
902 1243 1244 1300 ἀναγκασθέντας
1275 1241 1356 1299 ’ἤδη
1379 1241 1521 1285 λοιπὸν
1543 1241 1640 1292 τοὺς
1660 1258 1737 1283 τα-
1750 1247 1794 1284 15

116 1324 157 1360 V.
170 1323 238 1361 379
250 1311 486 1371 λαιπώρους
516 1313 792 1371 (ε’φευρετικὸν
822 1313 900 1371 γὰρ
933 1311 1039 1356 εἶναί
1063 1329 1168 1371 φασι
1194 1312 1272 1369 τὴν
1303 1309 1505 1371 ἀνάγκην)
1526 1312 1568 1362 ἐς
1590 1310 1636 1355 τι)
1659 1314 1735 1353 τοῦ

238 1381 443 1427 ·Γαλάτου
473 1382 742 1441 καταφεύγειν
771 1382 995 1442 φρούριον,
1037 1387 1113 1439 τῆς
1140 1379 1419 1440 περιστάσεως
1448 1385 1571 1425 τοῦτο
1597 1397 1737 1437 μηχα-

247 1452 477 1509 νησαμένης
500 1453 543 1503 ἒξ
570 1452 808 1509 αὐτομάτου
829 1451 1030 1511 φρούριον
1061 1452 1212 1511 ὀχυρὸν
1247 1453 1316 1495 καὶ
1350 1449 1463 1510 ἱεράν
1495 1469 1587 1495 τινα
1610 1450 1738 1506 ἄγκυ-
1789 1460 1794 1466 ’

249 1540 326 1578 ραν
361 1523 429 1566 καὶ
473 1521 627 1566 ἄσυλον
657 1523 787 1575 ὄντως
822 1521 1079 1581 καταφυγήν.
1131 1523 1263 1566 καίτοι
1293 1523 1361 1564 καὶ
1405 1519 1640 1578 βαρβάροις
1668 1521 1737 1563 καὶ

239 1591 433 1649 Ἕλλησι,
472 1594 540 1635 καὶ
581 1591 694 1652 πάσῃ
719 1599 771 1652 γῇ
800 1596 868 1637 καὶ
901 1591 1127 1651 θαλάσσῃ,
1174 1594 1242 1635 καὶ
1283 1589 1439 1642 πάσαις
1478 1589 1794 1648 ἦγεμονικαῖςρο

118 1668 237 1707 Ρ.469
250 1662 451 1713 ἐξουσίαις
460 1694 473 1715 ,
510 1664 744 1719 εἰθισμένον
770 1664 832 1707 ἀεὶ
864 1663 921 1707 δι’
955 1665 1107 1714 αῗῶνος
1137 1661 1276 1706 οἷ’κτου
1301 1663 1369 1704 καὶ
1388 1659 1631 1718 σπλάγχνων
1649 1677 1738 1704 τοι·

249 1737 358 1775 αὕτα
393 1736 622 1787 κεκτῆσθαι
653 1735 866 1791 δείγματα.
903 1736 1176 1792 Χριστιανοΐς
1205 1731 1250 1775 δ’
1283 1726 1400 1775 οἶσιν
1419 1729 1544 1787 ἡμῖν,
1571 1732 1640 1773 καὶ
1662 1734 1739 1773 νῦν

246 1800 431 1856 μάλιστα
459 1799 659 1860 χρῄζουσι
689 1808 766 1861 τῆς
798 1801 945 1860 ὁμοίας
975 1802 1081 1862 πρὸς
1113 1805 1217 1847 θεοῦ
1250 1798 1463 1859 τυγχάνειν
1482 1801 1735 1857 συμμαχίας,

338 1901 374 1937 5.
399 1901 554 1960 με’),ετᾷν
578 1913 641 1938 em.
663 1901 765 1939 Boiv.
787 1914 852 1951 pro
875 1902 1047 1950 μελετῶν.
1139 1903 1199 1940 11.
1229 1900 1428 1949 περιουσίᾳ
1451 1899 1551 1936 Boiv.
1576 1911 1641 1948 pro
1665 1911 1737 1935 πα-

341 1959 486 1996 ρουσιᾳ.

250 2038 294 2061 ex
318 2039 358 2082 eq
380 2030 477 2062 terra
497 2028 629 2064 inculta
649 2029 888 2075 remansisset,
912 2034 950 2068 et
976 2030 1106 2067 colonis
1133 2030 1269 2066 omnino
1290 2041 1425 2072 vacua,
1448 2040 1491 2064 ac
1512 2039 1654 2075 prorsus
1678 2023 1740 2072 (ut

250 2073 305 2107 ita
325 2073 453 2119 dacum)
477 2076 573 2117 fera,
599 2076 873 2113 Cantacuzenum
891 2079 1152 2126 imperatorem,
1176 2078 1337 2123 regiones
1358 2077 1435 2111 illas
1460 2076 1738 2117 circumeuntem,

251 2131 320 2154 non
342 2121 525 2156 mediocris
548 2122 749 2168 flagellabat
770 2126 941 2171 pecuniae
961 2125 1102 2172 inopia3
1133 2137 1198 2159 nec
1221 2125 1329 2159 minor
1352 2123 1558 2170 Byzantios,
1583 2133 1658 2156 cum
1675 2121 1740 2155 im·-

251 2167 409 2212 peratrix
429 2169 526 2202 Anna
552 2169 636 2204 nihil
665 2171 758 2205 circa
784 2184 899 2207 rerum
924 2171 1251 2207 administrationem
1279 2176 1472 2217 opportune
1497 2173 1652 2204 statuere
1678 2170 1740 2202 aut

252 2218 455 2268 possetaut
473 2215 598 2257 vellet3
623 2218 686 2251 sed
707 2229 882 2253 sacrarum
903 2219 1086 2264 imaginum
1113 2222 1313 2254 ornamenta
1341 2217 1502 2252 licentius
1527 2216 1739 2257 detraheret,

253 2259 571 2315 etz-allayenderet,
595 2263 663 2297 alia
683 2264 727 2298 ad
749 2265 926 2300 aurificem
944 2266 1118 2308 mitteret3
1142 2265 1259 2311 specie
1279 2264 1434 2310 quidem,
1459 2262 1549 2297 utin
1571 2273 1654 2296 usus
1672 2272 1739 2306 pu-

251 2306 362 2340 bhcos
376 2308 609 2352 impenderem
634 2314 671 2344 at
688 2311 835 2346 maxima
849 2324 891 2346 ex
911 2317 1026 2359 parte,
1047 2313 1138 2347 utin
1156 2324 1227 2347 rem
1247 2323 1341 2346 suam
1361 2313 1593 2345 converteret.
1635 2307 1736 2353 (IV.)

252 2352 350 2408 Haec
368 2365 470 2399 porro
485 2366 562 2388 cum
581 2356 730 2398 faceret,
755 2369 798 2392 ne
815 2364 886 2392 tum
906 2360 1042 2405 quidem
1063 2359 1106 2394 ab
1123 2358 1291 2393 vexandis
1315 2358 1359 2392 iis
1379 2356 1592 2396 abstinebat,
1617 2355 1675 2400 qui
1693 2355 1738 2389 il-

250 2399 430 2455 lustriores
447 2405 559 2443 erant,
583 2406 642 2436 aut
658 2402 711 2437 rei
727 2403 904 2439 familiaris
921 2405 1021 2452 copia
1041 2406 1218 2440 abundare
1239 2405 1455 2439 videbantur.
1507 2402 1680 2443 Quocirca
1702 2404 1740 2435 et

251 2457 322 2490 eos,
347 2458 406 2492 qul
429 2447 474 2482 ad
486 2459 646 2493 magnum
667 2450 992 2498 celeberrimumque
1009 2452 1046 2487 S.
1063 2452 1216 2499 Sophiae
1236 2451 1410 2497 templum,
1432 2448 1592 2483 inviolati
1609 2447 1738 2482 iamdiu

251 2493 405 2548 perfugii
423 2493 615 2540 privilegiis
633 2499 807 2539 ornatum,
830 2498 1068 2543 confugissent
1080 2525 1091 2541 ,
1115 2499 1312 2534 avellebant
1329 2498 1394 2532 heu
1413 2496 1602 2531 crudeliter
1626 2506 1667 2529 ac
1682 2499 1739 2529 to-

249 2543 296 2573 tus
316 2540 449 2575 viribus
466 2540 502 2575 in
525 2553 696 2577 carcerem
714 2546 749 2576 et
765 2543 801 2577 in
822 2545 1009 2589 quamlibet
1033 2546 1091 2591 (ut
1107 2545 1159 2580 ita
1176 2545 1305 2589 dicam)
1330 2542 1463 2578 Oblivii
1483 2553 1595 2577 arcem
1615 2541 1739 2576 detru-

250 2585 391 2621 debant.
438 2587 560 2622 Coacti
584 2587 703 2635 itaque
720 2589 834 2624 miseri
859 2591 1003 2634 (etenim
1028 2592 1241 2638 ingeniosum
1262 2590 1426 2637 quiddam
1447 2601 1524 2623 esse
1547 2587 1739 2623 necessita-

249 2633 474 2676 tem⁸ferun0
497 2635 542 2669 ad
560 2635 765 2670 Galataeum
781 2637 956 2672 castellum
975 2639 1241 2684 confugiebant,
1266 2638 1344 2683 ipsa
1362 2636 1523 2671 videlicet
1541 2634 1739 2669 calamitate

251 2685 375 2725 suapte
394 2679 477 2714 illud
502 2680 569 2716 sibi
588 2682 817 2727 providente,
839 2684 1046 2728 praesidium
1062 2686 1192 2719 firmum
1217 2691 1253 2719 et
1280 2695 1411 2718 sacram
1439 2682 1606 2728 quandam
1633 2693 1740 2715 anco-

251 2736 322 2760 ram
345 2731 381 2760 et
396 2727 598 2762 inviolatum
616 2740 700 2763 vere
721 2729 926 2774 perfugium.
976 2731 1084 2776 Atqui
1105 2736 1141 2766 et
1166 2731 1324 2766 barbaris
1343 2735 1379 2765 et
1397 2729 1566 2770 Graecis,
1591 2732 1627 2763 et
1648 2726 1738 2762 omni

250 2775 368 2826 terrae
384 2785 424 2808 ac
443 2774 548 2818 mari,
572 2779 607 2809 et
627 2774 782 2810 omnibus
801 2775 954 2820 imperiis
973 2778 1015 2812 ab
1035 2779 1124 2812 omni
1146 2789 1232 2813 aevo
1254 2777 1357 2812 moris
1375 2777 1460 2818 fuit,
1485 2779 1525 2810 ut
1541 2774 1738 2809 misericor-

252 2818 331 2853 diae
351 2824 388 2853 et
407 2820 555 2856 affectus
573 2821 658 2856 talia
675 2822 766 2867 apud
783 2834 821 2856 se
838 2822 1005 2867 baberent
1020 2824 1185 2870 exempla.
1218 2826 1247 2859 A
1265 2824 1364 2859 nobis
1382 2833 1477 2865 veru,
1502 2822 1562 2868 qui
1581 2826 1618 2856 et
1634 2819 1741 2854 Chri-

251 2865 357 2900 stiani
376 2877 508 2910 sumus,
532 2872 569 2904 et
582 2870 681 2904 'nunc
699 2868 841 2904 maxime
859 2869 961 2905 simili
972 2869 1124 2906 >numinis
1145 2871 1275 2907 auxilio
1292 2871 1505 2916 indigemus,
1527 2867 1614 2903 illud
1629 2868 1739 2901 inter-
