1794 3172
339 137 656 185 HISTORIAE
682 138 1056 185 BYZANTINAE
1085 137 1246 184 XVIII.
1266 146 1306 188 2.
1465 134 1568 183 877

81 251 259 309 γαμβρῷ
284 247 564 310 Παλαιολόγῳ
585 253 646 311 τῷ
662 254 832 305 βασιλεῖ
847 247 967 309 ἀπῄει
987 250 1031 301 ἐς
1062 249 1393 307 Θεσσαλονίκην,
1423 248 1562 309 ἄρχειν
1584 257 1622 291 Δ.
1639 259 1678 293 0.
1693 257 1786 295 1850

82 318 170 361 ἐκεῖ
192 316 467 375 καταστήσων
495 317 636 364 αὐτόν.
674 321 743 363 καὶ
770 324 997 376 τηνικαῦτα
1028 319 1308 364 κατέπλευσαν
1335 320 1378 371 ἐς
1395 305 1784 387 Βυζᾶν-Ῑωζαξζῗὼ

80 392 171 431 τιον
190 390 406 431 Βενετικαὶ
428 387 607 447 τριήρεις
626 396 737 447 τρεῖς
759 392 827 432 καὶ
846 387 1069 447 τριάκοντα
1097 388 1204 433 κατὰ
1223 393 1300 433 τοῦ
1319 391 1362 432 Γ
1358 393 1558 434 αλατικοῦ

81 459 284 515 φρουρίου
304 462 388 502 τῶν
407 461 448 501 Γ
443 462 659 502 εννουῖτῶν
666 492 680 511 ,
712 457 850 515 μα’χης
869 476 911 503 τε
927 455 1142 516 ἀρξάντων
1160 458 1299 502 αὐτῶν
1326 459 1371 503 ἐκ
1398 464 1598 504 nomnen

51 527 153 569 ὁκαὶ
175 525 452 571 ἀπειλούντων
471 528 614 586 σφίσιν
637 526 855 572 ἀπώλειαν.
893 534 980 579 τοῖς
995 525 1074 585 γάρ
1094 545 1160 571 τοι
1180 531 1224 572 Γ
1219 531 1444 580 εννου·ι”ταις
1460 546 1561 574 του-

78 598 233 650 τοισὶν,
270 597 487 652 ἐπαρθεΐσι
517 601 579 658 τῷ
609 597 717 640 κατὰ
747 599 987 650 Βυζαντίων
1008 597 1147 658 ἐκείνῳ
1179 602 1333 658 σαθρῷ
1353 598 1559 657 προτερή-

76 682 180 720 ματι
198 669 276 721 τῆς
297 663 452 718 ἀδόξου
480 668 716 722 ναυμαχίας
745 668 920 723 ἐκείνης,
963 666 1097 711 οὐκέτι
1120 671 1340 718 καθεκτοῖς
1358 666 1460 711 εἶναι
1482 669 1559 725 τὴν

74 731 241 791 γνώμην
268 735 386 792 ἐνῆν·
432 734 531 779 ἀλλ’
555 735 826 794 ὀνειροπολεῖν
856 734 968 795 ἐπῄει
991 736 1069 792 τὴν
1098 741 1176 792 τῆς
1204 735 1307 793 ὅλης
1332 735 1558 795 θαλάσσης

74 801 308 860 ἡγεμονίαν.
345 806 413 847 καὶ
443 804 839 864 διασφετεριζόμενοι
870 810 1038 863 πρῶτον
1064 805 1138 848 τὸν
1170 805 1360 857 Εὔξεινον
1387 805 1554 862 πόντον,

19 881 65 917 10
77 873 147 916 διὰ
177 874 230 917 τὰ
261 874 418 918 ἐκεῖθεν
448 874 597 932 κέρδη,
629 875 678 919 οὗ
711 874 840 931 μόνον
859 876 1102 928 Βυζαντίοις
1124 874 1345 919 ἐπέταττον
1362 874 1591 932 ἢγεμονι-Ε

74 947 157 993 κῶς
174 942 255 999 ἤδη
277 945 345 986 καὶ
366 947 507 1004 πολλῷ
535 949 596 1004 τῷ
615 942 767 1002 θράσει
786 944 973 1003 ῥέοντες,
1008 944 1236 1000 ἀπέχεσθαι
1260 948 1336 1001 τῆς
1355 943 1553 989 Μαιώτι-

74 1013 149 1063 δος
173 1014 243 1055 καὶ
272 1011 502 1067 Τανάϊδος,
536 1013 595 1057 ἔτι
624 1031 669 1057 τε
689 1017 915 1071 Χερσῶνος
944 1015 1012 1058 καὶ
1037 1012 1117 1058 ὅσα
1146 1018 1231 1058 τῶν
1250 1017 1433 1058 Σκυθῶν
1449 1013 1553 1070 ὑπὲρ

71 1081 147 1125 τὸν
176 1081 341 1139 Ἴστρον
372 1083 582 1139 παραλιάς
616 1083 703 1126 ἐστὶ
736 1084 872 1140 χωρία
911 1083 1203 1142 περιπλέοντας
1232 1081 1553 1141 ἐμπορεύεσθαι,

71 1151 180 1206 πλὴν
203 1151 230 1207 ἢ
249 1150 333 1207 ὅπη
351 1150 404 1194 ἃν
423 1152 468 1203 ἐξ
490 1151 629 1196 αὐτῶν
649 1152 698 1196 τὸ
729 1151 946 1208 ἐνδόσιμον
969 1153 1030 1209 εἴη
1044 1167 1055 1178 ·
1092 1153 1201 1196 ἀλλὰ
1222 1154 1290 1196 καὶ
1312 1154 1554 1213 Βενετικούς

13 1227 61 1264 15
73 1220 224 1271 αὐτοὺς
241 1225 319 1277 τῆς
346 1221 503 1264 ἐκεῖθεν
531 1219 771 1278 ἀπήλαυνον
801 1223 1022 1279 ἐμπορίας,
1067 1223 1241 1279 μελέτην
1266 1221 1426 1278 ἔχοντες
1452 1221 1552 1267 ὅσον

70 1289 233 1334 οὐδέπω
253 1292 322 1333 καὶ
339 1288 525 1348 τριήρεσι
545 1299 715 1347 συχναῖς
730 1292 802 1336 τόν
821 1292 972 1348 αὐχένα
996 1296 1071 1335 τοῦ
1092 1290 1263 1336 Πόντου
1284 1293 1546 1349 συγκλειθέν«
1570 1293 1612 1328 P·
1634 1293 1706 1330 552

67 1376 136 1410 τες
176 1359 285 1403 κατὰ
321 1359 371 1403 τὸ
414 1364 492 1404 τοῦ
524 1359 765 1420 Σαράπιδος
795 1361 905 1420 ἱερὸν
939 1366 1198 1417 καταστῆσαι
1237 1360 1552 1420 δεκαδεντήριον

66 1429 311 1486 τυραννικὸν
339 1430 407 1472 καὶ
435 1430 597 1485 βίαιον,
650 1430 693 1474 εἶ’
722 1447 828 1482 τινες
864 1429 940 1475 εἷεν
979 1429 1226 1486 βουλόμενοι
1254 1429 1327 1473 τὸν
1356 1430 1550 1482 Εὔξεινον

68 1497 222 1542 πόντον
242 1501 418 1542 εἰσπλεῖν
435 1516 479 1543 τε
501 1501 569 1543 καὶ
591 1500 760 1545 ἐκπλεῖν.
808 1499 904 1559 (Β.)
936 1504 1073 1543 Τοῦτο
1093 1501 1160 1542 καὶ
1181 1496 1340 1549 πάντας
1356 1500 1432 1554 μὲν
1452 1500 1549 1558 ἦρέ-

11 1571 167 1611 Ξοθισε
183 1568 287 1626 πρὸς
308 1568 496 1625 ταραχὴν
515 1573 724 1625 λογισμῶν
737 1603 751 1623 ,
790 1567 852 1620 οἷς
871 1566 1103 1619 θαλάττιος
1121 1567 1232 1619 ἅπας
1259 1569 1368 1611 ἐστὶν
1388 1566 1411 1612 ὅ
1427 1571 1522 1623 βίος
1534 1583 1545 1594 ·

66 1635 233 1681 πάντων
260 1638 306 1680 δὲ
330 1635 513 1692 μάλιστα
539 1638 801 1691 Βενετικοῧς,
835 1635 1028 1695 χρήμασί
1050 1654 1094 1681 τε
1122 1639 1190 1681 καὶ
1217 1638 1339 1680 ναυσὶ
1365 1643 1543 1695 μακροῖς

65 1722 148 1750 τισι
174 1706 341 1764 με’τροις
365 1710 719 1758 πλεονεκτοῦντας.
758 1708 994 1757 ἐλπίσαντες
1028 1701 1102 1750 οὗν
1130 1708 1199 1750 καὶ
1224 1706 1399 1762 βασιλέα
1434 1704 1543 1762 σύμ-

63 1793 201 1832 μαχον
221 1775 321 1828 ἕξειν
340 1777 408 1818 καὶ
429 1775 622 1820 κοινωνὸν
643 1778 700 1828 εἷς
721 1771 917 1835 τοῦργον,
948 1775 1021 1820 ἅτε
1042 1775 1112 1819 διὰ
1130 1775 1207 1833 τὴν
1233 1770 1363 1834 ἧτταν
1389 1775 1581 1833 ἐκείνηνΒ

159 1875 215 1911 12.
237 1872 326 1918 τῶν]
344 1874 412 1919 τῆς
429 1874 516 1909 conl.
535 1873 635 1911 Boiv.
728 1875 785 1912 17.
809 1872 905 1910 κατὰ
922 1871 966 1912 τό
984 1885 1049 1911 em.
1067 1873 1169 1911 Boiv.
1184 1885 1249 1922 pro
1268 1871 1333 1910 καὶ
1348 1870 1407 1919 τό,
1429 1871 1541 1910 idem·

157 1934 226 1968 que
244 1921 321 1956 vult
338 1922 617 1968 συγκλείσαντες.

63 2002 159 2038 ribus
189 2000 407 2044 conscensis,
438 2001 542 2036 solvit
566 2001 762 2047 Byzantio,
794 2000 1040 2047 Palaeologum
1066 1999 1305 2047 imperatorem
1327 2001 1542 2047 eundemque

62 2059 229 2095 generum
253 2059 369 2083 secum
397 2048 681 2083 Thessalonicam
704 2048 855 2090 ducens,
886 2052 994 2094 atque
1019 2047 1096 2082 eius
1118 2047 1214 2082 urbis
1246 2047 1436 2094 principem
1461 2059 1541 2083 eum

63 2094 324 2130 constituturus.
370 2094 423 2129 Eo
449 2099 603 2140 tempore
629 2094 831 2140 Byzantium
859 2095 1076 2129 advenerunt
1103 2094 1260 2129 triremes
1291 2094 1445 2129 Venetae
1466 2099 1541 2129 tres

63 2147 103 2177 et
119 2141 287 2186 triginta,
311 2145 351 2176 nt
377 2141 627 2183 Gemitu-um,
656 2142 716 2186 qui
743 2138 843 2186 primi
867 2141 991 2176 bellum
1012 2140 1211 2175 indixerant
1238 2144 1275 2175 et
1295 2140 1439 2175 Venetis
1462 2141 1540 2175 exi-

61 2188 146 2224 tium
163 2188 400 2229 minabantur,
423 2187 619 2221 Galaticum
637 2187 812 2221 castellum
830 2193 1081 2233 oppugnarent.
1115 2187 1259 2234 Quippe
1272 2187 1332 2222 isti
1351 2185 1539 2230 Genuitae,

61 2234 146 2270 elati
162 2233 289 2268 frivolo
307 2234 367 2268 ino
384 2244 546 2268 successu
567 2232 698 2267 navalis
721 2245 877 2279 pugnae,
901 2245 1002 2279 quam
1022 2245 1099 2268 cum
1114 2233 1296 2278 Byzantiis
1317 2244 1436 2279 parum
1462 2244 1538 2267 me·-

61 2279 258 2316 morabiiem
290 2284 492 2326 gesserant,
524 2280 591 2314 iam
625 2279 735 2315 animo
768 2291 829 2314 suo
854 2279 989 2316 minime
1019 2280 1302 2324 moderabantur,
1335 2279 1398 2314 sed
1426 2279 1537 2322 totius

61 2327 167 2362 maris
184 2326 361 2372 imperium
378 2326 603 2361 somniabant.
650 2327 701 2360 Ac
721 2325 828 2372 primo
843 2327 990 2361 Pontum
1005 2326 1174 2361 Euxinum
1185 2352 1197 2369 ,
1221 2331 1262 2360 ut
1281 2329 1535 2372 quaestuosum,

61 2373 130 2408 sibi
148 2372 383 2415 vindicantes,
407 2384 475 2407 non
500 2372 608 2407 solum
628 2372 808 2417 Byzantiis
832 2372 1014 2418 imperioso
1037 2373 1131 2407 fastu
1152 2373 1365 2418 maximaque
1392 2370 1537 2405 audacia

61 2419 334 2462 interdicebant,
363 2430 407 2453 ne
436 2419 563 2454 circum
586 2418 796 2454 Maeotidem
818 2424 855 2454 et
880 2419 1014 2454 Tanain
1043 2419 1296 2454 Chersonemve
1315 2416 1533 2462 navigantes,

62 2471 124 2501 aut
154 2465 320 2511 reliquam
345 2465 553 2510 Scytharum
579 2465 779 2500 maritimam
803 2477 916 2509 oram,
948 2477 1039 2512 quae
1061 2469 1154 2501 esset
1178 2465 1270 2500 ultra
1289 2465 1434 2504 Istrum,
1463 2462 1535 2496 cira

62 2511 235 2546 cumvecti
248 2511 530 2556 negotiarentur,
553 2511 619 2545 nisi
641 2511 701 2546 ubi
724 2511 896 2546 licentiam
921 2523 943 2547 a
965 2524 1004 2547 se
1023 2511 1259 2557 accepissent3
1282 2510 1344 2544 sed
1366 2514 1403 2543 et
1417 2508 1535 2542 Vene-

61 2564 118 2593 tos
138 2557 233 2602 ipsos
251 2557 434 2592 eorundem
452 2558 604 2593 locorum
621 2558 819 2593 commercio
834 2557 1015 2601 arcebant3
1037 2562 1075 2592 et
1089 2557 1157 2592 iam
1179 2558 1254 2592 fere
1272 2555 1535 2596 meditabantur,

60 2603 216 2651 plurimis
242 2603 437 2639 triremibus
460 2604 564 2639 Ponti
589 2604 707 2639 fauces
727 2604 906 2646 obsidere,
936 2608 1042 2651 atque
1055 2603 1091 2638 in
1108 2603 1289 2649 Sarapidis
1312 2603 1392 2636 fano
1411 2604 1534 2645 tyran-

60 2650 174 2686 uicum
191 2649 441 2697 violentumque
467 2650 654 2696 portorium
671 2651 846 2696 imponere
870 2649 928 2693 iis,
956 2651 1014 2696 qui
1040 2650 1135 2685 intra
1161 2651 1218 2685 vel
1235 2653 1335 2684 extra
1361 2647 1535 2682 Euxinum

60 2696 281 2731 commeatnri
297 2701 425 2732 essent.
455 2697 543 2742 (11.)
561 2697 613 2732 Ea
630 2709 687 2732 res
702 2697 853 2732 irritavit
869 2708 912 2731 ac
923 2697 1140 2743 perturbavit
1155 2697 1284 2731 animos
1300 2705 1374 2728 cum
1390 2693 1534 2728 aliorum

59 2743 216 2786 omnium,
227 2753 369 2787 qnorum
384 2743 457 2777 vita
471 2743 579 2778 omnis
590 2743 759 2778 maritima
771 2747 876 2784 esset,
885 2747 957 2778 tum
968 2743 1112 2778 maxime
1121 2744 1339 2782 Venetorum,
1350 2739 1411 2786 qni
1426 2749 1535 2785 pecu-

60 2789 127 2824 niis
138 2794 174 2823 et
193 2789 338 2823 navibus
355 2788 458 2835 longe
473 2789 668 2836 superiores
688 2794 800 2825 erant.
841 2789 955 2835 Igitur
963 2789 1012 2832 bi,
1036 2801 1113 2824 cum
1128 2794 1164 2824 et
1177 2790 1415 2833 imperatorem
1432 2784 1532 2819 habi-

0 2836 7 2846 *
59 2841 159 2871 turos
181 2847 220 2872 se
244 2836 373 2872 socium
397 2835 652 2884 adiutoremque
671 2835 825 2884 incoepti
845 2836 902 2872 sui
919 2841 1123 2884 sperarent,
1150 2840 1273 2882 utpote
1285 2834 1331 2869 ob
1354 2836 1532 2879 acceptam
