1794 3172
282 142 724 213 N1CEPH.GREG.
756 167 1310 215 111sT.13YzANr.>.v.
1459 166 1560 213 745

63 274 221 309 cantium
243 272 471 308 clandestinis
490 272 726 308 molitionibus
748 278 895 307 conatur
911 273 1090 308 invadere.
1135 273 1352 318 Hyrcanum,
1370 275 1562 321 Bithyniae

62 327 259 366 satrapam,
281 331 452 366 generum
469 321 636 355 adsumit.
676 322 780 354 Anna
798 332 931 365 quoque
950 320 1091 354 Persica
1113 321 1251 355 auxilia
1273 323 1431 357 arcessit.
1464 324 1561 358 Bar-

63 369 143 402 bari
166 368 271 402 ncciti
296 369 453 422 praedas
475 372 603 413 agunt.
654 367 878 412 Captivorum
902 367 1027 412 ingens
1048 379 1223 402 numerus.
1268 369 1415 403 Animus
1433 370 1562 416 Augu—

62 419 140 448 stae
164 415 272 448 durus
295 419 331 448 et
354 414 508 448 immitis.
566 414 694 448 Persae
732 415 908 448 Romanos
937 414 1019 447 viae
1050 414 1159 448 socios
1190 426 1232 448 ac
1256 415 1361 449 duces
1390 416 1472 450 dari
1493 417 1560 452 sibi

52 463 198 504 frustra
218 461 410 506 postulant.
459 461 550 495 Pace
569 472 647 495 cum
673 462 914 495 Cantaeuzeno
932 462 1038 504 sacta
1064 461 1203 495 domum
1226 462 1386 497 redeunt.
1432 464 1487 498 De
1502 475 1561 498 co-

60 513 176 549 meta,
201 509 261 553 qui
282 509 458 552 superiore
483 519 575 541 anno
598 513 817 552 apparuerat
840 507 913 551 (5).
963 507 1107 542 Nobiles
1133 508 1257 542 Genua
1280 509 1417 552 exacti,
1449 511 1561 546 classe

58 555 242 597 instructa,
267 555 391 589 Chium
411 555 596 599 improviso
621 555 840 588 adoriuntur.
879 554 959 588 Chii
975 566 1012 588 se
1031 559 1065 588 et
1085 555 1224 589 moenia
1246 567 1311 590 sua
1334 562 1474 591 strenue
1498 558 1560 592 de-

53 602 222 644 fendunt.
271 602 475 635 commeatu
498 602 675 635 interclusi
705 602 837 635 dedunt
860 612 898 635 se
928 601 1094 638 hostibus.
1144 602 1242 636 Idem
1266 608 1300 637 et
1325 603 1561 639 Phocaeenses

0 663 3 686 ι
50 650 206 691 faciunt.
236 648 465 682 Phaceolatus
484 649 728 692 imperatorias
744 649 903 683 triremes
921 653 1050 682 armat.
1100 649 1200 683 Duas
1220 649 1427 685 Latinorum
1449 663 1560 686 naves

58 696 167 739 capit.
216 695 398 736 Galataei,
423 706 467 728 ea
490 706 527 728 re
551 696 697 739 offensi,
722 696 767 728 ab
792 695 995 729 adcehendo
1015 698 1193 737 frumento
1224 697 1347 731 statim
1373 699 1558 734 abstinent.

58 742 222 786 Receptis
240 742 342 776 rebus
360 742 443 782 suis,
468 741 616 776 redeunt
639 742 677 775 in
697 743 858 787 gratiam
881 753 958 775 cum
975 742 1167 785 Byzantiis.
1219 743 1470 779 Phaceolatum
1491 746 1560 779 mi-

57 790 114 822 nis
136 794 291 831 terrent,
327 789 387 834 qui
410 767 536 822 idcirco
560 789 747 833 stipatores
771 790 866 823 circa
888 800 926 823 se
949 788 1079 823 habere
1101 789 1240 834 cogitur
1263 792 1335 835 (6).
1394 795 1559 837 Augusta

57 836 313 880 implacabilis‚·
338 836 580 879 patriarcham
604 836 781 881 dignitate
805 835 956 880 spoliare
970 836 1116 876 statuit,
1142 836 1245 881 idque
1260 849 1325 881 per
1343 822 1557 882 paternitas,

58 883 100 916 ob
124 883 303 916 rescissum
320 883 466 916 Tomum
484 883 537 917 illi
556 883 719 923 infensos.
753 882 941 916 Palamam
964 883 1171 928 iampridem
1196 895 1334 919 carcere
1356 885 1558 921 incluserat.

60 930 242 973 Quasnam
265 930 307 963 ob
331 941 470 964 causas.
515 929 651 963 Eodem
674 930 842 964 adversus
864 930 1107 974 patriarcham
1131 930 1291 965 adiutore
1314 933 1436 967 utitur.
1474 933 1558 967 Ma-

56 988 155 1022 gnae
178 977 259 1010 inde
282 977 382 1011 rixae
402 981 437 1011 et
456 976 682 1022 dogmaticae
702 977 956 1011 altercationes.
1009 977 1190 1023 Gregoras
1202 978 1448 1022 patriarcham
1466 980 1559 1015 inter

58 1029 93 1058 et
116 1023 295 1058 Palamam
320 1024 454 1058 arbiter
476 1025 694 1058 constitutus.
737 1024 859 1057 Novas
882 1024 1059 1068 opiniones
1082 1025 1242 1058 damnat.
1281 1026 1482 1070 Augustam
1500 1029 1557 1071 of-

49 1071 183 1115 fendit.
231 1071 449 1105 Sententiam
481 1071 609 1114 scripto
641 1070 783 1105 tradere
816 1071 965 1105 iubetur.
1021 1071 1080 1104 Ea
1103 1072 1282 1106 occasione
1306 1072 1419 1116 data,
1451 1085 1558 1108 novos

57 1118 214 1152 doctores
228 1119 370 1161 refellit.
415 1118 582 1163 Gregorii
604 1116 824 1151 Nazianzeni
846 1118 954 1151 verba
973 1119 1135 1163 opponit.-
1159 1119 1243 1152 item
1262 1118 1392 1153 Basilii
1413 1119 1555 1165 Magni.

58 1165 141 1199 hon
164 1165 242 1199 ideo
258 1164 583 1209 reprehendendus,
607 1164 699 1208 quod
715 1165 897 1198 victoriam
914 1165 958 1198 de
981 1165 1196 1199 adversariis
1215 1177 1286 1199 non
1307 1168 1557 1222 reportaverit.

58 1212 167 1246 Immo
191 1212 409 1246 constantiae
433 1217 467 1246 et
482 1212 663 1256 religionis
686 1223 770 1257 ergo
794 1212 1005 1248 laudandus.
1053 1213 1270 1247 Exulaturus
1284 1214 1463 1256 sortasse,
1487 1214 1557 1248 nisi

57 1259 321 1293 Cantaeuzenus
339 1257 550 1302 Byzantium
573 1258 708 1292 interea
732 1260 875 1303 cepisset
901 1260 972 1304 (7).
1022 1259 1107 1293 Cum
1124 1259 1334 1294 Phaeeolato
1357 1262 1449 1295 clam
1470 1261 1556 1306 agi-

54 1311 115 1340 tur
138 1306 182 1340 de
205 1306 454 1340 introducendo
477 1305 515 1338 in
538 1306 658 1339 urbem
683 1306 939 1340 Cantacuzeno.
989 1305 1246 1348 Phaceolatus,
1280 1312 1383 1341 aucto
1406 1308 1556 1352 stipato-

54 1365 134 1388 rum
156 1364 295 1388 suorum
318 1364 473 1394 numero,
499 1363 574 1386 rem
598 1353 825 1397 aggreditur.
880 1354 1158 1388 Cantacuzenum
1180 1358 1299 1399 urget.
1348 1354 1451 1388 Diem
1474 1367 1555 1388 ton-

55 1400 153 1435 dicit.
199 1400 298 1434 Urbis
318 1405 440 1445 portas
462 1404 567 1433 noctu
588 1404 736 1433 reserat.
775 1399 1013 1435 Cantacuzeni
1035 1402 1237 1435 incruentus
1259 1401 1448 1446 ingressus.
1481 1401 1554 1434 Pa-

55 1447 144 1482 latio
174 1448 329 1482 exclusus
352 1447 389 1480 in
409 1446 566 1491 proximo
590 1447 803 1481 diversatur.
859 1449 981 1481 Annus
1004 1452 1039 1482 et
1062 1448 1137 1482 dies
1160 1451 1287 1492 captae
1311 1448 1356 1480 ab
1381 1459 1420 1481 eo
1444 1448 1553 1482 urbis.

55 1496 242 1540 Augusta,
276 1494 422 1537 infirmis
452 1494 602 1534 viribus,
632 1495 739 1538 seros
764 1498 799 1528 et
821 1499 1032 1528 contumax.-
1070 1495 1263 1528 Galataeos
1285 1494 1416 1528 auxilio
1439 1499 1553 1530 vocat.

53 1541 291 1587 Aequissimas
310 1541 408 1585 pacis
427 1540 638 1574 conditiones
658 1545 820 1585 proterve
837 1542 981 1585 respuit.
1016 1541 1267 1575 Galataeorum
1285 1541 1444 1575 triremes
1460 1541 1553 1575 dua:

54 1589 232 1643 suppetias
254 1589 287 1622 ei
310 1589 465 1622 veniunt.
512 1587 754 1631 Repelluntur.
809 1588 1073 1621 Cantacuzenus
1095 1588 1246 1621 alteram
1271 1592 1306 1622 et
1332 1588 1476 1622 tertiam
1500 1588 1552 1621 le-

54 1637 234 1680 gationem
258 1635 394 1669 mavult
417 1635 575 1675 mittere,
607 1645 712 1678 quam
734 1634 806 1667 vim
822 1637 958 1678 facere.
1005 1635 1154 1670 Eosdem
1178 1634 1302 1679 legat,
1329 1634 1390 1678 qui
1412 1635 1549 1669 biennio

55 1687 140 1716 ante
163 1683 210 1716 ad
234 1693 312 1715 eum
335 1681 431 1715 missi
452 1685 632 1715 venerant.
679 1681 777 1715 Iubet
790 1681 996 1722 meminisse,
1020 1693 1111 1726 quae
1129 1686 1203 1715 tum
1214 1681 1442 1725 praedixerit·
1477 1680 1548 1715 Le·

53 1729 136 1774 gati
157 1740 196 1763 re
218 1729 350 1772 infecta
372 1728 530 1762 redeunt.
579 1728 815 1762 Cantacuzeni
835 1728 926 1762 mira
949 1728 1143 1763 clementia.
1197 1727 1348 1768 Milites,
1370 1738 1411 1763 eo
1425 1728 1546 1770 inscio,

50 1776 228 1822 palatium
256 1780 473 1821 oppugnant.
522 1774 740 1809 Maritimam
768 1780 909 1819 partem
939 1775 1095 1819 capiunt.
1141 1775 1378 1809 Revocantur.
1421 1776 1547 1810 Annae

53 1823 226 1858 anxietas.
273 1822 426 1867 Legatio
452 1821 616 1865 superba.
665 1822 867 1856 Extremum
897 1822 1091 1856 discrimen.
1141 1821 1269 1855 Pacem
1301 1821 1457 1855 oblatam
1486 1822 1546 1856 vis

52 1870 198 1905 tandem
220 1869 347 1914 accipit
371 1869 444 1914 (8).
496 1868 696 1914 Quicunque
719 1869 756 1902 in
777 1869 915 1913 palatio
938 1869 1046 1902 vincti
1067 1868 1287 1910 tenebantur,
1311 1868 1414 1902 liberi
1427 1879 1547 1903 omnes

53 1917 210 1960 dimissi,
241 1917 312 1950 solo
334 1915 542 1960 patriarcha
566 1920 726 1960 excepto,
749 1916 847 1950 cuius
867 1928 924 1950 res
947 1916 1055 1950 altius
1075 1919 1291 1960 repetuntur.
1337 1916 1426 1949 Eius
1448 1915 1547 1960 apud

51 1965 195 1999 Annam
218 1963 414 1998 auctoritas
434 1973 582 1996 summa.
631 1962 811 2004 Palamas,
834 1963 876 1997 ob
898 1973 1007 1997 novas
1028 1962 1223 2007 opiniones,
1247 1973 1317 1996 non
1339 1962 1424 2007 quia
1449 1963 1545 1997 Gan-

51 2015 220 2046 tacuzeno
241 2013 412 2053 faveret,
449 2010 489 2043 in
520 2010 660 2044 vincula
692 2010 872 2044 coniectus.
931 2010 978 2044 Ut
1006 2010 1213 2053 patriarcha
1234 2010 1438 2054 Augustam
1460 2020 1484 2042 a
1506 2020 1545 2043 se

51 2057 271 2092 alienaverit.
320 2057 366 2092 Ut
386 2057 474 2090 haec
496 2057 664 2090 adversus
687 2069 764 2091 eum
787 2068 865 2091 cum
890 2056 1076 2090 Palamitis
1098 2056 1317 2101 conspirarit.
1365 2056 1546 2101 Episcopis

53 2105 129 2140 dies
154 2105 321 2139 indicitur
341 2104 390 2138 ad
412 2104 660 2150 abrogandam
678 2104 909 2149 patriarchae
923 2104 1146 2149 dignitatem.
1193 2102 1337 2137 Interim
1354 2104 1457 2137 Anna
1481 2114 1545 2136 ae-

50 2156 187 2197 grotat.
237 2151 462 2185 concalescit.
509 2151 612 2185 Diem
637 2151 804 2196 episcopis
825 2162 962 2185 rursum
984 2150 1118 2185 indicit.
1166 2150 1351 2191 Tabellas,
1372 2161 1439 2194 per
1456 2161 1545 2194 quas

50 2199 159 2243 officii
181 2198 405 2239 admonetur,
431 2209 454 2231 a
475 2200 666 2242 consessore
688 2198 845 2238 oblatas,
868 2197 1010 2243 rumpit.
1057 2198 1195 2242 Ipsum,
1218 2197 1412 2231 minacibus
1430 2197 1546 2230 verbis

51 2250 259 2290 correptum,
283 2246 383 2279 domo
400 2245 523 2290 exigit.
571 2245 780 2279 Patriarcha
804 2246 928 2279 absens
949 2249 983 2279 et
1005 2244 1189 2279 inauditus
1206 2244 1407 2278 damnatur.
1432 2245 1545 2287 Syno-

50 2292 135 2327 dum
158 2304 277 2326 mensa
299 2296 500 2336 sumptuosa
525 2296 560 2326 et
582 2292 779 2326 immodesti
799 2293 890 2326 risus
912 2292 1097 2336 excipiunt.
1149 2291 1206 2325 Ea
1233 2292 1311 2335 ipsa
1341 2294 1440 2324 nocte
1468 2290 1544 2333 By-

49 2340 208 2373 zantium
230 2344 383 2383 captum.
436 2339 716 2380 Cantacuzenus,
738 2350 783 2373 ne
801 2343 866 2372 aut
883 2340 1006 2372 Annae
1030 2342 1113 2372 eaut
1122 2339 1187 2379 {ius
1205 2338 1278 2380 lilio
1301 2336 1543 2377 incommodet,

47 2387 186 2431 palatio
215 2387 318 2420 cedit.
366 2387 587 2420 Domicilium
610 2386 677 2420 sibi
698 2386 873 2420 constituit
895 2386 990 2419 circa
1014 2385 1128 2420 Alesii
1150 2384 1351 2419 triclinium.
1394 2383 1543 2426 Qualem

49 2444 88 2467 se
111 2444 201 2478 erga
222 2433 466 2477 patriarcham
487 2433 647 2478 gesserit.
706 2432 800 2466 Eum
822 2433 1032 2467 monasterio
1051 2433 1203 2477 primum
1221 2431 1392 2470 includit,·
1415 2429 1544 2464 deinde

49 2480 328 2524 Didymotichum
347 2481 503 2526 ablegat.
530 2480 588 2513 Ea
608 2480 725 2514 omnia
743 2480 922 2525 Gregoras
943 2480 1026 2513 aliis
1047 2479 1213 2524 relinquit
1237 2477 1435 2512 accuratius
1454 2486 1544 2511 nar-

48 2528 178 2561 randa.
223 2527 302 2571 Ipse
325 2527 374 2561 ad
392 2527 606 2572 propositum
628 2526 722 2561 redit
744 2527 819 2571 (9).
870 2526 1001 2569 Quibus
1023 2526 1158 2561 artibus
1182 2525 1381 2559 Palamitae
1402 2523 1544 2557 Annam

47 2573 152 2607 simul
175 2578 210 2608 et
234 2576 512 2608 Gantacuzenum
534 2574 601 2607 sibi
623 2574 913 2618 mancipaverint.
959 2573 1151 2614 Putamus,
1182 2583 1260 2607 cum
1282 2583 1320 2605 se
1338 2571 1452 2615 ipsum
1472 2581 1544 2604 non

46 2624 184 2664 posset,
205 2621 448 2664 patriarcham
456 2621 546 2664 fecit
564 2621 745 2661 Isidorum,
763 2621 1023 2654 Monembasiae
1035 2620 1229 2665 episcopum
1246 2619 1403 2653 electum.
1426 2616 1544 2651 Huius

49 2678 141 2712 erga
159 2667 341 2701 Palamam
360 2669 500 2702 merita.
548 2668 711 2712 Episcopi
729 2667 887 2711 plerique
907 2666 1151 2711 patriarcham
1171 2676 1299 2699 novum
1316 2665 1435 2698 iubent
1450 2674 1543 2697 ana-

47 2713 168 2749 thema
191 2725 283 2756 esse,
306 2714 403 2748 haud
426 2715 578 2759 impune.
634 2715 679 2748 Ut
700 2714 927 2759 undecunque
949 2713 988 2747 in
1007 2713 1155 2748 eundem
1177 2713 1223 2746 ab
1239 2710 1438 2745 orthodoxis
1453 2709 1543 2743 scri-

44 2761 102 2804 pti
124 2765 159 2795 et
175 2761 382 2804 Byzantium
404 2762 503 2796 missi
526 2761 815 2796 anathematismi
833 2761 973 2804 suerint
996 2760 1097 2805 (10).
1145 2759 1408 2792 Cantacuzenus
1426 2761 1462 2791 et
1475 2756 1543 2790 lsi-

45 2807 152 2841 dorus
173 2813 331 2841 mutuam
358 2808 427 2842 sibi
455 2819 598 2853 operam
631 2808 680 2841 ad
711 2819 862 2841 summos
896 2807 1042 2841 honores
1071 2805 1312 2851 adipiscendos
1342 2807 1539 2847 praestent.

46 2853 118 2887 Gur
139 2855 200 2888 ille
222 2855 350 2889 iterum
372 2855 623 2900 inauguratus.
674 2854 744 2888 Cur
767 2866 811 2888 ea
833 2865 891 2888 res
911 2866 983 2887 non
1005 2855 1043 2887 in
1069 2853 1108 2888 S.
1128 2853 1280 2896 Sophiae
1302 2851 1450 2894 templo,
1478 2848 1543 2883 secl

43 2899 83 2934 in
106 2900 380 2943 macheu-nemi,
406 2902 583 2936 celebrata
606 2901 665 2935 sit.
716 2901 875 2936 Duorum
896 2902 1146 2948 imperatorum
1169 2904 1204 2933 et
1227 2899 1335 2932 trium
1356 2897 1542 2943 Aug-urta-

140 2958 360 3005 Nicephorus
387 2961 538 3006 Gregor.
576 2960 594 2994 1
599 2960 652 2995 ol.
682 2960 729 2994 Π
1207 2948 1264 2990 48
