1754 3164
548 181 1032 230 ANNOTA‘HONES.
1431 178 1456 226 1
1467 179 1490 225 1
1497 177 1563 227 95

31 283 163 330 αῦτοῦ
187 291 397 344 τιμωρεῖν,
434 286 538 360 μηιτε
567 287 667 339 τοῦς
695 285 969 344 ἆκαθαρσίαις
992 305 1037 333 τε
1060 288 1132 333 καὶ
1157 289 1366 360 πορνείαις
1392 288 1563 335 ἓαλωκό·

29 362 102 395 τας
128 343 405 400 ἆναχαιτίζειν.
452 344 717 415 η’γνοήσαμεν
746 345 845 389 δὲ”
818 364 883 390 οτι
909 347 980 390 καλ
1006 363 1057 390 τα
1084 364 1246 417 πονηρα
1273 345 1364 390 ἀντὶ
1392 345 1565 420 ἆγαθῶν

30 399 312 471 ἆντιστρόφως
340 401 660 447 ἀνταποδιδόναι
686 410 772 454 τοῖς
801 403 1016 475 ἄρχουσιν,
1047 422 1102 456 ως
1130 403 1312 459 ἐννόμως
1341 408 1415 462 ζῇν
1442 403 1564 476 ἄναγ-

29 458 224 510 καζοντας
251 464 352 515 (pro
382 459 671 536 ἆναγκᾶζουσι)
700 466 848 517 καιροῦ
877 459 1143 532 δραξάμενοι,
1174 461 1344 516 ἀπηνεῖς
1372 462 1565 520 εἰσπράτ-

27 534 167 560 τονται
199 520 314 568 δίκας
343 516 494 569 αύτούς
522 521 566 562 ἐν
595 516 659 568 οἷς
685 519 782 561 ποτὲ
802 517 1056 589 »διωκήκασν
1101 520 1172 563 καὶ
1197 524 1324 562 ταῦτα
1350 521 1453 575 μηδὲ
1479 527 1566 573 τοῖς

27 575 239 644 ἐνεργοῦσι
269 578 360 630 (pro
387 581 469 619 τῶν
497 575 787 647 ἐνεργούντων)
818 591 997 632 σημερον
1024 594 1073 620 τα
1103 575 1279 632 δημόσια
1303 576 1494 630 τοιαύτας
1518 580 1565 622 ἐν

30 629 95 683 οἷς
129 629 359 703 ἐνήργησαν
393 632 630 687 ύπεχόντων
665 631 872 703 εὐθύνας,
924 648 1004 678 οσα
1030 632 1062 689 ἦ
1089 633 1329 706 xoexor967tcp
1364 653 1505 694 γνωμῃ
1534 635 1566 692 ἢ

29 686 177 748 ἆγνοία
204 688 306 732 κατὰ
332 694 407 733 τοῦ
435 693 596 733 δικαίου
624 690 981 749 πεπαρῳνήκασιν.
1011 689 1104 734 α’λλ’
1123 710 1155 734 ω
1173 697 1255 734 τῶν
1276 693 1385 748 ἐμῶν
1413 698 1566 745 κακῶν,

30 764 87 798 ως
114 733 216 801 μηδὲ
243 765 323 790 καν
349 749 421 790 ἴσα
445 746 607 798 τούτοις
636 736 886 804 ἐξισωθῆναι
914 751 984 792 καὶ
1008 749 1058 792 w?
1086 750 1271 821 ἡμέτερα.
1328 751 1400 793 καὶ
1428 753 1467 794 εἰ
1495 752 1566 794 καὶ

27 803 165 847 πόθεν
190 809 319 848 ταῦτα
347 806 528 860 ἐπῆλθεν
554 806 657 861 ἡμῖν
686 806 816 861 αδηλα
844 809 889 859 (i.
912 822 944 849 e.
968 806 1138 861 αδηλον)
1164 814 1250 858 τοῖς
1268 813 1445 860 πολλοῖς,
1474 805 1565 851 ἄλλ’

29 859 121 917 ούχὶ
156 863 227 905 καὶ
260 867 318 921 τῷ
352 867 454 906 θεω.
498 863 526 906 6'
559 881 636 919 γαρ
676 865 805 906 εἰπεῖν
840 862 1222 919 παρῤησιασᾶμενος
1248 865 1348 921 πρὸς
1374 865 1499 918 θεδν,
1530 869 1566 909 Ο

29 923 263 962 ΖΗΛΟΣ
289 907 423 963 TOT‘
445 923 659 963 ΟΙΚΟΤ
681 925 809 964 ΣΟΤ
830 926 1198 964 ΚΑΤΕΦΑΓΕ
1227 927 1347 974 ΜΕ,
1380 922 1467 966 εἶπε
1494 924 1565 966 καὶ

28 976 91 1029 τδ,
131 981 203 1019 ΟΙ
237 981 675 1021 ΟΝΕΙΔΙΣΜΟΙ
713 982 855 1021 ΤΩΝ
892 982 1445 1022 ΟΝΕΙΔΙΖΟΝΤΩΝ
1478 985 1566 1023 ΣΕ

29 1038 430 1078 ΕΠΕΠΕΣΟΝ
456 1032 573 1077 ΕΠ’
600 1040 765 1078 ΕΜΕ.
825 1034 932 1079 Ου’δὲ
958 1054 1035 1093 γαρ
1052 1037 1257 1092 ημετὲρων
1285 1036 1417 1091 μόνον
1438 1042 1566 1081 ταῦτα

27 1089 279 1164 σφαλμάτων
307 1089 549 1143 ἆντὲκτισις·
579 1094 649 1135 καὶ
640 1091 794 1163 χάρις
820 1098 923 1150 θεῷ·
953 1095 1023 1136 καὶ
1050 1095 1169 1165 ἡμεῖς
1197 1094 1271 1149 μὲν
1299 1092 1567 1166 αδικούμενοι

28 1147 180 1200 οὕτως,
212 1147 290 1193 ούιι
317 1147 599 1220 ἅδικούμεθα·
638 1168 701 1193 οτι
729 1150 806 1194 τὸν
826 1151 882 1207 μή
912 1150 1052 1195 ἑαυτὸν
1082 1149 1302 1195 οἷδικοῦντα
1331 1149 1468 1203 ου’δεὶς
1491 1151 1566 1195 δύ·

27 1224 146 1249 ναται
184 1205 473 1263 παροβλᾶψαι·
502 1208 535 1263 ἦ
561 1209 750 1262 ἐκκλησία
785 1208 830 1251 δὲ
865 1206 991 1251 παλιν
1026 1209 1210 1264 ύβρίσθη
1237 1210 1309 1252 καὶ
1334 1211 1560 1265 ἐζημίωται.

25 1266 89 1314 τίς
117 1263 163 1308 δὲ
189 1265 228 1334 ἦ
250 1268 389 1320 ζημίας
427 1269 510 1308 τῶν
547 1270 738 1338 μοναχῶν
774 1267 844 1309 καὶ
880 1269 1165 1321 μοναζουσων,
1209 1267 1278 1309 καὶ
1315 1272 1390 1310 τοῦ
1417 1272 1566 1311 λοιποῦ

26 1319 309 1377 χριστωνύμου
338 1328 454 1375 λαοῦ,
482 1327 565 1366 τῶν
594 1323 668 1378 μὲν
689 1321 810 1395 λόγῳ,
839 1329 923 1366 τῶν
952 1324 996 1366 δὲ
1019 1326 1089 1367 καὶ
1111 1327 1184 1382 βία
1203 1323 1444 1380 βλεψοῖντων
1460 1325 1565 1397 πρός

26 1378 73 1422 το“
113 1378 396 1454 σεμνότερον,
424 1398 480 1431 ως
511 1398 705 1447 καταιγις
729 1380 850 1437 αγρία
882 1379 1038 1437 αθρὸον
1069 1383 1365 1425 ἐπεισπεσοῦσα
1400 1383 1452 1455 ἦ
1459 1379 1562 1425 καθ’

25 1436 146 1491 ημῶν
173 1435 295 1493 ὕβρις
321 1437 420 1494 πρὸς
446 1437 495 1480 τὰ
514 1438 555 1495 *)
588 1437 803 1510 σεμνότερα
831 1440 985 1495 ἔτρεψε.
1031 1438 1061 1493 ἦ
1089 1439 1134 1482 δὲ
1162 1437 1282 1494 υβρις
1307 1440 1378 1482 καὶ
1404 1438 1452 1483 16
1479 1437 1565 1482 αύ-

25 1499 100 1548 τῆς
127 1494 328 1550 λυπηρδν,
355 1495 402 1539 τδ
431 1494 488 1550 μή
517 1513 618 1540 κατα
646 1500 720 1550 τῆς
749 1494 883 1538 αυτῶν
912 1497 1039 1552 (apud
1064 1497 1257 1551 Pachym.
1288 1497 1426 1571 ἡμῶν)
1461 1497 1563 1540 6⁷:50-

25 1550 193 1606 ληψεως
220 1554 304 1626 μὸν,
298 1569 360 1604 ον,
388 1553 458 1595 καὶ
485 1551 531 1596 το“
559 1555 707 1604 λίθους
733 1558 931 1623 κρατῆσαι
959 1557 1096 1608 βαλεῖν
1124 1554 1235 1625 ἡμᾶς
1261 1556 1331 1596 καὶ
1353 1553 1564 1609 ἀναθεμα-

24 1611 155 1660 τίσαι,
184 1611 254 1652 καὶ
282 1624 357 1653 οσα
383 1614 612 1678 σωματικῆς
638 1611 746 1654 ἐστιν
774 1609 931 1666 υβρεως
958 1612 1157 1662 ἐπειπεῖν,
1190 1609 1282 1653 αλλ’
1310 1613 1355 1654 οἲ
1378 1628 1462 1679 μοι,
1491 1629 1562 1653 και

24 1663 118 1708 κατ’
147 1663 275 1710 αυτοῦ
301 1671 378 1710 τοῦ
413 1665 672 1722 σεβάσματος.
725 1667 788 1711 διὸ
814 1668 885 1710 καὶ
913 1670 1042 1722 φημί·
1084 1670 1123 1711 εἰ
1149 1667 1355 1723 ἐφρόνησα
1383 1685 1560 1720 πωποτε,

22 1721 68 1792 ἦ
84 1740 248 1779 φρονω,
276 1722 312 1794 ᾗ
337 1723 532 1797 φρονήσω
561 1729 634 1779 τῆς
666 1725 785 1796 αγίας
814 1729 994 1780 Χριστοῦ
1020 1729 1097 1768 τοῦ
1123 1731 1230 1768 θεοῦ
1257 1727 1467 1800 ἐκκλησίας
1488 1723 1561 1768 α’λ·

24 1777 181 1848 λὸτριον
204 1779 412 1837 -φρόνημα,
442 1780 633 1852 αναθεμᾶ
660 1800 730 1838 μοι
757 1780 836 1825 dud
849 1786 1025 1854 Χριστοῦ
1052 1786 1129 1826 τοῦ
1155 1787 1276 1835 θεοῦ,
1303 1801 1374 1826 και
1401 1800 1562 1826 παντα-

23 1835 210 1893 νᾶθεμα,
250 1840 320 1882 καὶ
355 1837 631 1894 καταναθεμα.
681 1842 720 1883 εἰ
748 1841 858 1894 (non
883 1838 969 1910 οἱ)
981 1838 1024 1882 δὲ
1054 1857 1109 1890 ως
1139 1842 1183 1883 οἷ
1207 1845 1282 1884 τοῦ
1307 1843 1470 1912 κυρίου
1480 1857 1559 1894 μου

22 1892 154 1949 Ἰησοῦ
182 1895 450 1967 ἐδογμάτισαν
476 1898 548 1940 καὶ
575 1895 913 1966 παραδεδωκασιν
942 1914 1051 1953 αγιοι
1080 1899 1261 1952 μαθηταὶ
1288 1916 1359 1940 και
1386 1895 1560 1942 απόστο-

24 1957 115 2006 λοι,
145 1954 215 1996 καὶ
244 1955 289 1997 οἱ
311 1951 469 1998 τούτων
498 1952 681 2009 διάδοχοι
707 1952 913 2009 θεοφόροι
939 1955 1130 2009 πατέρες,
1158 1956 1227 1998 καὶ
1256 1973 1312 2006 ως
1330 1974 1358 2011 η
1382 1955 1477 2013 αγία
1497 1956 1559 1999 ἐκ-

23 2012 172 2063 κλησία
202 2015 384 2066 Χριστοῦ
408 2016 485 2055 τοῦ
512 2017 617 2055 θεοῦ
650 2030 771 2067 ημων
799 2012 986 2065 ἐδέξατο,
1024 2010 1201 2055 πιστεύω
1234 2013 1304 2056 καὶ
1339 2028 1557 2085 προσκυνω

24 2067 95 2110 καὶ
124 2068 289 2138 δέχομαι
324 2069 394 2112 καὶ
430 2067 661 2125 ἆσπαζομαι
695 2071 766 2112 καὶ
803 2067 1011 2125 κηρύττω·
1052 2071 1124 2112 εἴτι
1163 2070 1208 2112 δὲ
1235 2068 1384 2124 ταύτης
1412 2069 1559 2140 ἐχθρὸν

23 2125 95 2167 καὶ
120 2122 349 2194 αλλὸτριον,
377 2128 630 2195 παραπέμπω
650 2131 710 2184 τῷ
738 2124 988 2199 αναθὲματι·
1015 2129 1059 2170 οἷ
1083 2124 1177 2170 κατ’
1204 2128 1306 2182 ἐμοῦ
1333 2125 1559 2182 α’κονήσαν-

22 2198 89 2232 τες
114 2181 317 2240 γλώσσας,
359 2185 430 2226 καὶ
456 2181 646 2234 τοιαύτας
679 2171 839 2235 ἀθέους
866 2202 1011 2237 φωνας
1039 2183 1337 2240 ἐξερευξαμενοι
1365 2188 1559 2240 διαβολῆς

23 2239 94 2282 καὶ
123 2242 425 2293 συκοφαντίας,
465 2239 702 2311 ἐκκηρυκτοι
739 2243 783 2284 οἱ
815 2246 991 2284 τοιοῦτοι
1020 2242 1240 2316 ἐκκλησίας
1258 2247 1458 2314 Χριστοῦ,
1487 2242 1558 2284 καὶ

24 2293 160 2353 ἀλύτῳ
190 2294 411 2355 ἆφορισμω
432 2299 476 2341 ἐκ
483 2302 576 2369 τῆς
605 2301 825 2354 ζωαρχικῆς
851 2297 1016 2353 τριάδος
1043 2301 1109 2342 καὶ
1140 2300 1259 2354 ημεῖς
1286 2297 1436 2349 αύτοῦς
1454 2299 1558 2341 ύπο·

24 2339 224 2408 βάλλομεν
251 2356 321 2397 και
351 2359 454 2425 α’ρᾷ
467 2352 733 2411 α’ναθὲματος.
762 2357 849 2398 ἐπεὶ
869 2356 914 2398 δὲ
931 2354 1060 2411 νόμος
1078 2361 1131 2414 τῇ
1146 2359 1342 2427 ἐκκλησία
1362 2359 1555 2412 Χριστοῦ,

25 2409 250 2461 ἕκόντας”
220 2429 359 2466 αρχειν
386 2410 575 2466 ἑκόντων,
584 2413 721 2483 ημεῖς
742 2412 788 2455 δὲ
817 2415 1064 2464 δυναστικως
1092 2412 1280 2470 ἐδόξαμεν
1310 2397 1457 2485 61‘922w3
1485 2412 1556 2454 καὶ

24 2467 94 2510 δια
130 2473 251 2512 τοῦτο
288 2467 525 2523 ἆπωσαντο,
568 2467 832 2541 α’πωσαμενοι
865 2475 942 2514 τοῦ
981 2474 1273 2526 ποιμαίνεσθαι
1311 2468 1391 2523 ὕφ’
1420 2469 1554 2537 ἤμων,

22 2525 94 2567 καὶ
128 2525 247 2597 ημεῖς
282 2530 515 2595 ποιμαίνειν
551 2525 703 2578 αύτούς
739 2526 1068 2599 παραιτούμεθα,
1127 2546 1230 2571 κατα
1266 2526 1333 2569 τὸν
1372 2523 1554 2568 εἰπόντα·

22 2580 158 2639 κλήρῳ
188 2580 451 2658 ἄνυποτάκτῳ
481 2585 550 2627 καὶ
578 2589 664 2642 λαῷ
692 2581 861 2627 α’πειθεῖ
883 2583 1171 2639 α’ποτασσομαι.
1201 2582 1391 2651 δεόμενος
1411 2583 1455 2625 ἐκ
1472 2593 1554 2635 ψυ·

23 2643 100 2693 χῆς
117 2640 217 2693 ύμῖν
245 2642 312 2696 (an
331 2642 431 2712 ἡμῖν
423 2629 482 2696 ?)
514 2658 557 2684 τε
582 2644 653 2684 καὶ
681 2639 819 2692 αῦτοῖς
846 2643 967 2685 ιλεων
996 2644 1161 2685 ἔσεσθαι
1188 2640 1261 2683 τὸν
1290 2637 1400 2682 θεόν.
1428 2637 1479 2680 ‘ca'
1507 2638 1554 2681 δὲ

23 2697 197 2754 ἡμέτερα
226 2697 362 2754 ἄγοιτο
390 2717 492 2742 οπου
519 2717 590 2742 και
618 2697 806 2755 βούλοιτο
835 2699 861 2743 6
887 2700 933 2743 ἐν
958 2698 1094 2756 τριαδι
1119 2694 1377 2754 ὑμνούμενος
1397 2694 1553 2752 κύριος,

71 2831 333 2890 *)1⁴‘gffidm
363 2833 505 2870 ”detur
533 2833 632 2880 πρὸς
660 2835 709 2870 τὰ
740 2832 988 2883 ἆσεμνότερα,
1023 2833 1117 2881 apud
1148 2831 1391 2878 Pachynon-en
1422 2830 1576 2875 lagitnr„

24 2877 120 2923 *ode
140 2876 188 2914 τοὶ
209 2878 374 2926 πρότερα
394 2879 580 2928 ἔστρεψεν.
627 2889 763 2917 non-rx.
