1794 3172
365 167 686 213 HISTORIAE
714 166 1092 239 BYZANTINAE
1110 164 1229 209 XIV.
1244 172 1312 211 10.
1473 160 1572 207 731

85 283 153 326 καὶ
191 284 310 338 σφῶν
332 279 479 323 ἀὐτῶν
511 276 784 337 ἄφειδήσασιν
817 278 881 320 ἐπὶ
906 277 954 321 τό
987 272 1339 333 παραβολώτερον
1367 275 1467 326 τοὺς
1494 280 1571 332 τῆς
1593 286 1632 320 A.
1645 288 1682 320 C.
1704 284 1794 324 1345

83 350 211 406 τύχης
229 349 383 404 κύβους
400 348 663 407 ἀναρρίπτειν
684 346 819 406 ἐπῄει,
857 349 926 390 καὶ
943 348 1039 403 πρὶν
1059 348 1216 398 ζῶντας
1231 347 1289 395 εἷς
1311 345 1384 388 τὸν
1407 335 1714 414 προκεί-Ῑωιῑέεῗῖ·
1727 337 1794 417 Za*

82 438 206 476 μενον
235 421 498 476 ἐμβληθῆναι
527 416 688 476 τάφον,
737 420 854 460 δυοΐν
886 414 1148 474 ἐργάσασθαι
1175 412 1382 472 θάτερονο
1419 414 1612 473 ἢξίφειΟ
1706 406 1715 415 ”

82 491 156 534 τὸν
188 487 392 547 τύραννον
425 488 781 545 διαχρησαμένους
803 487 878 543 τὴν
906 490 980 530 τοῦ
1003 487 1099 540 βιόυ
1130 485 1273 542 σφίσιν
1296 484 1438 535 αὐτοῖς
1458 486 1574 529 ἐλευ·

51 561 230 617 5θερίαν
249 561 522 616 πορίσασθαι·
558 557 584 612 ’ἢ
605 557 678 600 τὸν
697 555 876 614 ἀνδράσι
893 555 1102 613 πρέποντα
1120 553 1312 598 θάνατον
1331 553 1445 606 ἅπαξ
1466 556 1574 598 ἐκτί-
1606 593 1609 595 ,

83 645 180 673 σασι
214 633 388 686 μακρῶν
417 632 492 671 τοῦ
523 631 669 671 λοιποῦ
701 629 842 670 δεινῶν
863 624 1150 682 ἀπηλλάχθαι.
1189 626 1247 675 εἷς
1276 624 1478 681 τέτταρας
1493 626 1570 680 μὲν

84 699 136 755 δὴ
159 703 244 742 τῶν
280 698 567 755 εὖγενεστὲρων
607 697 655 740 τὸ
689 701 878 740 τοιοῦτον
907 695 1156 751 διαβεβηκὸς
1186 692 1400 749 βούλευμα
1429 712 1575 752 περαι-

82 769 187 826 τέρω
211 769 448 826 προβαίνειν
475 767 550 811 οὐκ
569 768 716 824 ἐκρίθη
735 768 841 820 δεῖν,
881 764 937 817 ὥς
958 765 1018 821 μὴ
1038 765 1240 808 ἔκπυστον
1259 766 1480 822 φωραθείη
1503 766 1614 822 yse—D

81 837 266 893 νόμενον.
304 837 351 881 τὸ
383 836 461 895 γάρ
490 854 555 881 τοι
595 837 807 895 προφανὲς
844 840 928 879 τῶν
961 836 1138 879 ἐλπίδων
1172 832 1573 892 ἇναμφισβητήτους

29 908 199 958 ῙΟτινὰς
229 905 417 951 ὑπετίθει
446 907 524 958 τὰς
555 904 815 963 ὑποσχέσεις,
850 903 1153 963 ἐπιχειρήσασιν
1172 903 1282 960 ἥξειν
1305 903 1394 959 ἅμα
1409 903 1576 955 ’πάντας

83 975 374 1033 συλλήπτορας
406 977 505 1028 τοὺς
538 975 780 1032 δεσμώτας,
821 978 888 1019 καὶ
919 975 978 1032 μὴ
998 972 1421 1033 προμελητήσαντας,
1460 975 1502 1024 ἐς
1524 975 1574 1018 τὸ

83 1047 218 1091 κοινὸν
235 1053 310 1104 τῆς
330 1048 568 1104 ἐλευθερίας
589 1045 771 1090 στάδιον,
829 1044 920 1105 (Ε.)
956 1046 1128 1096 Εἷωθὸς
1149 1040 1223 1088 οὖν
1233 1041 1477 1103 Ἀποκαύκῳ
1497 1059 1575 1087 συ·-

77 1116 275 1175 χνότερον
293 1119 479 1173 ἐνδημεῖν
499 1118 599 1170 ἐκεῖ,
639 1117 706 1159 καὶ
725 1114 909 1172 μάλιστα
927 1120 1001 1159 νῦν
1020 1113 1302 1171 ἐπιταχύνοντι
1322 1113 1427 1172 πρὸς
1445 1108 1574 1172 τοῦρ-

81 1205 154 1244 γον
178 1188 278 1238 τοὺς
307 1187 523 1237 τέκτονας·
561 1186 698 1243 ἐπειδὴ
730 1184 842 1242 καὶὴ
865 1186 1080 1229 τελευταία
1099 1189 1239 1242 παρῆν
1263 1181 1423 1241 ἡμέρα,
1459 1184 1612 1228 καθἘ

28 1264 70 1300 15
83 1258 135 1313 ’ἢν
156 1257 211 1308 εἷς
233 1257 361 1315 πέρας
383 1256 461 1300 ἴδει
479 1260 779 1314 προενεχθῆναι
799 1256 847 1299 τὸ
864 1254 1099 1311 βούλευμα,
1135 1245 1332 1312 {azau-¹53³
1354 1253 1486 1298 ὕπνον
1506 1256 1577 1298 καὶ

82 1326 285 1384 τράπεζαν
319 1325 547 1382 ὀψόμενος,
585 1327 662 1383 τὴν
691 1330 767 1382 τῆς
796 1326 911 1383 ξένης
944 1326 1106 1384 εἱρκτῆς
1138 1324 1377 1369 τελευταίαν
1409 1326 1575 1368 οἰκοδο-

80 1399 182 1453 μίαν
222 1399 290 1440 καὶ
327 1397 399 1440 τὸν
432 1397 600 1440 ἀνενδεᾶ
635 1400 711 1451 τῆς
749 1395 848 1452 ὅλης
884 1395 1148 1454 ἀπαρτισμὸν
1195 1392 1451 1444 ὑποθέσεως.
1502 1396 1573 1437 καὶ

82 1466 220 1523 ἐπειδὴ
243 1466 350 1510 κατὰ
373 1467 472 1517 τοὺς
490 1471 565 1523 τῆς
583 1464 741 1523 ἡμέρας
761 1467 912 1522 ἐκείνης
927 1465 1082 1516 ὕπνους
1106 1461 1320 1525 (ἑνδεκάτη
1343 1466 1369 1507 δ
1375 1463 1388 1479 ²
1411 1459 1465 1520 ἦν
1483 1466 1574 1507 ἴου-

72 1536 188 1594 ,νιόυ)
224 1535 411 1593 θόρυβοί
435 1554 540 1587 τινες
566 1537 608 1588 ἐξ
639 1536 810 1593 ὀνείρων
843 1536 995 1594 ἀγρίων
1025 1535 1153 1578 αὐτὸν
1181 1532 1463 1591 ἐξεφόβησαν,
1504 1531 1573 1577 οἶα
1612 1588 1615 1591 ¹

25 1617 72 1652 20
84 1611 195 1665 φιλεῖ
218 1605 414 1657 πολλάκις
444 1607 487 1649 ἐν
514 1613 602 1656 τοῖς
627 1604 831 1656 τοιούτοις
854 1612 1168 1663 προαναφωνεΐν
1189 1604 1236 1647 τὸ
1260 1601 1501 1657 δαιμόνιον,
1540 1602 1564 1646 ὃ

81 1677 156 1731 μὲν
180 1676 294 1735 αὐτῷ
310 1679 518 1733 σωτηρίας
538 1674 640 1730 εἶχεν
660 1677 842 1728 ἐλπίδας,
880 1675 929 1719 οὗ
948 1675 1216 1730 μεμελέτηκεν
1230 1686 1241 1697 ·
1279 1671 1302 1716 ὃ
1323 1675 1350 1715 δ
1355 1672 1367 1688 ²
1389 1671 1492 1728 εἶχεν
1511 1674 1605 1724 εῗςΕ

81 1746 181 1797 τοὺς
199 1747 505 1802 ἐπηρτημένους
524 1745 639 1804 αὐτῷ
659 1742 875 1795 κινδύνους
898 1743 1071 1802 ὀξύτερα
1091 1744 1143 1787 τὰ
1165 1741 1328 1801 ἐφόδια,
1366 1747 1491 1786 τοῦτο
1519 1743 1569 1786 (53

82 1818 150 1858 καὶ
177 1817 340 1871 βέλτιον
370 1818 426 1866 εἷς
450 1817 659 1872 σωτηρίαν
692 1813 795 1858 εἶναι
824 1814 982 1872 κέκρικέ
1006 1831 1050 1858 τε
1078 1815 1146 1857 καὶ
1178 1815 1319 1857 εἵλετο.
1358 1812 1406 1856 τὸ
1431 1812 1476 1856 ‹5‘
1500 1807 1567 1878 ἦν,

81 1884 159 1937 ἔξω
177 1885 292 1944 παρὰ
312 1885 388 1936 τὰς
408 1890 484 1929 τοῦ
508 1885 713 1928 παλατιόυ
739 1885 891 1929 ἐκείνου
911 1883 1047 1936 πύλας
1081 1883 1241 1943 ἀφέντα
1265 1881 1365 1933 τοὺς
1384 1881 1695 1942 δορυφό-Ὺαῗΰὲ

175 1999 231 2035 10.
254 1992 358 2044 ἥξειν
380 2009 444 2032 em.
468 1996 569 2032 Boiv.
594 2008 658 2044 pro
682 1993 789 2040 ἕξειν.

81 2102 176 2133 cura,
198 2090 307 2125 aleam
330 2101 462 2125 omnem
483 2089 648 2126 audacius
661 2090 790 2132 iacere,
813 2091 852 2124 et
869 2090 1052 2134 antequam
1073 2087 1147 2123 vivi
1171 2090 1332 2135 paratum
1350 2086 1386 2122 in
1403 2088 1572 2124 tumulum

80 2137 357 2180 detruderentur,
382 2137 524 2172 duorum
544 2137 689 2172 alterum
707 2149 855 2178 navare,
880 2141 984 2181 atque
1003 2139 1064 2170 aut
1081 2140 1230 2182 tyranno
1250 2135 1427 2171 trucidato
1445 2146 1572 2180 parare

81 2185 148 2218 sibi
165 2184 252 2230 ipsis
271 2184 487 2226 libertatem,
511 2190 571 2219 aut
585 2183 679 2218 virili
702 2184 807 2219 semel
827 2187 935 2218 morte
958 2183 1138 2228 oppetita,
1160 2182 1379 2228 gravissimis
1397 2182 1434 2216 in
1452 2188 1572 2228 poste-

80 2243 155 2266 rum
175 2231 344 2266 aerumnis
366 2231 516 2265 liberari.
563 2230 604 2265 Id
629 2231 805 2266 consilium
832 2241 907 2264 cum
931 2229 1023 2265 inter
1041 2242 1080 2264 se
1098 2229 1403 2264 communicassent
1421 2234 1572 2275 quatuor

80 2290 125 2313 ex
143 2278 389 2320 nobilioribus,
414 2278 507 2312 ultra
526 2277 691 2323 progredi
711 2289 778 2312 non
799 2277 948 2324 placuit,
972 2288 1016 2311 ne
1039 2277 1290 2322 divulgaretur.
1336 2276 1477 2311 Etenim
1494 2276 1594 2322 ipsa‘

80 2325 188 2359 futuri
202 2324 381 2359 evidentia
405 2325 620 2359 manifestam
637 2324 740 2359 fidem
758 2323 932 2365 faciebat,
957 2323 1016 2357 ubi
1037 2335 1109 2358 rem
1130 2323 1289 2369 aggressi
1307 2328 1445 2366 esseut,
1469 2322 1572 2357 futu-

79 2383 139 2406 ros
155 2372 200 2405 iis
222 2372 398 2406 adiutores
417 2371 452 2406 in
472 2383 512 2405 eo
531 2371 704 2406 libertatis
723 2371 910 2406 certamine
926 2382 986 2405 eos
1003 2382 1132 2413 omneS‚
1153 2370 1213 2416 qui
1230 2370 1337 2405 vincti
1356 2375 1572 2412 tenerentur,

79 2429 274 2463 quanquam
302 2418 394 2453 haud
422 2418 702 2464 praemeditatos.
749 2418 835 2463 (V.)
865 2417 1084 2462 Cum-igitur
1109 2417 1238 2452 soleret
1258 2419 1465 2463 Apocaucus
1487 2415 1571 2451 illuc
1629 2417 1632 2420 ’

79 2464 217 2510 saepius
238 2465 311 2507 ire,
337 2477 377 2500 ac
393 2470 476 2501 tunc
493 2466 638 2499 maxime
656 2465 774 2499 fabros
791 2465 836 2499 ad
855 2475 944 2510 opus
962 2468 1126 2510 urgeret3
1151 2463 1210 2498 ubi
1225 2475 1405 2509 supremus
1422 2462 1497 2499 dies
1515 2462 1571 2497 af-

77 2510 166 2552 fuit,
191 2523 260 2557 quo
277 2512 462 2557 oportebat
481 2512 526 2546 ad
545 2512 672 2546 exitum
693 2511 838 2557 perduci
855 2522 897 2546 ea
913 2521 1004 2557 quae
1021 2510 1214 2546 deliberata
1231 2515 1350 2551 erant,
1374 2509 1471 2544 veuit
1491 2511 1572 2555 post

79 2568 230 2592 somnum
251 2564 288 2593 et
310 2570 459 2593 mensam
484 2558 736 2604 adspecturus‚
770 2569 891 2603 nempe
914 2557 1104 2603 singularis
1129 2557 1223 2592 illius
1245 2556 1396 2591 carceris
1417 2555 1570 2591 ultimam

79 2603 396 2640 exaedificationem
417 2611 454 2640 et
473 2605 662 2640 absolutam
682 2605 792 2639 totius
813 2604 930 2651 operis
950 2604 1281 2639 consummationem.
1330 2603 1380 2638 Et
1398 2603 1480 2649 quia
1506 2612 1571 2650 per

79 2661 232 2685 somnum
248 2651 384 2687 illadie
404 2652 499 2696 (erat
515 2657 628 2686 autem
649 2652 830 2687 undecima
847 2651 966 2695 Iunii)
990 2663 1140 2698 pavores
1161 2662 1236 2686 eum
1255 2649 1394 2696 quidam
1412 2650 1456 2684 ab
1476 2655 1578 2688 atro-⁴

80 2697 179 2730 cibus
201 2698 340 2732 somniis
360 2698 503 2733 excitati
522 2699 834 2744 perturbaverant,
858 2697 974 2744 qualia
996 2698 1084 2734 solet
1103 2710 1210 2744 saepe
1228 2708 1351 2732 numen
1370 2696 1413 2731 iis
1432 2697 1571 2731 casibus

79 2748 240 2789 portenta
256 2745 495 2790 praemittere,
517 2745 555 2780 id
577 2745 728 2792 quidem,
747 2745 841 2791 quod
865 2755 963 2791 spem
981 2745 1133 2791 aliquam
1156 2744 1277 2780 salutis
1296 2743 1479 2785 afferebat,
1501 2754 1571 2777 non

79 2789 252 2835 providit,
275 2791 365 2837 quod
384 2788 497 2827 autem
517 2792 586 2838 ipsi
608 2792 654 2827 ad
674 2791 907 2838 impendentia
928 2792 1083 2837 pericula
1104 2791 1299 2827 breviorem
1321 2790 1412 2825 viam
1438 2790 1571 2824 munie-

80 2837 163 2878 bat,
188 2837 271 2871 illud
293 2838 359 2872 sibi
377 2838 422 2872 ad
441 2839 584 2874 salutem
603 2838 722 2874 melius
744 2851 822 2874 esse
839 2839 941 2873 duxit
957 2839 1115 2884 adeoque
1135 2837 1308 2884 praetulit.
1358 2837 1447 2871 Erat
1463 2839 1568 2883 po‘rro

79 2882 184 2927 illud,
209 2884 377 2920 satellites
403 2885 478 2920 eius
500 2890 538 2922 et
561 2885 750 2932 armigeros
770 2897 889 2922 omnes
917 2885 1016 2921 simul
1045 2886 1202 2921 exclusos
1224 2884 1316 2919 iuius
1335 2883 1457 2931 palatii
1480 2883 1572 2919 atria
