1754 3164
147 130 278 183 1356

191 248 267 282 tat:
302 244 339 280 in
368 243 647 279 Cantacuzenum
673 242 750 289 ipse
769 253 905 288 quoque

192 292 369 338 conspirat
379 293 460 333 605,
475 294 529 327 10.
542 290 679 337 imperii
700 297 907 337 procurato-

194 352 264 375 rem
303 351 341 373 se
376 337 552 372 instituit:
595 340 778 382 Apocauco
809 336 907 371 urbis

193 386 448 433 praefecturam
467 389 503 419 et
523 383 609 425 alias
621 383 808 429 dignitates
826 394 907 417 con-

195 434 266 467 fert
291 432 372 473 605,
395 432 452 466 20.
477 442 534 465 res
556 431 600 465 ab
617 431 736 465 eodem
755 430 907 475 patriar—

196 480 262 513 cha
278 478 314 512 in
326 477 604 512 Cantacuzenum
617 477 817 522 designatae
827 478 909 518 607,

197 524 255 562 14.
277 524 425 559 Ioannes
448 527 483 558 et
508 524 716 570 Apocaucus
734 523 851 557 iurant
871 534 910 556 se

198 582 372 617 nunquam
398 572 603 616 recepturos
627 572 911 605 Cantacuzenum

199 619 282 660 605,
308 618 366 654 24.
392 617 531 651 Ioannis
561 616 692 651 familia
717 627 910 658 numerosa,

199 666 245 699 ab
263 666 446 711 Apocauco
465 669 589 699 ornata
599 667 636 698 et
647 663 760 698 ditata
776 665 856 705 697,
874 664 909 699 1.

199 712 348 747 Ioannes
369 712 492 745 rubros
511 710 646 745 calceos
662 714 819 751 recusat3
843 709 911 745 alia

200 760 403 793 ornamenta
427 756 601 800 admittit3
642 756 842 793 ambitiosus
874 759 913 791 et

201 803 399 851 imprudens
420 805 501 846 698,
524 805 581 839 18.
605 816 644 838 se
672 806 708 838 et
734 802 913 849 imperium

202 851 360 898 perdidit
380 852 463 892 700,
494 850 550 885 18.
574 850 610 884 in
632 849 914 885 cantacuzenum

203 900 360 943 ingratus
388 899 470 939 755,
498 898 534 933 6.
563 909 641 932 sese
669 902 707 932 et
738 896 915 931 Cantacu-

205 956 325 980 zenum
349 944 476 989 partim
501 951 666 986 excusat,
702 942 827 988 partim
850 943 915 978 da-

205 996 302 1027 mnat
321 992 403 1033 758,
416 991 471 1026 12.
495 1001 615 1036 pacem
628 989 819 1032 suadendo,
843 991 915 1024 An-

205 1050 285 1074 nam
306 1036 454 1072 offendit
478 1038 566 1080 760,
594 1039 628 1073 3.
662 1048 791 1071 summa
821 1036 914 1082 apud

205 1086 296 1121 hanc
321 1083 533 1119 auctoritate
562 1083 680 1118 floruit
708 1085 789 1125 780,
820 1085 853 1119 6.
875 1087 916 1117 ut

207 1143 284 1167 eam
302 1143 323 1165 a
344 1143 382 1165 se
402 1130 607 1165 alienaverit
627 1132 708 1170 781,
736 1132 765 1165 1.
791 1129 915 1164 absens

207 1184 246 1214 et
263 1177 438 1212 inauditus
462 1176 658 1219 damnatur,
685 1177 766 1219 783,
790 1178 824 1211 8.
844 1188 916 1210 mo-

207 1223 360 1260 nasterio
380 1222 524 1269 primum
547 1222 758 1262 includitur3
792 1222 917 1257 deinde

209 1270 489 1316 Didymotichum
522 1270 706 1314 ablegatur
737 1269 828 1312 784,
859 1271 917 1304 10.

208 1316 417 1364 Byzantium
435 1316 662 1352 transfertur:
689 1315 832 1350 moritur
849 1327 918 1350 non

209 1365 314 1408 longo
337 1366 438 1409 post:
471 1364 545 1398 eius
574 1363 723 1408 elogium
749 1363 830 1404 813,
863 1363 917 1398 10.

210 1410 413 1458 patriarcha
439 1409 507 1444 fuit
536 1420 646 1455 usque
673 1408 717 1443 ad
753 1420 827 1443 eam
855 1420 917 1442 no-

211 1462 301 1492 ctem
313 1480 324 1499 ,
347 1467 415 1503 qua
429 1456 695 1491 Cantacuzenus
712 1454 920 1500 Byzantium

211 1504 329 1549 cepit:
367 1502 441 1538 eius
471 1506 550 1538 acta
575 1507 655 1537 utra
692 1502 921 1547 praeferenda

211 1553 294 1592 926,
317 1551 375 1586 22.
399 1548 518 1596 priora
535 1549 676 1584 decreta
691 1548 839 1584 rescissa
854 1559 918 1596 per

212 1596 408 1644 posteriora
425 1597 505 1640 827,
527 1598 560 1632 8.

166 1643 315 1680 Ioannes
347 1642 613 1689 (Cephalleniae
639 1641 782 1687 Comes)
812 1641 920 1677 Aeto-

212 1691 282 1725 liae
301 1694 338 1725 et
363 1689 576 1725 Acarnaniae
601 1689 783 1735 princeps,
818 1700 918 1724 caeso

214 1738 325 1772 fratre
337 1737 474 1772 Thoma
488 1748 602 1772 rerum
612 1735 743 1782 potitus
755 1748 766 1780 3
788 1747 919 1772 veneno

213 1784 348 1819 tollitur
371 1785 414 1818 ab
433 1795 541 1819 uxore
557 1784 639 1826 536,
661 1785 714 1819 12.

168 1831 317 1867 Ioannes
334 1830 508 1876 Despotes
535 1830 572 1864 in
600 1828 816 1865 Thessaliam
843 1839 919 1864 cum

216 1888 340 1922 magno
364 1876 518 1912 exercitu
548 1876 780 1922 proficiscitur
800 1880 923 1911 contra

215 1925 376 1960 Ioannem
416 1924 569 1958 Nothum
605 1924 921 1958 Sebastocratorem

216 1973 298 2013 110,
317 1971 374 2007 23.
400 1970 521 2005 Novas
548 1971 672 2005 Patras
689 1970 824 2004 obsidet
842 1970 922 2011 112,

216 2019 275 2053 23.
299 2016 509 2052 obsidionem
532 2016 661 2051 deserit
679 2017 759 2059 115,
775 2019 829 2052 10.
850 2016 921 2050 Ro-

216 2063 326 2098 manis
344 2063 578 2108 fugientibus,
600 2063 757 2099 navalem
773 2074 922 2109 pugnam

217 2110 411 2145 instaurat:
443 2111 562 2145 hostes
593 2110 631 2145 in
651 2111 768 2155 fugam
792 2109 919 2144 vertit:

218 2155 368 2200 insignia
417 2156 610 2202 Despotica
651 2167 712 2191 cur
751 2167 922 2202 nunquam

220 2202 345 2238 deinde
366 2203 514 2248 gesserit
533 2205 613 2246 119,
635 2204 689 2239 18.

171 2248 329 2291 Ioannes,
355 2249 536 2285 Michaelis
562 2249 674 2285 Nothi
692 2248 782 2283 filius
807 2248 922 2295 (legi-

218 2295 347 2341 timus)
380 2295 440 2339 47,
470 2296 524 2331 13.
558 2296 601 2331 ad
627 2295 828 2331 Michaelem
853 2297 923 2332 Pa-

219 2342 411 2388 laeologum
429 2342 582 2386 confugit
601 2345 679 2385 110,
696 2345 753 2379 20.

172 2386 335 2431 Ioannes,
361 2388 543 2423 Michaelis
557 2389 670 2424 Nothi
688 2389 777 2424 filius
796 2390 922 2425 nothus

218 2435 279 2476 47,
297 2436 352 2471 17.
376 2435 578 2469 Thessaliae
590 2436 748 2483 princeps
766 2438 846 2480 110,
869 2438 922 2472 15.

221 2481 519 2517 Sebastocratoris
554 2481 726 2527 dignitate
761 2488 922 2518 ornatus:

220 2527 455 2573 foedifragus:
511 2528 683 2563 Romanas
730 2530 923 2575 provincias

220 2574 776 2658 {33222‘53332312333
791 2576 923 2657 332³&

221 2666 284 2700 bus
302 2678 340 2701 se
361 2666 534 2703 defendit:
559 2669 671 2704 fessus
700 2669 805 2714 longa
828 2669 923 2704 obsi-

222 2712 347 2755 dione,
373 2713 469 2748 exire
489 2716 632 2750 statuit:
665 2716 840 2751 consilium
863 2716 923 2750 uni

223 2761 356 2794 tantum
370 2759 497 2795 homini
524 2762 656 2797 indicat
674 2765 752 2805 112,
780 2764 837 2798 21.
862 2774 923 2796 no-

224 2808 280 2839 ctu
319 2817 384 2852 per
422 2807 537 2844 funem
575 2809 758 2853 demissum
792 2808 922 2856 lapsus,

709 140 873 181 INDEX
901 140 1083 181 RERUM
1092 170 1105 193 ,

999 242 1157 278 Romana
1188 245 1304 278 castra
1334 243 1520 290 pervadit=
1557 244 1711 279 Athena-

1000 301 1077 324 rum
1112 290 1233 326 ducem
1270 290 1362 326 adit:
1400 303 1422 325 a
1457 303 1525 336 quo
1561 292 1713 326 delectos

999 336 1125 371 milites
1150 337 1357 383 quingentos
1382 337 1510 383 accipit
1535 339 1621 380 113,
1659 340 1713 373 15.

1000 383 1038 417 in
1072 383 1248 418 Romanos
1288 396 1354 419 nec
1388 385 1571 430 opinantes
1603 384 1714 430 impe*

1001 434 1074 464 tum
1098 430 1183 465 facit
1211 429 1378 474 114,110.
1411 431 1567 466 Romana
1597 437 1715 465 castra

1001 475 1124 522 diripit
1151 478 1235 521 115,
1263 478 1318 513 17.
1342 477 1444 512 fidem
1474 490 1594 512 rursus
1619 478 1715 512 fran-

1002 523 1055 568 git
1082 522 1160 566 149,
1185 525 1219 560 5.
1259 523 1349 559 Vide
1374 527 1410 559 et
1437 524 1517 566 145,
1541 527 1598 560 23.

955 568 1121 613 Ioannes,
1158 570 1338 606 Michaelis
1360 570 1562 616 Palaeologi
1589 572 1715 614 frater,

1003 616 1289 660 Sebastocrator,
1331 629 1407 651 cum
1440 618 1573 663 magnis
1605 618 1716 662 copiis

1003 663 1128 698 missus
1160 669 1282 698 contra
1312 663 1519 699 Michaelem
1552 664 1716 709 Angelum

1005 714 1041 745 et
1066 710 1139 746 eius
1162 722 1330 755 generos:
1353 710 1448 745 viros
1466 711 1642 758 principes
1661 723 1717 746 se-

1004 768 1082 791 cum
1105 756 1223 791 ducit:
1268 757 1444 792 Thraciae
1479 762 1515 793 et
1550 757 1717 792 Macedo-

1005 802 1084 839 niae
1114 803 1269 849 legiones
1302 804 1376 838 suis
1409 803 1568 851 adiungit
1590 806 1658 847 72,
1683 806 1716 840 8.

1005 849 1048 883 fit
1071 849 1230 897 Despota
1253 851 1311 893 79,
1339 853 1392 887 17.

959 895 1118 940 Ioannes,
1164 896 1461 943 Porphyrogeniti
1483 896 1591 933 filius.
1627 897 1717 933 Vide

1009 943 1359 988 Panhypersebastus.

959 988 1107 1025 Ioannes
1127 991 1358 1036 Palaeologus
1389 989 1510 1037 (imp.)
1543 989 1715 1026 nascitur:

1006 1036 1196 1072 Andronici
1231 1037 1344 1083 patris
1378 1037 1533 1077 laetitia:
1583 1038 1718 1073 natales

1006 1083 1150 1119 ludicris
1176 1084 1422 1120 certaminibus
1446 1085 1613 1120 celebrati
1635 1085 1718 1127 482,

1010 1132 1044 1165 1.
1076 1130 1243 1164 novennis
1278 1142 1365 1177 puer
1384 1159 1393 1172 ,
1437 1135 1572 1166 mortuo
1604 1137 1718 1177 patre,

1006 1176 1045 1211 in
1071 1177 1241 1212 Palatium
1266 1189 1341 1212 cum
1364 1178 1477 1212 fratre
1510 1178 1719 1213 transfertur

1009 1234 1032 1258 a
1055 1224 1299 1259 Cantacuzeno
1323 1226 1412 1268 576,
1446 1226 1502 1261 18.
1536 1230 1720 1260 coronatur

1010 1268 1067 1304 die
1090 1281 1157 1304 non
1180 1271 1271 1305 festo
1296 1272 1387 1314 616,
1419 1272 1453 1307 7.
1489 1271 1719 1306 Thessaloni-

1011 1327 1074 1350 cae
1108 1316 1313 1362 praeficitur
1345 1319 1426 1362 876,
1457 1319 1516 1355 22.
1559 1318 1650 1353 Vide
1684 1321 1720 1353 et

1010 1363 1092 1404 530,
1115 1363 1150 1399 5.
1174 1365 1255 1406 610,
1282 1366 1337 1400 12.

962 1419 1112 1455 >Ioannes
1136 1421 1417 1468 Sozopolitanus,
1440 1422 1483 1459 fit
1498 1423 1718 1470 patriarcha:

1012 1467 1241 1511 Michaelem,
1283 1468 1470 1504 Andronici
1501 1470 1643 1505 senioris
1675 1471 1720 1505 fi-

1011 1513 1112 1556 lium,
1137 1514 1332 1550 diademate
1355 1520 1458 1551 ornat
1482 1519 1560 1560 193,
1578 1519 1612 1554 3.
1637 1530 1719 1552 con-

1010 1560 1174 1595 temnitur
1207 1566 1248 1596 ut
1287 1562 1428 1608 simplex
1463 1568 1500 1598 et
1539 1563 1718 1599 indoctus:

1008 1607 1161 1643 secedit:
1194 1607 1231 1643 in
1251 1609 1398 1655 patriam
1421 1611 1611 1646 revertitur
1627 1613 1718 1654 210,

1014 1653 1070 1690 14.

963 1700 1109 1736 Ioannes
1131 1700 1325 1737 Heracleae
1348 1701 1553 1750 episcopus,
1577 1704 1719 1751 Grego-

1011 1759 1073 1782 rae
1096 1748 1284 1796 avunculus
1307 1749 1389 1793 429,
1414 1752 1446 1786 7.

1054 1806 1143 1840 Vide
1150 1809 1345 1852 praeterea,
1357 1809 1523 1854 Angelus,
1536 1810 1640 1852 Aean,
1650 1809 1720 1844 Bc-

1014 1864 1085 1895 cus,
1111 1854 1385 1899 Cantacuzenus,
1411 1857 1613 1899 Comnenus,
1643 1858 1719 1891 Da-

1013 1911 1211 1943 mascenns,
1235 1901 1364 1944 Ducas,
1394 1903 1530 1948 Glycys,
1553 1903 1720 1939 Lascaris

1014 1949 1082 1981 etc.

966 1991 1042 2027 Iobi
1065 1993 1154 2028 liber
1176 1994 1259 2036 308,
1283 1995 1318 2030 7.
1343 1994 1425 2038 718,
1451 1997 1507 2032 12.

966 2039 1069 2074 Iobus
1094 2041 1291 2086 Bogomilus
1314 2042 1396 2085 718,
1422 2044 1479 2079 12.

966 2097 1118 2140 Iolenta‚
1152 2110 1251 2133 soror
1282 2099 1526 2145 imperatorum
1557 2101 1719 2137 Balduini

1039 2144 1114 2179 rimi
1137 2150 1175 2180 et
1197 2146 1360 2191 Henrici,
1399 2147 1587 2194 eademque
1610 2154 1720 2184 mater

1049 2192 1160 2227 oberti
1183 2192 1262 2239 imp.
1288 2195 1346 2236 86,
1370 2195 1404 2229 2.

966 2248 1088 2285 Ioniae
1110 2250 1186 2285 loca
1209 2250 1378 2286 maritima
1399 2253 1482 2296 200,
1507 2251 1561 2289 14.

967 2296 1107 2332 Ionicae
1129 2298 1233 2332 urbes
1259 2300 1337 2339 196,
1362 2299 1394 2334 1-

968 2342 1085 2378 Ionius
1108 2343 1198 2378 sinus
1222 2343 1302 2387 747,
1326 2345 1361 2380 7.

967 2389 1135 2436 Iosephus
1158 2390 1200 2424 fit
1228 2391 1427 2436 patriarcha
1457 2395 1539 2438 post
1570 2393 1720 2429 Germa-

1014 2447 1113 2471 num:
1145 2437 1351 2472 Michaelem
1372 2437 1615 2485 Palaeologum
1637 2452 1720 2487 per-

1014 2482 1096 2517 iurii
1130 2487 1166 2518 et
1205 2483 1419 2519 crudelitatis
1453 2487 1602 2522 absolvit
1638 2489 1718 2531 107,

1016 2530 1072 2565 15.
1108 2529 1324 2565 concordiam
1357 2531 1546 2577 improbat:
1588 2535 1721 2569 secedit

1016 2577 1095 2618 125,
1120 2577 1178 2613 20.
1201 2577 1325 2612 iterum
1347 2577 1389 2612 fit
1415 2579 1616 2625 patriarcha
1641 2583 1718 2623 160,

1016 2627 1071 2659 10.
1080 2623 1201 2658 iterum
1212 2624 1449 2669 patriarchatu
1460 2627 1553 2662 cedit
1563 2629 1642 2667 161,
1664 2630 1718 2663 13.

1015 2669 1156 2716 Iosephi
1190 2674 1398 2715 sectatores,
1433 2684 1493 2708 seu
1523 2673 1719 2720 Iosephitae

1011 2718 1090 2759 128,
1113 2718 1148 2752 6.
1173 2719 1253 2759 167,
1277 2719 1334 2754 11.

968 2762 1135 2809 Iosephus
1162 2763 1338 2799 Cretensis
1362 2764 1443 2808 718,
1465 2767 1498 2802 8.

968 2809 1132 2857 Iosephus
1171 2811 1352 2847 Hebraeus
1367 2836 1378 2854 ,
1437 2824 1481 2848 ex
1522 2811 1719 2848 Palaestina
