1794 3172
245 100 349 173 850
636 125 957 174 NICEPHORJ
986 124 1316 170 GREGORAE

17 256 57 289 A.
75 254 121 290 M.
141 252 235 291 6856
244 246 350 285 σθαι
375 238 449 284 τὸν
470 243 546 296 τῆς
575 238 691 295 δίκης
713 235 867 295 ἔφορον
888 234 1116 294 ὄφθαλμὸν
1142 235 1185 286 ἐς
1204 234 1322 287 τέλος
1341 239 1601 294 καθευδῆσαι
1613 271 1626 291 ,
1659 238 1731 281 καὶ

74 302 181 338 ¹⁰⁶4
241 307 453 367 τοσαύτην
480 313 573 367 σιγῇ
601 311 826 365 παρελθεῖν
847 305 1022 350 ἀδικίαν.
1060 306 1130 367 καὶ
1151 309 1286 350 ταῦτα
1312 307 1390 363 μέν
1412 308 1516 366 τῇδέ
1533 326 1588 364 πη
1612 307 1702 364 ἔσχε
1717 322 1728 332 ·

240 383 312 426 καὶ
333 380 381 424 τὸ
401 379 531 437 θέρος
551 380 594 422 ἐν
616 375 778 427 τούτοις
797 372 1000 420 ἐτελεύτα.

15 495 43 527 A
76 494 108 526 Μ
137 444 231 529 683,
341 447 393 507 γ’.
434 445 718 506 Φθινοπῶρου
749 447 776 490 δ
784 445 795 462 '
819 444 1075 504 ἀρχομένου,
1120 445 1206 488 ἐπεὶ
1235 443 1295 503 μὴ
1328 444 1436 489 κατὰ
1463 445 1543 496 τὰς
1561 445 1731 497 ἐλπίδας

45 519 54 528 ’
73 519 174 575 1„}1‚2
241 518 381 578 ἐχώρει
398 519 606 568 Λατίνοις
628 517 677 561 τὸ
694 520 866 574 πρᾶγμα
881 528 890 538 ·
928 513 1114 570 ἐνόμιζον
1132 515 1227 574 γὰρ,
1256 515 1364 572 μηδ’
1389 517 1446 567 εἷς
1465 514 1567 572 ὅλην
1586 520 1761 559 πεντε-ξί

109 584 410 635 γ·433καίδεκα
433 586 600 647 ἡμερῶν
630 586 813 645 ἀρκέσειν
837 585 936 636 τοὺς
962 586 1219 639 Βυζαντίους
1240 578 1457 642 περίοδον,
1489 586 1732 644 γενομένους

210 657 435 717 ,τειχήρεις
465 660 533 702 καὶ
561 662 645 702 τῶν
676 657 831 709 ἔξωθεν
862 653 1076 700 εἰωθότων
1106 656 1347 712 ἐπιτηδείων
1369 658 1733 714 παρακομίζεσθαι

239 727 630 786 ἀποκεκλεισμένους
640 761 654 782 ,
692 726 800 771 ἀλλὰ
821 723 1075 784 ἀπογνώσειν
1108 725 1259 769 αὐτίκα
1277 723 1395 781 μάλα
1405 759 1420 780 ,
1453 728 1522 770 καὶ
1541 724 1733 784 πρώτους

240 798 470 857 δεήσεσθαι
501 801 715 851 σπονδῶν,
746 798 816 840 καὶ
845 795 1194 840 ἀνακαλέσασθαι
1222 799 1336 854 σφᾶς
1365 797 1406 847 ἐς
1434 795 1511 853 τὴν
1543 797 1641 854 πρὶν
1660 812 1734 855 φι-

202 871 359 915 ῦλιἀν·
397 871 483 913 ἐπεὶ
510 864 584 914 οὖν
608 865 763 918 αὗτούς
801 883 845 910 τε
875 864 1018 924 ἑώρων
1061 866 1136 910 οὐκ
1173 866 1549 924 ἐπιστρεφομένους
1577 868 1646 909 καὶ
1679 860 1733 909 αὖ
1745 873 1792 909 10

242 940 321 998 τὴν
340 940 539 996 βασιλίδα
562 936 745 998 Εἰρήνην
774 943 862 988 τοῖς
886 938 1132 990 Βυζαντίοις
1152 933 1372 994 ὁμόφρονα
1393 936 1610 993 γινομένην
1632 935 1730 979 κατ’

244 1011 407 1054 ἐκείνων
437 1003 621 1063 τελέως,
644 1010 712 1052 καὶ
742 1005 914 1058 ὁπλίτας
942 1010 1226 1060 συνιστῶσαν,
1265 1007 1335 1048 καὶ
1375 1004 1612 1064 ἀμυντήρια
1642 1007 1736 1063 περὶ

244 1080 345 1131 τοὺς
382 1077 564 1137 πύργους
599 1079 804 1131 ἴστῶσαν,
857 1077 899 1128 ἴς
934 1094 978 1121 τε
1014 1068 1092 1128 τᾶς
1122 1073 1403 1134 πετροβόλους
1430 1076 1622 1132 μηχανὰς
1659 1075 1737 1133 ὅλῃ

245 1151 410 1208 σπουδῇ
447 1148 764 1204 διανισταμένην
777 1181 791 1201 ,
827 1145 923 1191 ὅσαι
947 1143 1059 1204 βάρη
1088 1146 1295 1202 πέμπουσι
1315 1146 1449 1190 λίθων
1469 1145 1586 1204 ἐγγύς
1606 1163 1648 1189 τε
1666 1147 1737 1188 καὶ

246 1217 415 1278 πόῤῥω,
455 1219 513 1262 δι’
541 1213 599 1262 ὧν
618 1219 660 1262 οἵ
677 1235 719 1261 τε
738 1221 858 1275 σφῶν
876 1216 1064 1272 πολέμιοι
1097 1214 1387 1274 συνετρίβοντο
1417 1216 1522 1260 οἴκοι
1550 1218 1620 1260 καὶ
1641 1214 1736 1259 ὅσαι
1749 1227 1792 1264 15

243 1290 539 1347 τῶνμεγίστων
560 1286 746 1332 ὁλκάδων
759 1288 1104 1346 προτειχίσματος
1123 1287 1240 1343 δίκην
1261 1287 1379 1344 σφίσι
1402 1286 1733 1344 προῦβέβληντο,

206 1361 292 1410 Βές
312 1360 511 1403 τάναντία
545 1363 629 1402 τῶν
656 1361 865 1415 λογισμῶν
901 1356 978 1408 τὰς
1007 1355 1195 1407 αὔλακας
1225 1355 1393 1411 ἔτεμνον
1420 1355 1528 1413 ἤδη,
1565 1354 1737 1414 χρόνιον

246 1429 420 1474 ἔσεσθαι
438 1429 512 1473 τὸν
533 1427 713 1484 πόλεμον
734 1426 959 1484 οἲηθέντες.
995 1426 1059 1470 διὸ
1081 1427 1149 1469 καὶ
1167 1427 1388 1484 πρεσβείας
1406 1426 1613 1482 πέμπουσι
1630 1444 1738 1470 παν-

245 1504 354 1557 ταχῆ
368 1533 382 1554 ,
414 1500 655 1556 συμμαχίαν
684 1500 920 1552 αῗτοῧντες,
951 1495 1052 1541 ὅθεν
1083 1498 1202 1554 φιλία
1223 1497 1342 1554 σφίσι
1361 1498 1646 1554 προσεδοκᾶτο
1669 1497 1738 1539 καὶ

248 1568 520 1629 ὁμοφροσύνη
546 1569 653 1628 πρὸς
676 1563 867 1627 τοῦργον.
929 1566 1022 1627 (B.)
1051 1565 1104 1611 ‘¹0
1126 1583 1168 1624 γε
1186 1566 1271 1623 μὴν
1288 1569 1373 1610 τῶν
1392 1568 1635 1619 Βυζαντίων
1661 1563 1736 1609 κύ-
1746 1578 1793 1614 20

248 1644 346 1691 κλος
367 1642 435 1683 καὶ
457 1638 478 1683 ὅ
501 1644 577 1683 τοῦ
595 1640 756 1695 τείχους
782 1639 1023 1696 περίβολος,
1048 1635 1241 1695 με’γιστος
1263 1634 1320 1680 ὢν
1341 1637 1410 1680 καὶ
1426 1637 1622 1693 μεγίστης
1644 1633 1739 1679 δεό-

207 1717 375 1767 Εμενος
394 1714 599 1768 φυλακῆς,
625 1707 829 1766 ἀνάλογον
849 1708 924 1752 οὐκ
946 1705 1024 1764 εἶχε
1045 1704 1241 1765 στρατόν.
1268 1705 1381 1761 ὅμως
1395 1710 1553 1762 πολλῆς
1572 1706 1740 1764 γενομέ-

249 1798 325 1836 νης
345 1781 387 1832 ἐξ
406 1778 602 1823 ἁπάντων
624 1779 891 1837 προθυμίας,
917 1777 1026 1821 ὅπλα
1046 1775 1184 1820 πάντα
1201 1776 1305 1834 πρὸς
1322 1775 1480 1834 ἀγορὰν
1499 1776 1739 1834 ἐξεφέροντο

251 1851 321 1894 καὶ
337 1851 458 1894 ἵπποι
478 1848 640 1900 πάντες.
685 1848 871 1899 τέκτονές
892 1865 936 1891 τε
959 1843 1012 1891 αὖ
1040 1848 1110 1890 καὶ
1132 1843 1383 1902 σκυτοτόμοι
1401 1847 1470 1889 καὶ
1486 1850 1653 1902 χαλκεῖς
1671 1847 1741 1889 καὶ

255 2018 372 2054 posse,
391 2009 431 2041 ut
446 2005 576 2041 vindex
595 2004 756 2041 Iustitiae
773 2005 894 2040 oculus
911 2006 1081 2051 perpetuo
1099 2001 1251 2038 dormire
1272 2014 1314 2038 ac
1331 2005 1464 2038 tantam
1485 2002 1624 2038 silentio
1641 2009 1743 2049 prae*

257 2054 367 2088 terite
388 2053 548 2088 iniuriam
568 2053 766 2088 sustineret.
812 2051 862 2086 Et
879 2052 967 2087 haec
985 2051 1123 2098 quidem
1142 2049 1194 2086 ita
1209 2051 1317 2086 ferme
1335 2062 1373 2086 se
1388 2050 1602 2093 habuerunt;
1628 2056 1664 2086 et
1682 2061 1742 2086 ae-

257 2105 332 2135 stas
354 2100 391 2134 in
413 2100 468 2134 his
490 2107 692 2145 consumpta
714 2103 780 2135 est.

350 2148 386 2183 3.
406 2147 552 2181 Ineunte
568 2151 732 2182 autumno
751 2144 868 2180 Latini
880 2143 965 2190 quia
980 2143 1067 2190 ipsis
1086 2155 1130 2178 ex
1146 2143 1321 2179 sententia
1336 2155 1404 2179 non
1418 2142 1627 2179 succedebat
1639 2143 1742 2189 (spe-

256 2198 423 2229 raverant
447 2193 595 2239 quippe,
620 2205 664 2227 ne
686 2192 730 2227 ad
752 2191 1005 2238 quindecimum
1031 2190 1168 2236 quidem
1188 2190 1278 2225 diem
1299 2191 1487 2226 duraturos
1505 2203 1583 2226 esse
1601 2191 1742 2236 Byzan-

257 2241 348 2282 tios,
376 2240 554 2274 moenibus
584 2239 719 2274 clausos
743 2245 779 2274 et
808 2238 895 2273 foris
914 2237 1096 2284 importari
1119 2237 1231 2272 solitis
1254 2238 1498 2273 commeatibus
1519 2238 1742 2279 interclusos3

258 2288 323 2322 sed
351 2287 600 2332 desperaturos
627 2286 766 2329 statim,
792 2285 986 2332 primosque
1009 2289 1047 2318 ut
1071 2295 1139 2330 pax
1158 2285 1262 2319 fieret
1283 2290 1320 2320 et
1338 2289 1378 2320 ut
1393 2286 1429 2319 in
1448 2284 1666 2319 concordiam
1685 2296 1744 2319 re-

257 2334 395 2369 diretur
413 2332 632 2379 rogaturos),
656 2338 836 2379 postquam
852 2331 941 2366 istos
956 2331 1121 2367 viderunt
1136 2331 1297 2377 incoepto
1318 2332 1411 2367 haud
1429 2331 1612 2373 desistere,
1627 2334 1662 2366 et
1680 2330 1745 2365 ad·-

259 2392 384 2416 versus
401 2393 439 2415 se
460 2382 584 2416 Irenen
601 2380 854 2425 imperatricem
877 2390 951 2413 cum
967 2377 1151 2425 Byzantiis
1169 2379 1305 2414 omnino
1324 2378 1537 2424 conspirare,
1563 2383 1600 2412 et
1617 2377 1745 2412 milites

259 2438 401 2473 cogere,
416 2431 452 2462 et
463 2427 535 2462 tela
551 2426 596 2462 ad
614 2426 879 2472 propulsandum
895 2426 1026 2461 hostem
1043 2425 1139 2460 circa
1154 2428 1269 2460 turres
1287 2426 1485 2471 disponere,
1507 2430 1544 2459 et
1562 2423 1651 2459 omni
1669 2427 1745 2458 stu-

259 2474 319 2509 dio
340 2473 550 2520 apparandis
576 2472 745 2508 machinis
765 2473 984 2515 incumbere,
1010 2484 1099 2519 quae
1119 2471 1192 2507 sive
1218 2472 1372 2508 cominus
1394 2471 1471 2507 sive
1491 2471 1620 2506 eminus
1641 2481 1745 2505 saxo-

260 2533 335 2556 rum
353 2520 479 2567 gravia
500 2520 654 2567 pondera
679 2524 905 2566 torquerent,
930 2519 1053 2565 quibus
1076 2521 1113 2554 et
1134 2518 1225 2553 domi
1252 2520 1369 2555 hostes
1387 2523 1425 2554 et
1441 2518 1609 2553 maximae
1627 2529 1746 2559 naves,

262 2579 352 2614 quas
371 2567 423 2602 illi
446 2566 780 2621 propugnaculorum
808 2567 919 2602 instar
942 2566 1010 2601 sibi
1034 2565 1291 2608 obtendissent,
1315 2568 1600 2607 contererentur3
1627 2563 1748 2599 diver-

265 2626 339 2649 sam
362 2614 466 2660 plane
487 2613 705 2649 consuiorum
728 2613 820 2649 viam
845 2612 936 2647 inire
961 2617 1172 2658 coeperunt,
1197 2612 1391 2647 diuturnum
1413 2612 1490 2646 fore
1517 2611 1639 2646 bellum
1661 2609 1748 2646 illud

265 2661 438 2696 arbitrati.
486 2661 612 2707 Itaque
630 2664 667 2695 et
683 2659 817 2706 legatos
838 2658 919 2694 illuc
938 2659 1099 2700 mittunt,
1122 2658 1350 2705 undecunque
1368 2658 1522 2694 amicitia
1541 2662 1577 2692 et
1598 2656 1748 2692 societas

264 2709 312 2743 ad
333 2707 526 2743 navandum
544 2719 630 2754 opus
650 2714 864 2754 speraretur.
911 2706 996 2751 (ΙΙ.)
1012 2707 1058 2741 At
1072 2706 1267 2752 Byzantiis,
1287 2718 1362 2741 cum
1377 2705 1472 2740 urbis
1490 2704 1655 2739 circuitus
1672 2715 1747 2738 mu-

265 2754 366 2800 rique
386 2755 534 2790 ambitus
559 2753 724 2789 maximus
742 2754 853 2794 foret,
877 2756 915 2787 et
932 2753 1076 2788 maximo
1098 2752 1270 2799 praesidio
1295 2752 1493 2798 indigeret,
1516 2763 1584 2786 non
1603 2755 1680 2785 erat
1705 2761 1748 2785 ca

266 2801 410 2837 militum
431 2800 650 2848 frequentia,
673 2811 765 2848 quae
782 2799 850 2836 loci
868 2799 1099 2846 capacitatem
1127 2803 1304 2845 aequaret.
1351 2799 1485 2834 Tamen
1509 2798 1597 2833 adeo
1624 2797 1748 2843 ingens

268 2852 345 2885 erat
369 2849 517 2886 omnium
542 2848 667 2892 ardor,
697 2858 793 2886 arma
816 2845 1002 2890 universa,
1031 2845 1114 2894 equi
1132 2857 1249 2883 omnes
1273 2845 1544 2882 traducebantur
1565 2844 1602 2880 in
1623 2843 1747 2880 forum.
