1794 3172
281 137 413 185 1120
655 140 972 190 NICEPHORI
1001 139 1329 188 GREGORAE

59 269 96 303 A.
111 269 155 304 Μ.
175 268 267 305 6859
280 256 346 299 καὶ
365 257 449 299 τῶν
464 250 682 311 περιέργων
705 249 753 296 οὗ
772 248 887 309 μάλα
906 249 980 295 τὸν
1000 247 1110 295 πόδα
1130 248 1374 306 κεκτημένον
1391 245 1623 308 ἐλεύθερον,
1656 250 1750 307 περὶ

120 316 222 351 ΜΗ*
278 329 361 369 τῶν
388 323 526 368 αὐτῶν
552 321 684 365 ταύτὰ
711 320 968 379 στρέφοντας
995 320 1057 363 ἀεὶ
1087 319 1163 376 τὴν
1199 319 1325 376 ἀκοὴν
1354 319 1600 363 ἀποκναίειν.
1653 319 1750 362 οὐδὲ

278 395 356 452 γὰρ
385 392 477 437 οὐδ’
506 389 563 442 ὥς
581 391 743 442 ἐκείνοις
762 389 895 447 δήπου
917 388 1011 433 τότε
1037 394 1208 433 πλεῖστα
1226 390 1302 444 μὲν
1322 389 1478 446 εἴρηται
1489 422 1503 443 ,
1541 388 1679 446 τυφλὰ
1706 389 1750 431 δὲ

214 498 230 506 -
279 462 415 507 πάντα
437 462 506 504 καὶ
527 460 655 517 ἰίγονα
674 463 743 504 καὶ
762 460 866 517 πρὸς
884 459 956 503 τὸν
982 458 1109 503 αὐτὸν
1133 463 1209 515 τῆς
1236 458 1412 509 ἀτοπίας
1441 457 1594 515 ἄγοντα
1615 455 1751 500 πάντα

242 530 489 590 Βκρημνόν,
524 528 634 574 οὕτω
669 533 826 586 πολλῆς
855 529 1059 573 ἐνταυθοῖ
1079 527 1203 584 κάμοὶ
1235 526 1368 584 δεήσει
1394 532 1469 583 τῆς
1499 528 1782 583 συμμαχιάς.5

280 601 377 646 ἀλλ’
413 599 550 658 ὥσπερ
578 600 621 643 ἓν
647 603 705 660 τῷ
733 603 808 643 τοῦ
838 598 998 655 ἀγῶνος
1035 599 1186 642 ἐκείνου
1215 602 1346 656 καιρῷ
1382 596 1451 640 διὰ
1480 597 1670 655 βραχέων
1698 598 1754 646 εἷς

279 672 354 715 τὸν
388 670 548 713 ἐκείνων
576 669 752 720 ἐκείνους
787 666 963 724 ὠθήσας
1001 667 1183 724 κρημνὸν
1218 665 1480 723 ἀπήλλαγμαι
1490 700 1504 721 ,
1544 665 1653 710 οὕτω
1685 667 1755 709 καὶ

281 743 421 800 πολλῷ
438 742 599 795 μᾶλλον
618 737 790 795 ἡσυχίας
809 737 958 795 οὔσης,
996 741 1070 781 νῦν
1087 734 1359 794 μετριώτερον
1376 735 1402 793 ἢ
1424 736 1531 779 κατὰ
1555 736 1631 792 τὴν
1657 733 1752 779 τότ’

282 807 463 867 ἀνάγκην
493 809 772 865 μνησθέντος,
812 807 888 851 οὐκ
917 806 968 851 ἂν
998 807 1059 863 εἴη
1097 804 1224 864 φάναι
1256 806 1390 850 οὐδενὶ
1424 810 1507 849 τῶν
1544 803 1754 858 ἁπάντων,

285 878 343 931 ὥς
360 879 435 935 οὗχ
454 879 602 929 ἱκανῶς
619 882 694 934 τῆς
717 878 957 936 προθυμίας
974 878 1040 919 καὶ
1060 874 1297 932 βουλήσεως
1317 875 1434 931 ἴσχον
1453 874 1543 932 ἐγώ,
1575 875 1652 917 κάν
1670 881 1756 924 τοῖς
1770 885 1794 920 11

245 949 419 1007 Εἴργοις
447 947 590 998 αὐτοῖς
619 948 848 990 αἰσθέσθαι
884 950 1031 1004 σαφῶς
1055 945 1153 996 τούς
1180 943 1500 1000 ἐντυγχάνοντας
1529 945 1756 988 ἐπεπείκειν.

284 1018 312 1064 ἃ
333 1018 411 1076 γὰρ
429 1015 527 1074 ἡμῖν
548 1033 591 1060 τε
616 1014 801 1074 πρόσθεν
829 1016 986 1073 εἴρηται
1013 1017 1081 1059 καὶ
1109 1013 1211 1077 ὃρᾷν
1242 1022 1331 1066 τοῖς
1361 1014 1627 1070 βουλομένοις
1651 1010 1760 1070 πρό-

285 1105 436 1139 κειται,
473 1081 582 1143 ἦπου
610 1083 742 1141 πολλή
771 1103 833 1136 τις
861 1084 912 1129 ἂν
945 1086 1005 1141 εἴη
1027 1085 1172 1139 ἄνοια,
1210 1084 1334 1142 λέγειν
1357 1082 1508 1139 ὅμοίως
1527 1083 1587 1127 ἀεὶ
1606 1083 1659 1126 τὰ
1682 1082 1760 1126 αὖ-

285 1154 354 1202 τά.
399 1154 498 1199 ὅσον
526 1154 605 1214 γὰρ
632 1162 720 1206 τοῖς
741 1155 971 1206 ἀντιθέτοις
994 1156 1157 1205 ἐκείνοις
1180 1156 1245 1197 δεῖ
1258 1158 1340 1199 τῶν
1366 1154 1427 1198 ἀεὶ
1448 1151 1758 1211 παραλλάξεων,

288 1225 347 1271 δι’
383 1224 619 1284 ἇῤῥωστίαν
644 1229 727 1268 τῶν
753 1224 814 1268 ἀεὶ
838 1225 1062 1282 λεγομένων
1094 1223 1234 1274 αὐτοῖς
1244 1257 1258 1277 ,
1304 1228 1504 1267 τοσοῦτον
1533 1221 1656 1279 ἡμῖν,
1696 1221 1791 1267 διἸ

288 1294 515 1354 εὖρωστίαν
534 1298 619 1338 τῶν
642 1294 861 1352 εἰρημένων
871 1327 886 1348 ,
924 1295 990 1338 δεῖ
1003 1292 1107 1351 πρὸς
1126 1293 1179 1336 τὰ
1203 1292 1297 1349 ἑξῆς
1317 1297 1490 1353 σιωπᾷν.
1536 1295 1761 1350 παραπλη-

138 1374 181 1411 Ρ.
199 1375 270 1414 702
292 1365 393 1415 σίως
423 1361 585 1421 ὥσπερ,
624 1361 687 1414 οἷς
713 1364 788 1419 μὲν
815 1365 858 1407 ἓν
885 1361 986 1423 ἡλίῳ
1017 1365 1083 1406 καὶ
1114 1360 1219 1420 φωτὶ
1252 1365 1356 1423 δρᾷν
1384 1362 1534 1406 ἔνεστιν
1560 1361 1587 1404 ἃ
1615 1363 1758 1418 δρῶσι,

290 1431 455 1484 τούτοις
474 1431 687 1488 δήπουθεν
716 1432 812 1476 οὐδὲ
833 1431 1055 1491 μαρτύρων
1076 1431 1126 1474 ἄν
1146 1431 1246 1475 ποτ’
1278 1431 1454 1475 οὐδένων
1484 1428 1646 1486 δεήσοι,
1685 1430 1763 1472 αὗ-

291 1507 377 1548 τῶν
409 1503 451 1553 ἐξ
481 1500 720 1557 αὐτομάτου
756 1500 924 1561 (φάναι)
960 1506 1042 1546 τῶν
1065 1499 1317 1559 πραγμάτων
1336 1500 1410 1557 τὴν
1431 1498 1632 1556 ἀλήθειαν
1651 1517 1764 1556 μαρ-

290 1569 552 1630 τυρούντων·
590 1569 652 1621 οἷς
674 1570 718 1614 δ’
752 1572 795 1615 ἔν
815 1570 950 1630 σκότῳ
980 1573 1049 1615 καὶ
1080 1571 1226 1621 νυκτὸς
1257 1569 1426 1626 ἀδήλοις
1454 1569 1581 1613 ἔνεστι
1611 1573 1794 1623 βυθοῖςΞ

294 1642 539 1701 ἓγκυβιστᾷν
567 1639 667 1691 τοὺς
685 1644 761 1697 τῆς
786 1643 972 1697 σπουδῆς
990 1641 1220 1696 θεμελίους,
1264 1637 1427 1691 τούτοις
1455 1639 1530 1683 οὔκ
1561 1638 1670 1682 ἔστιν
1691 1638 1766 1695 ὄρ-

294 1715 388 1762 θῶς
417 1713 599 1773 συνορᾷν
633 1708 738 1755 οὔθ’
771 1709 872 1755 ὅθεν
900 1709 1067 1769 ἄρχεται
1076 1742 1090 1764 ,
1129 1708 1232 1754 οὔθ’
1256 1708 1336 1767 ὅπη
1359 1712 1526 1771 τελευτᾷ
1549 1712 1632 1753 τῶν
1654 1709 1765 1766 δρω-

387 1843 422 1881 8.
443 1841 686 1891 μετριωτερον
709 1843 800 1882 coni.
817 1844 929 1892 Capp.
1031 1844 1087 1881 17.
1110 1840 1150 1881 ἐν
1173 1842 1253 1879 add.
1274 1842 1387 1890 Capp.

298 1962 381 2001 tur,
404 1970 518 2005 neque
535 1959 619 1995 satis
639 1960 762 2007 procul
781 1959 825 1995 ab
850 1956 962 1995 inutili
987 1960 1138 2002 remota,
1162 1958 1206 1993 de
1222 1956 1344 1992 iisdem
1362 1957 1481 1992 eadem
1506 1969 1641 2003 semper
1660 1956 1768 1992 verba

299 2016 463 2047 versare,
487 2010 523 2040 et
539 2006 678 2041 aliorum
696 2018 796 2042 aures
822 2005 985 2041 obtundm
1003 2018 1024 2039 ε.
1070 2005 1147 2040 Nec
1166 2004 1275 2046 enim,
1300 2009 1339 2039 ut
1357 2004 1407 2039 illi
1428 2011 1512 2039 tunc
1533 2005 1638 2039 multa
1665 2016 1769 2038 caeca

302 2055 341 2085 et
361 2051 493 2085 sterilia
519 2052 738 2095 effutierunt,
763 2064 851 2098 quae
877 2052 988 2088 omnia
1007 2052 1041 2085 in
1067 2052 1203 2086 easdem
1219 2051 1369 2096 ineptias
1390 2051 1497 2085 veluti
1523 2051 1766 2098 praecipitant,

299 2097 354 2132 ita
370 2096 451 2131 mihi
468 2109 602 2143 quoque
626 2100 692 2134 hac
715 2099 752 2133 in
769 2110 886 2144 pugna
909 2098 1088 2133 multorum
1114 2098 1239 2132 auxilio
1269 2109 1356 2143 opus
1381 2097 1499 2132 fuerit.
1554 2098 1625 2132 Sed
1652 2108 1769 2142 quem-

302 2142 484 2178 admodum
509 2145 704 2180 certaminis
721 2145 814 2179 illius
843 2149 994 2190 tempore
1017 2144 1112 2189 ipsos
1137 2144 1174 2178 in
1201 2155 1295 2178 suum
1313 2145 1551 2190 praecipitium
1570 2144 1689 2190 paucis
1709 2144 1773 2177 de-

301 2189 412 2231 trusi,
446 2193 482 2224 et
508 2189 558 2224 sic
595 2203 636 2225 eo
673 2191 854 2226 defunctus
885 2203 981 2232 sum3
1012 2190 1063 2226 ita
1093 2202 1181 2225 nunc
1209 2191 1309 2236 longe
1335 2190 1463 2237 potiori
1498 2190 1649 2232 ratione,
1695 2201 1769 2223 cum

302 2235 547 2281 disputationis
571 2240 688 2272 aestus
712 2236 941 2280 deferbuerit,
967 2237 1129 2283 pauciora
1154 2249 1255 2282 quam
1275 2248 1337 2282 pro
1356 2237 1446 2271 illius
1466 2237 1629 2282 temporis
1650 2248 1772 2270 neces-

303 2280 408 2317 sitate
432 2282 590 2327 proferre
619 2283 699 2317 mihi
726 2283 860 2319 licebit:
883 2295 946 2318 nec
972 2284 1061 2318 ullus
1087 2283 1229 2318 omnium
1259 2284 1374 2318 dicere
1395 2283 1516 2317 merito
1546 2283 1694 2329 poterit,
1718 2295 1772 2316 me

302 2327 408 2362 animi
429 2327 544 2362 studio
562 2340 603 2363 ac
622 2330 801 2365 voluntate
819 2342 886 2365 non
903 2330 988 2364 satis
1004 2335 1196 2376 promptum
1212 2330 1344 2375 fuisse,
1366 2329 1449 2363 licet
1468 2329 1512 2363 iis
1539 2329 1598 2376 qui
1625 2329 1693 2363 ista
1720 2329 1772 2362 le—

303 2377 406 2419 gent,
430 2374 560 2420 reipsa
579 2386 781 2420 persuasero
802 2381 838 2410 ut
864 2376 948 2411 haec
969 2377 1149 2411 evidenter
1168 2375 1388 2422 perspiciant.
1445 2375 1495 2410 Et
1521 2380 1614 2410 certe
1633 2376 1771 2410 stultum

302 2420 406 2455 valde
423 2420 552 2462 fuerit,
575 2420 692 2456 eodem
709 2433 842 2467 semper
860 2423 958 2458 modo
976 2423 1094 2458 eadem
1118 2427 1299 2469 repetere,
1324 2433 1412 2467 quae
1439 2422 1533 2467 prius
1554 2434 1575 2456 a
1595 2422 1692 2456 nobis
1717 2421 1774 2455 di·-

305 2469 363 2501 cta
387 2465 423 2500 in
449 2470 610 2522 promptu
633 2471 688 2502 est
708 2468 914 2513 quibuslibet
930 2470 1141 2515 conspicere.
1187 2469 1360 2510 Quantum
1381 2467 1470 2503 enim
1487 2480 1625 2504 necesse
1643 2471 1708 2510 est,
1733 2470 1774 2502 ut

303 2512 357 2547 illi
374 2512 565 2549 adversm-in
584 2512 679 2548 dicta
701 2525 763 2548 sua
783 2514 1016 2550 indesinenter
1035 2515 1191 2557 varient,
1216 2515 1260 2549 ob
1277 2526 1392 2549 eorum
1412 2527 1501 2559 quae
1523 2516 1701 2561 proferunt
1719 2514 1776 2548 in-

304 2557 521 2601 firmitatem3
543 2563 673 2594 tantum
701 2571 842 2596 necesse
867 2562 1029 2596 habemus
1052 2562 1096 2596 ob
1118 2561 1283 2596 dictorum
1309 2567 1500 2596 nostrorum
1520 2561 1713 2596 firmitatem
1737 2564 1775 2595 et

306 2605 434 2647 robur,
458 2609 596 2641 caetera
623 2606 759 2641 silentio
786 2608 1084 2653 praetermittere;
1113 2619 1154 2642 eo
1176 2608 1248 2642 fere
1270 2607 1390 2649 modo,
1419 2619 1486 2653 quo
1506 2608 1653 2642 testibus
1671 2606 1773 2641 nullis

307 2649 467 2695 indigent
481 2651 528 2694 ii,
552 2651 612 2698 qui
628 2664 716 2698 quae
739 2659 869 2698 agunt,
892 2655 967 2689 luce
987 2658 1022 2689 et
1047 2655 1157 2699 palam
1179 2654 1334 2698 fulgente
1354 2654 1425 2688 sole
1444 2654 1595 2695 faciunt3
1618 2654 1775 2699 quando-

308 2696 446 2741 quidem
462 2697 560 2743 ipsae
587 2709 649 2744 per
673 2710 712 2734 ee
738 2710 795 2734 res
822 2699 931 2742 ultro,
955 2704 994 2735 ut
1015 2700 1066 2735 ita
1086 2700 1213 2740 dicam,
1238 2700 1378 2734 veritati
1404 2700 1630 2735 testimonium
1658 2699 1775 2744 perhi-

307 2742 412 2777 bent:
435 2748 555 2779 contra
582 2756 666 2780 vero
694 2745 752 2792 qui
777 2745 814 2780 in
831 2746 983 2782 tenebris
1010 2750 1045 2781 et
1069 2746 1260 2793 profundae
1278 2746 1390 2781 noctis
1416 2747 1565 2792 caligine
1590 2745 1696 2781 studii
1722 2745 1774 2778 sui

307 2789 529 2824 fundamenta
547 2790 816 2837 praecipitanter
833 2791 983 2835 iaciunt,
1007 2792 1033 2827 ii
1053 2798 1148 2828 recte
1168 2792 1367 2838 conspicere
1393 2803 1460 2827 non
1482 2795 1642 2838 possunt,
1665 2803 1775 2836 neque

307 2835 400 2870 unde
432 2836 600 2883 incipiat,
631 2848 743 2885 neque
773 2837 834 2873 ubi
863 2839 999 2875 desinat
1029 2839 1247 2886 suppositum
1280 2838 1395 2885 operis
1439 2839 1494 2874 sui
1528 2838 1772 2874 fulcimentum.
