1794 3172
260 143 362 210 684
675 166 989 212 NICEPHORI
1019 164 1347 211 GREGORAE

39 286 78 318 A.
97 285 140 317 Μ.
160 283 253 319 6852
265 280 529 337 πορίζεσθαι,
567 274 701 335 δόγμα
726 278 841 321 τουτὶ
871 277 1006 321 κοινὸν
1025 277 1068 320 ἔκ
1087 280 1243 320 πολλοῦ
1267 275 1444 333 κατέστη
1465 277 1532 319 καὶ
1553 272 1755 334 ψήφισμα

86 333 154 366 1⁰⁶⁸
172 332 256 412 121)
266 355 317 408 τῇ
340 354 458 407 σφῶν
477 349 659 408 πολιτείᾳ
681 347 733 390 τὰ
754 347 924 403 με’γιστα
948 346 1159 404 ὠφελοῦν,
1198 346 1383 397 σπονδὰς
1403 348 1470 389 καὶ
1493 347 1634 403 φίλιάς
1656 364 1756 389 συν-

265 422 464 463 τίθεσθαι
483 419 587 476 πρὸς
605 417 703 467 τοὺς
724 422 806 460 τῶν
826 417 1189 474 παραθαλασσίων
1207 413 1364 459 πόλεων
1384 414 1610 473 ἡγεμόνας,
1652 412 1753 459 ὁπό-

263 506 341 539 σας
370 488 525 544 λιμένες
564 488 717 543 ἀγαθοὶ
747 485 1032 545 περικλύζουσί
1050 504 1092 529 τε
1122 487 1189 528 καὶ
1209 483 1533 542 προσκλύζουσι,
1571 487 1638 529 καὶ
1659 486 1753 529 ἄνέ-

261 577 353 615 μων
374 557 421 601 οὗ
456 557 613 600 δεδιάσι
643 553 868 607 κλύδωνας.
917 555 1259 613 ἀναγκαζομένοις
1287 555 1367 614 γὰρ
1405 556 1447 607 ἐς
1467 555 1566 606 τοὺς
1596 554 1783 599 adzo-915

263 627 417 678 τόπους
438 627 668 683 καταίρειν,
709 628 777 669 καὶ
796 626 873 676 τὰς
896 626 1118 683 ἐμπορικὰς
1137 626 1280 683 χρείας
1300 623 1458 669 διδόναι
1481 643 1524 669 τε
1548 627 1617 668 καὶ
1644 629 1753 681 λαμ-

261 695 425 754 βάνειν,
463 696 510 740 οὗ
534 694 735 753 πρότερον
767 695 877 747 ἔδοξε
897 694 1041 756 ῥᾴδιόν
1072 711 1216 754 σφισιν
1241 692 1364 749 εἶναι,
1401 697 1496 753 πρὶν
1521 697 1667 753 φίλους
1690 696 1754 752 γί-

263 772 411 811 νεσθαι
422 799 437 820 ,
477 763 538 816 οἷς
561 769 644 809 τῶν
663 764 923 823 ὃρμητηρίων
943 753 1137 823 ἡγεμόσιν
1157 763 1258 808 εἶναι
1280 765 1562 821 συμπέπτωκε.
1597 763 1755 823 φόρους

261 839 401 881 τοίνυν
422 835 677 894 παρέχεσθαι
696 833 1008 891 ὑπισχνούμενοι
1020 869 1032 890 ,
1073 835 1179 879 καθ’
1204 833 1362 892 ὁπόσην
1379 837 1447 878 καὶ
1470 837 1561 879 οἳάν
1581 835 1629 878 τὸ
1652 834 1753 878 σύν-

130 912 385 964 ν,347θημα
419 906 572 963 γε’νοιτο
615 903 869 963 ἑκατέρωθεν
905 904 1044 959 τάξιν,
1104 907 1173 949 καὶ
1200 907 1414 963 χρειωδῶν
1456 903 1749 960 ἁπανταχόθεν
1764 911 1794 946 1(

62 985 77 997 '
130 971 458 1021 ΡΑΩξῖἁπάντων
488 977 790 1030 εἲσκομίζοντας
815 977 1057 1034 προτιθέναι
1089 975 1177 1020 κατ’
1212 976 1401 1027 ἐξουσίαν
1426 974 1623 1018 ὠνεῖσθαι
1655 975 1753 1026 τοὺς

265 1046 568 1104 βουλομένους,
607 1047 674 1088 καὶ
708 1044 840 1095 οὕτως
861 1047 926 1089 ἐπὶ
955 1045 1094 1104 ῥητοῖς
1124 1047 1172 1090 τὸ
1205 1045 1512 1104 συγκεχωρηκὸς
1543 1043 1753 1101 δεχόμενοι

267 1114 502 1174 καταγώγια
524 1117 592 1158 καὶ
614 1116 744 1170 νομὰς
771 1114 977 1160 ἐπαύλεων
1008 1114 1111 1174 πρός
1140 1135 1184 1160 τε
1210 1114 1378 1175 ’ἑαυτῶν
1401 1115 1650 1173 ἀνεγείρουσι
1674 1133 1751 1158 κα-

267 1188 427 1246 θέδρας
460 1203 502 1228 τε
533 1187 599 1228 καὶ
633 1184 831 1243 οἰκήσεις,
879 1188 946 1229 καὶ
970 1185 1049 1229 ὅσα
1071 1187 1175 1245 πρὸς
1195 1184 1408 1242 ’ὑποδοχὴν
1429 1185 1672 1243 ἄποχρῶντ’
1700 1183 1752 1228 ἂν

267 1257 328 1313 εἴη
351 1261 435 1300 τῶν
461 1255 687 1311 ἀγωγίμων.
761 1254 822 1314 (Γ
820 1254 851 1312 )
888 1256 1014 1300 Κατὰ
1046 1257 1097 1313 δὴ
1122 1261 1272 1301 τοῦτον
1304 1256 1377 1300 τὸν
1397 1253 1551 1313 τρόπον
1577 1255 1625 1299 οὗ
1646 1259 1750 1298 πολ-
1764 1265 1794 1301 Ῑέ

268 1331 355 1377 λοΐς
389 1343 494 1369 τισιν
524 1325 628 1368 ἔτεσι
661 1323 862 1383 πρότερον
896 1329 963 1369 καὶ
992 1325 1017 1382 ἡ
1050 1328 1229 1385 ῥηθεῖσα
1262 1324 1381 1377 πόλις
1406 1325 1570 1385 ᾠκίσθη
1600 1332 1688 1375 τοῖς
1708 1326 1752 1368 ἔκ
1787 1371 1790 1374 ,

223 1389 473 1445 ΒΓεννούας
506 1397 735 1449 Λατίνοις,
781 1396 1114 1454 προσεληλυθόσι
1134 1395 1346 1458 ,πρότερον
1376 1400 1436 1455 τῷ
1459 1400 1542 1439 τῶν
1569 1399 1752 1440 Σκυθῶν

265 1463 430 1523 ἡγεμόνι
473 1466 540 1507 καὶ
577 1465 623 1508 τὸ
665 1463 881 1521 ἐνδόσιμον
910 1465 1121 1525 εἰληφόσιν
1147 1469 1316 1512 ἐκεῖθεν.
1353 1463 1503 1522 ἥκιστά
1526 1483 1568 1523 γε
1585 1465 1670 1522 μὴν
1695 1463 1752 1516 ὥς

268 1535 345 1591 ἕχει
365 1533 543 1593 τήμερον
564 1537 722 1591 τείχους
747 1534 852 1591 ὅμοῦ
873 1539 940 1580 καὶ
963 1538 1168 1594 μεγέθους
1189 1537 1318 1589 εὐθὺς
1341 1536 1520 1580 ἔκτισται
1541 1537 1584 1587 ἐξ
1604 1535 1748 1592 ἀρχῆς,

265 1605 372 1658 ἆλλᾲ
399 1603 548 1664 τάφρῳ
579 1608 647 1648 καὶ
675 1604 851 1662 σκόλοψι
872 1606 1033 1664 βραχύν
1064 1626 1156 1652 τινα
1180 1613 1321 1666 χῶρον
1353 1605 1565 1666 ὁρίσαντες
1600 1605 1794 1661 ἀτείχι-Ξ(

265 1692 364 1719 στον
393 1674 524 1735 ᾤκουν
548 1674 696 1720 αὐτόν·
734 1676 868 1734 ἠρέμα
890 1677 946 1720 ’δ’
980 1677 1118 1722 ἔπειτα
1137 1681 1204 1722 καὶ
1233 1677 1341 1722 κατὰ
1369 1676 1507 1735 βραχὺ
1534 1674 1752 1733 προϊόντος

265 1749 341 1788 τοῦ
374 1742 527 1803 χρόνου
565 1747 712 1797 λίθους
740 1746 783 1790 ἔκ
815 1765 859 1790 τε
892 1752 966 1805 γῆς
994 1750 1062 1791 καὶ
1098 1747 1316 1805 θαλάττης
1351 1748 1585 1803 κομίζοντες
1620 1746 1751 1796 οΐκίας

268 1813 308 1865 ἴς
343 1832 385 1857 τε
416 1812 572 1866 πλάτος
601 1818 668 1859 καὶ
694 1821 827 1873 μῆκος
854 1816 1117 1878 ᾠκοδόμουν,
1160 1819 1265 1877 πρὸς
1296 1817 1426 1862 πολὺν
1451 1816 1524 1860 τὸν
1555 1816 1658 1874 ἀέρα
1678 1815 1751 1859 τὸν

227 1883 424 1943 Οὗροφον
459 1884 730 1943 ἀναφέροντες
745 1901 755 1911 ·
804 1886 860 1938 ὥς
889 1889 931 1931 ἓν
954 1893 1106 1947 βραχεῖ
1130 1893 1190 1950 τῷ
1214 1887 1355 1950 χρόνῳ
1379 1888 1567 1937 πλείονος
1591 1885 1617 1943 ἢ
1643 1885 1751 1929 κατὰ

358 1973 411 2008 11.
434 1976 514 2015 τοῖς
537 1974 776 2021 βουλομένοις
798 1975 887 2011 coni.
910 1976 1012 2014 Boiv.

267 2041 360 2076 muni
380 2042 514 2088 pridem
538 2044 623 2079 scito
650 2058 691 2080 ac
718 2046 858 2082 decreto
888 2059 1005 2083 eorum
1030 2046 1243 2094 reipublicae
1266 2046 1492 2083 saluberrimo
1520 2048 1660 2081 cautum
1686 2048 1752 2086 est,

266 2093 307 2123 ut
324 2089 464 2125 foedera
482 2096 518 2125 et
538 2092 703 2127 amicitias
721 2093 868 2139 iungant
887 2107 960 2130 cum
982 2095 1174 2130 rectoribus
1195 2107 1310 2130 earum
1335 2094 1469 2129 urbium
1496 2093 1752 2132 maritimarum,

266 2147 488 2182 quascunque
514 2140 677 2174 commodi
700 2144 735 2174 et
755 2142 798 2176 ab
816 2153 958 2177 accessu
975 2148 1155 2177 ventorum
1180 2142 1295 2177 securi
1315 2147 1438 2188 portus
1458 2139 1675 2175 circumfusis
1695 2138 1752 2173 vel

267 2182 494 2218 allabentibus
512 2185 613 2220 maris
633 2186 792 2222 fluctibus
817 2188 959 2223 alluunt.
1006 2189 1097 2224 Nam
1117 2201 1194 2224 cum
1215 2189 1259 2224 ad
1282 2201 1324 2224 ea
1352 2189 1429 2223 loca
1459 2187 1636 2234 appellere
1661 2197 1753 2220 mer-

267 2240 397 2275 cesque
415 2231 485 2265 illic
504 2232 615 2267 dando
634 2234 903 2281 accipiendoque
922 2239 1058 2271 mutare
1076 2248 1136 2271 eos
1157 2248 1298 2272 necesse
1316 2236 1375 2277 sit,
1398 2247 1464 2270 non
1479 2234 1574 2281 prius
1590 2234 1626 2268 id
1647 2232 1751 2267 facile

266 2287 344 2310 esse
364 2283 590 2331 primvm-unt,
615 2292 714 2325 quam
734 2281 764 2315 si
783 2283 908 2317 amicos
926 2283 994 2317 sibi
1012 2284 1170 2318 facerent
1188 2295 1247 2319 eos
1268 2282 1457 2330 principes,
1481 2281 1605 2328 quibus
1621 2290 1751 2326 oppor-

267 2325 373 2376 tunae
392 2324 471 2358 illae
492 2325 659 2361 stationes
677 2328 839 2374 propriae
855 2329 1073 2375 obtigissent.
1107 2331 1179 2365 Ubi
1196 2331 1317 2377 itaque
1333 2330 1576 2376 promiserunt,
1594 2327 1753 2371 vectiga-

262 2366 314 2423 lia
333 2381 370 2404 se
388 2371 570 2414 soluturos,
594 2380 722 2419 quanta
739 2379 776 2410 et
795 2376 910 2422 qualia
930 2377 1093 2423 utrinque
1110 2378 1321 2419 convenerit,
1347 2381 1383 2411 et
1402 2388 1444 2411 ea
1465 2387 1553 2421 quae
1574 2374 1649 2408 usui
1670 2373 1752 2414 sint,

265 2415 493 2470 undecunque
512 2419 669 2462 advecta,
693 2421 802 2457 libere
822 2423 954 2457 emendi
976 2425 1107 2470 copiam
1131 2425 1274 2460 cuilibet
1290 2424 1455 2464 facturos,
1479 2426 1584 2467 atque
1604 2421 1654 2454 ita
1674 2431 1753 2454 cer-

263 2465 324 2517 hs·
332 2463 469 2508 legibus
496 2465 610 2501 datam
637 2467 809 2504 licentiam
841 2476 1050 2517 acceperunt
1063 2497 1074 2514 ,
1098 2471 1291 2507 diversoria
1310 2474 1346 2505 et
1368 2470 1532 2504 tabernas
1553 2468 1751 2508 aedificant,

265 2509 325 2542 ubi
347 2510 470 2546 sedere
489 2511 558 2557 ipsi
582 2514 716 2559 possint
733 2519 769 2550 et
785 2516 963 2561 habitare,
989 2522 1026 2552 et
1043 2519 1232 2564 apothecas
1255 2517 1434 2563 capiendis
1460 2515 1630 2550 mercibus
1650 2525 1753 2561 pares

263 2552 404 2591 habere.
453 2558 555 2604 (ΙΙΙ.)
581 2560 622 2595 In
639 2562 728 2596 hunc
745 2562 879 2598 modum
900 2568 937 2598 et
956 2564 1028 2606 ina,
1042 2577 1144 2611 quam
1165 2565 1324 2606 diximus,
1345 2564 1429 2598 urbs
1449 2568 1529 2597 ante
1555 2572 1661 2597 annos
1685 2571 1753 2594 non

264 2601 387 2636 multos
404 2604 549 2640 fundata
568 2610 621 2641 est
640 2620 661 2642 a
680 2609 818 2643 Latinis
835 2611 1090 2654 Genuensibus‚
1118 2616 1301 2657 postquam
1319 2621 1441 2655 nempe
1460 2609 1669 2654 Scytharum
1687 2606 1754 2640 du-

205 2691 209 2694 ·
265 2658 338 2682 cem
358 2652 608 2704 convenissent,
632 2657 667 2688 et
684 2655 884 2691 facultatem
906 2658 950 2697 ab
968 2669 1008 2692 eo
1030 2659 1257 2704 accepissent.
1305 2657 1387 2692 Non
1403 2662 1516 2691 tamen
1535 2660 1572 2690 et
1592 2654 1698 2689 muris
1718 2657 1755 2687 et

265 2697 512 2740 magmtudme,
535 2703 574 2733 ut
589 2712 680 2735 nunc
699 2713 737 2736 se
757 2702 876 2746 habet,
896 2704 948 2738 ita
969 2705 1085 2739 statim
1105 2706 1149 2740 ab
1169 2705 1266 2739 initio
1286 2705 1432 2738 fundata
1450 2707 1515 2737 est.
1553 2701 1625 2736 Sed
1645 2702 1754 2735 breve

265 2740 434 2786 quoddam
456 2745 533 2790 agri
551 2747 698 2791 spatium
718 2748 815 2783 fossa
839 2754 876 2784 et
892 2750 983 2785 vallo
1004 2763 1078 2785 cum
1102 2751 1339 2793 definiissent,
1363 2749 1564 2785 habitavere
1580 2748 1652 2783 illic
1674 2747 1755 2781 abs-

264 2798 332 2832 que
349 2790 464 2824 muris.
510 2792 728 2828 pedetentim
747 2794 873 2830 deinde
891 2800 927 2831 et
943 2797 1131 2842 paulatim,
1156 2797 1366 2845 procedente
1385 2802 1558 2842 tempore,
1581 2793 1755 2841 lapidibus

262 2836 357 2868 terra
377 2846 419 2869 ac
438 2837 523 2871 mari
541 2840 738 2882 convectis,
761 2841 797 2875 in
817 2841 923 2877 latum
943 2847 979 2878 et
1001 2844 1138 2889 longum
1159 2844 1404 2886 aedificarunt,
1428 2846 1525 2878 tecta
1546 2842 1624 2887 ipsa
1643 2840 1680 2874 in
1705 2839 1756 2873 al-

262 2883 333 2915 tum
349 2881 568 2928 attollentes3
591 2886 642 2920 sic
664 2891 702 2922 ut
717 2887 837 2923 furtim
855 2890 932 2935 plus
950 2890 1057 2936 spatii
1075 2902 1175 2938 quam
1196 2891 1263 2927 sibi
1281 2891 1398 2926 datum
1415 2890 1535 2925 fuerat
1551 2887 1651 2924 brevi
1669 2890 1755 2922 tem-
