1794 3172
263 142 288 191 1
299 143 322 190 1
334 142 395 191 16
671 148 989 195 NICEPHORI
1014 147 1339 194 GREGORAE

42 263 79 305 A.
95 269 141 305 Μ.
159 269 250 307 6859
263 261 413 317 ἐξεμεῖν
438 259 639 316 λογαρίων
668 258 711 310 ἓξ
746 255 999 316 αὐτομάτου.
1050 257 1162 315 ὅμως
1187 257 1308 302 ἱκανὰ
1337 258 1404 302 καὶ
1428 259 1549 302 ταυτὶ
1575 264 1663 309 τοῖς
1683 258 1732 302 τὸ

99 319 169 352 1¹¹⁶·
187 315 211 352 4
224 330 446 397 Fovmffbg
468 330 695 372 ἀδέκαστον
715 329 937 387 τρέφουσι,
971 331 1101 380 δεῖξαι
1115 343 1126 353 ·
1184 327 1278 387 (Δ.)
1304 330 1485 387 Πρῶτον
1503 329 1591 382 μὲν,
1624 327 1733 378 ὅπως

113 411 155 446 V.
173 380 343 458 564ιίοῦχ
372 398 418 442 ἓν
446 396 547 442 εἶναι
582 400 812 455 δογματίζει
848 398 897 443 τὸ
928 403 1088 454 πνεῦμα
1120 396 1168 442 τὸ
1203 397 1339 455 ἅγιον,
1377 397 1426 441 οὗ
1455 396 1607 453 μεντᾶν
1635 396 1731 440 οὐδ’

261 467 366 513 ἑπτά
383 486 503 512 τινων
521 466 566 510 (ἐν
575 501 589 522 ,
629 467 736 511 ἀλλὰ
753 472 836 512 τῶν
852 485 895 525 γε
915 466 1017 525 ’ὅπερ
1035 468 1088 511 τὰ
1107 465 1453 523 ἑβδομηκοντάκις
1470 464 1586 510 ἑπτά.
1622 463 1734 510 Δεύ-

258 556 376 595 τερον
398 537 459 591 δ’,
494 536 605 588 ὅπως
624 538 667 580 ἐν
693 536 855 589 τούτοις
877 536 925 581 οὗ
945 539 1103 595 φρίττει
1125 535 1361 592 διαβάλλων
1382 534 1454 579 τόν
1473 553 1516 579 τε
1537 535 1665 593 μέγαν
1689 536 1763 579 ε’ν5

259 607 456 667 θεολογίᾳ
486 610 527 650 Γ
523 605 714 665 ρηγόριον
723 639 737 660 ,
778 609 846 650 καὶ
875 605 963 662 ἅμα
993 611 1076 650 τῶν
1098 607 1225 650 θείων
1247 606 1735 663 εὖαγγελιστῶν-Λουκᾶν

111 691 152 726 P.
172 690 242 726 700
265 679 332 721 καὶ
354 679 588 720 Ματθαΐον
598 709 611 729 ,
649 673 853 720 δάκτυλον
876 681 981 720 θεοῦ
999 675 1058 733 μὴ
1080 676 1127 719 τὸ
1150 680 1310 731 πνεῦμα
1330 675 1377 719 τό
1400 673 1514 732 ἅγιον
1530 675 1734 731 λέγοντας,

260 746 356 790 ἀλλ’
394 746 531 803 ἕτερον
561 749 636 801 τῆς
677 745 821 796 οὐσίας
856 747 925 789 καὶ
959 746 1059 801 μίαν
1089 750 1172 789 τῶν
1203 745 1380 802 ἀπείρων
1421 746 1490 787 καὶ
1524 741 1736 801 διαφόρων

263 817 471 873 ἐνεργειῶν
499 814 712 872 ἐνέργειαν.
763 817 916 873 Τρίτον
936 817 962 858 δ
967 815 980 831 ³
986 848 999 869 ,
1037 814 1148 866 ὅπως
1165 815 1321 870 μεταξὺ
1341 818 1445 857 θεοῦ
1466 815 1533 856 καὶ
1560 813 1737 870 ἀγγέλων

261 882 402 929 καινόν
422 901 462 928 τι
481 885 549 928 καὶ
566 885 671 927 ἴδιον
692 884 894 929 ἀκτίστων
913 886 1056 941 τίθησι
1075 885 1188 942 γένος
1208 886 1412 941 ἐνεργειῶν
1419 916 1433 937 ,
1464 881 1738 940 λαμπρότητα
1750 889 1794 924 10

262 958 368 999 θεοῦ
388 955 456 997 καὶ
481 958 571 1011 φῶς
596 952 778 1012 ἄρρητον
807 952 1016 1010 ὀνομάζων
1027 987 1041 1008 ,
1079 956 1121 997 ἐν
1142 952 1203 1004 οἷς
1223 956 1290 997 καὶ
1311 953 1383 997 τὸν
1404 953 1532 1009 μέγαν
1563 950 1739 999 διαβάλ-

263 1028 322 1067 λει
347 1020 594 1076 Διονύσιον,
631 1031 865 1082 συμφωνεῖν
887 1024 1016 1068 αὗτόν
1034 1021 1148 1082 αὗτῷ
1173 1020 1531 1082 προβαλλόμενος,
1569 1021 1610 1072 ἴς
1626 1015 1669 1078 γε
1689 1020 1737 1064 τὸ

227 1090 446 1149 Βόίναρχόν
479 1110 522 1135 τε
552 1093 619 1135 καὶ
648 1092 839 1137 ἄκτιστον
861 1092 961 1137 εἶναι
977 1093 1091 1151 γένος
1109 1095 1237 1137 τουτί.
1294 1092 1506 1149 Τέταρτον
1529 1091 1590 1144 δ’,
1630 1090 1741 1140 ὅπως

268 1161 352 1221 ὅτῳ
375 1161 472 1204 ποτ’
501 1160 737 1218 ἀνθρώπων
760 1162 937 1222 ἇκτίστῳ
957 1180 999 1220 γε
1020 1163 1063 1206 ἐκ
1082 1167 1157 1206 τοῦ
1182 1162 1326 1218 σχεδὸν
1346 1162 1531 1205 ἐθέλοντι
1551 1162 1740 1216 γίνεσθαι

265 1233 335 1275 καὶ
378 1227 544 1290 ἀνάρχῳ
581 1230 736 1292 ῥᾷστον
769 1234 836 1276 καὶ
876 1230 932 1283 ὥς
965 1233 1028 1275 ἐπὶ
1063 1236 1247 1289 πρανοῦς
1277 1233 1427 1284 εἷπεΐν,
1465 1232 1507 1281 ἐξ
1536 1228 1740 1286 ἀφθόνων
1756 1238 1794 1274 15

266 1302 335 1344 καὶ
354 1297 601 1358 ἀπορῥήτων
625 1305 766 1358 πηγῶν
782 1301 973 1360 ἀψοφητὶ
989 1301 1323 1359 καταφερομένου
1345 1304 1419 1344 τοῦ
1443 1304 1517 1356 τῆς
1536 1297 1742 1355 τοσαύτης

262 1371 461 1427 χορηγίας
492 1367 708 1427 ῥεύματος.
766 1371 988 1426 Πέμπτον,
1035 1369 1098 1416 ὅτι
1128 1371 1176 1414 τὸ
1206 1368 1509 1427 ἡτοιμασμένον
1549 1368 1742 1412 ἄκτιστον

230 1440 522 1495 Οδογματίζει,
564 1436 619 1489 ῶς
640 1440 829 1484 ἐντεῦθεν
848 1438 1025 1497 ἀνάγκην
1045 1438 1146 1483 εἶναι
1164 1441 1256 1493 καὶ,
1294 1438 1316 1483 ὃ
1345 1444 1404 1499 τῷ
1424 1436 1607 1497 διαβόλῳ
1627 1436 1744 1493 ἡτοί-

267 1523 375 1564 μασε
395 1511 477 1565 πῦρ
500 1505 663 1563 ὃθεός,
702 1509 893 1553 ἄκτιστον
914 1508 1026 1553 εἶναι.
1064 1511 1150 1553 Καὶ
1177 1507 1264 1564 ἅμα
1290 1509 1426 1562 ἕκτον,
1464 1506 1576 1558 ὅπως
1595 1507 1642 1550 οὗ
1662 1505 1743 1562 μό-
1776 1566 1780 1570 ι

266 1595 341 1622 νον
370 1577 447 1628 τὰς
475 1576 693 1629 ἀκτίστους
718 1577 873 1630 ταύτας
900 1580 1097 1638 ἐνεργείας
1118 1579 1274 1629 πολλὰς
1293 1580 1360 1622 καὶ
1382 1576 1610 1635 διαφόρους
1639 1575 1794 1622 εἶναι’20

268 1663 421 1704 φησιν,
461 1645 568 1689 ἀλλὰ
586 1650 654 1691 καὶ
672 1648 748 1700 τὰς
773 1656 879 1707 τρεῖς
899 1654 973 1706 τῆς
991 1650 1114 1700 θείας
1135 1647 1298 1706 φύσεως
1317 1645 1563 1697 ὑποστάσεις
1585 1646 1743 1696 πολλὰς

268 1717 336 1759 καὶ
351 1713 580 1774 διαφόρους
599 1715 700 1762 εἶναι
723 1723 947 1775 νομοθετεῖ
951 1732 962 1743 ·
998 1720 1066 1762 καὶ
1086 1715 1234 1777 μικρόν
1257 1735 1296 1762 τι
1315 1717 1489 1775 συγχέας
1519 1716 1592 1760 τὸν
1621 1714 1743 1773 λόγον

363 1802 398 1838 4.
421 1802 539 1849 μόνον
559 1803 608 1839 al.

271 1872 371 1907 Haec
387 1877 501 1908 tamen
517 1873 581 1916 iis,
606 1873 665 1920 qui
687 1874 853 1910 sinceram
878 1874 1179 1922 incorruptamque
1202 1874 1360 1911 nutriunt
1384 1873 1648 1916 conscientiam,
1673 1873 1748 1907 suf-

271 1919 412 1961 ficiunt,
447 1924 486 1954 ut
508 1919 773 1956 demonstretur:
818 1922 919 1966 (IV.)
943 1923 1117 1965 Primum,
1141 1923 1309 1969 quomodo
1335 1933 1403 1956 non
1431 1933 1530 1956 unum
1558 1933 1636 1956 esse
1664 1932 1745 1954 san-

273 1969 365 1999 ctum
390 1966 569 2010 spiritum,
594 1978 705 2012 neque
725 1970 854 2012 septem
875 1970 1125 2010 tantummodo;
1160 1969 1221 2003 sed
1247 1969 1326 2014 plus
1345 1969 1447 2002 etiam
1468 1967 1669 2013 septuagies
1689 1979 1745 2001 se—

274 2015 367 2057 ptem
399 2012 542 2056 spiritus
568 2025 645 2047 esse
670 2016 820 2055 statuat,
845 2025 987 2059 quorum
1011 2027 1100 2050 unus
1127 2016 1174 2050 sit
1201 2020 1341 2049 sanctus
1358 2014 1524 2060 Spiritus.
1572 2013 1746 2056 Secundo,

275 2068 346 2102 qua
367 2058 500 2092 ratione
519 2070 673 2103 magnum
690 2059 726 2093 in
744 2059 919 2104 theologia
939 2061 1148 2107 Gregorium
1164 2062 1295 2107 absque
1314 2062 1456 2095 horrore
1473 2061 1540 2094 ullo
1560 2059 1748 2094 calumnie-

273 2107 351 2145 tur,
375 2108 412 2137 et
441 2116 460 2138 e
486 2104 612 2139 divinis
640 2104 876 2149 Evangelistis
897 2106 1022 2141 Lucam
1055 2112 1090 2142 et
1120 2107 1354 2149 Matthaeum‚
1387 2107 1486 2152 quasi
1511 2106 1578 2140 Dei
1601 2106 1747 2151 digitum

274 2149 488 2197 appellarent
504 2163 571 2185 non
582 2156 732 2186 sanctum
741 2152 919 2196 Spiritum,
938 2154 999 2188 sed
1022 2153 1114 2188 aliud
1126 2154 1299 2200 quidpiam
1311 2165 1331 2187 a
1348 2153 1466 2187 divina
1482 2154 1688 2194 substantia,
1711 2156 1748 2186 et

274 2205 377 2230 unam
402 2197 633 2241 operationem
653 2209 696 2232 ex
715 2198 860 2232 infinitis
888 2210 928 2234 ac
955 2199 1124 2243 diversis,
1149 2212 1233 2245 quas
1261 2199 1416 2234 Palamas
1444 2199 1598 2240 inducit,
1623 2209 1748 2243 opera-

274 2242 439 2277 tionibus.
478 2243 633 2285 Tertio,
657 2245 824 2289 quomodo
843 2244 952 2280 Deum
971 2246 1061 2281 inter
1076 2251 1113 2281 et
1131 2247 1271 2291 angelos
1287 2257 1409 2280 novum
1426 2245 1595 2290 quoddam
1614 2250 1650 2278 et
1666 2255 1748 2290 pro-

275 2288 387 2334 prium
409 2299 518 2334 genus
550 2294 655 2335 ponat
676 2290 905 2326 increatarum
935 2292 1191 2339 operationum,
1224 2303 1309 2338 quas
1333 2291 1401 2326 Dei
1435 2292 1603 2337 fulgorem
1627 2295 1663 2325 et
1696 2291 1751 2324 lu-

216 2369 218 2371 ,
277 2345 354 2369 men
371 2334 548 2370 ineffabile
569 2336 730 2372 nominat.
775 2337 855 2379 Qua
873 2338 909 2372 in
928 2350 967 2373 re
984 2350 1140 2384 magnum
1157 2338 1360 2384 Dionysium
1377 2337 1625 2378 calumniatur,
1650 2346 1749 2381 quem

278 2380 345 2414 sibi
362 2380 565 2426 adstipulari
583 2382 761 2425 obtendit3
785 2384 905 2419 saltem
928 2391 1091 2431 quantum
1118 2385 1242 2420 attinet
1259 2385 1303 2419 ad
1325 2385 1390 2419 hoc
1413 2383 1603 2418 divinarum
1623 2394 1750 2428 opera-

277 2426 408 2461 tionum
427 2438 556 2472 genus,
580 2429 672 2473 quod
692 2429 854 2476 principii
874 2442 998 2477 expers
1014 2438 1118 2477 atque
1136 2431 1325 2465 increatum
1342 2442 1418 2464 esse
1438 2430 1598 2465 affirmat.
1632 2430 1750 2471 Quar-

278 2477 338 2516 to,
363 2474 529 2519 quomodo
553 2475 694 2509 cuilibet
713 2476 839 2510 homini
858 2478 963 2512 facile
984 2483 1107 2523 atque,
1139 2481 1179 2512 ut
1204 2477 1255 2511 ita
1282 2477 1422 2522 loquar,
1453 2476 1489 2510 in
1510 2475 1654 2522 proclivi
1672 2487 1749 2510 esse

279 2518 425 2561 doceat,
449 2524 511 2562 ut,
534 2521 632 2556 modo
651 2521 811 2565 voluerit,
834 2523 1008 2558 increatus
1023 2529 1059 2558 et
1079 2535 1203 2570 expers
1219 2523 1379 2569 principii
1396 2522 1511 2557 subito
1532 2523 1614 2564 fiat3
1640 2533 1750 2567 quan-

280 2564 465 2610 doquidem
486 2578 507 2600 e
526 2566 674 2612 copiosis
695 2572 800 2613 atque
821 2570 954 2604 arcanis
970 2570 1122 2605 fontibus
1141 2573 1259 2605 tantae
1285 2569 1537 2604 munificentiae
1556 2568 1652 2602 rivus
1669 2570 1749 2602 abs—-
1784 2600 1787 2602 a

280 2622 349 2656 que
369 2612 438 2647 ullo
457 2613 605 2659 strepitu
624 2619 812 2659 promanat.
861 2617 1013 2658 Quinto,
1031 2617 1122 2662 quod
1137 2621 1380 2662 praeparatum
1398 2620 1471 2657 est,
1495 2617 1562 2649 hoc
1575 2614 1678 2649 etiam
1695 2615 1749 2647 in-

281 2662 434 2692 creatum
461 2671 483 2693 a
503 2660 650 2694 *Palama
676 2660 891 2705 praedicari3
913 2663 1002 2698 adeo
1024 2662 1163 2698 utinde
1189 2662 1386 2697 necessario
1415 2661 1662 2702 concludatur,
1694 2659 1750 2694 in-

276 2708 434 2739 creatum
455 2717 532 2740 esse
548 2706 638 2740 illum
657 2717 793 2752 quoque
811 2708 943 2752 ignem,
966 2720 1065 2754 quem
1081 2709 1216 2743 diabolo
1235 2708 1330 2743 Deus
1347 2707 1581 2754 praeparavit.
1627 2706 1749 2747 Sexto,

281 2751 452 2794 quomodo
473 2763 540 2786 non
561 2753 667 2787 solum
681 2753 853 2788 increatas
877 2755 979 2790 hasce
999 2755 1218 2801 operationes
1245 2755 1369 2789 multas
1395 2759 1502 2800 atque
1525 2765 1546 2788 a
1574 2753 1642 2787 Dei
1668 2753 1750 2786 sub-

281 2795 410 2831 stantia
426 2797 606 2833 distinctas
625 2810 701 2834 esse
726 2804 882 2834 asserat:
906 2802 969 2836 sed
993 2802 1097 2837 etiam
1123 2806 1196 2836 tres
1222 2802 1362 2836 divinae
1378 2805 1523 2835 naturae
1545 2800 1750 2846 hypostases

281 2841 405 2877 multas
426 2848 464 2880 et
490 2855 511 2880 a
530 2844 648 2880 divina
670 2845 864 2882 substantia
882 2847 1062 2885 distinctas
1083 2859 1161 2884 esse
1187 2850 1337 2883 statuat:
1361 2850 1398 2883 et
1415 2847 1558 2883 confuso
1578 2844 1749 2893 paululum
