1754 3164
213 136 240 184 1
249 136 273 183 1
282 136 345 184 88
756 141 1240 189 ANNOTATIONES.

326 251 421 303 Pag.
455 250 560 298 176,
591 248 633 290 4.
683 245 811 289 ’Ἁλλα
839 246 941 303 μέρη
981 251 1058 291 τοῦ
1086 247 1260 304 Κέρως]
1305 249 1535 303 Interpres‚
1573 251 1616 291 in
1656 249 1750 292 aliis

216 305 368 345 Ceratis
393 304 590 360 partibus.
625 306 936 346 Emendav1mus
947 336 958 356 ,
989 308 1097 346 sinus
1129 305 1316 348 Ceratini.
1351 321 1532 347 DUCANG.

327 365 556 416 Pag.176‚
590 364 655 407 11.
710 359 822 405 Ἐπεὶ
852 362 897 406 δὲ
927 363 1028 413 ἔδει]
1060 364 1296 417 Pachymer.
1315 364 1388 407 lib.
1407 365 1509 406 Vffl.
1537 379 1624 419 cap.
1646 370 1684 410 6.
1710 370 1750 409 7.

211 424 251 465 8.
272 424 310 463 9.
345 433 526 460 nummo.

327 481 422 531 Pag.
455 480 555 527 178,
585 480 654 520 21.
715 476 837 534 Παροῖ
865 481 939 531 τῆς
965 478 1255 543 κτητορίσσης]
1294 478 1327 517 Α
1349 478 1567 518 Theodora
1596 479 1754 520 scilicet

210 534 402 586 Eulogiae
432 534 640 573 Μ10113ὃ11ε
670 536 764 589 imp.
800 537 951 576 sororis
982 537 1089 588 filia,
1130 537 1244 575 cuius
1274 550 1396 590 supra
1425 543 1472 576 ut
1507 543 1547 576 et
1577 537 1686 575 aedis
1709 538 1750 578 S.

209 592 392 632 Andreae
414 593 462 630 ab
483 593 553 631 illa
576 594 761 633 conditae
783 595 964 634 meminit
983 609 1070 648 cap.
1095 597 1134 637 3.
1177 593 1281 633 Vide
1304 600 1513 650 praeterea
1533 593 1753 647 Pachyme-

209 663 296 689 rem
319 650 389 690 lib.
413 650 515 691 VIII.
530 664 617 703 cap.
640 655 703 694 10.
734 653 861 691 Porro
880 649 1076 707 κτήτορας
1096 657 1135 691 et
1155 653 1416 705 κτητορίσσας
1436 659 1585 692 vocant
1607 652 1753 691 Graeci

211 707 480 758 Memfim-es,
521 722 622 761 quos
649 710 779 749 nostri
808 708 1058 750 Fundatores
1088 717 1128 748 et
1157 707 1431 750 Fundatrices.
1481 709 1585 750 Vide
1621 711 1751 750 Gloss.

210 766 316 805 med.
340 766 515 806 Graecit.
552 780 730 808 nucANG.

328 826 423 877 Pag.
455 827 558 874 178,
587 828 656 867 22.
719 822 938 880 Φιλολόγος
966 821 1042 879 γὰρ
1072 818 1127 877 ἦν
1150 823 1180 878 ἦ
1209 821 1339 879 γυνὴ]
1370 823 1624 864 Theodoram
1652 825 1750 864 Pro-

211 881 484 920 tevestiariam
516 878 753 946 φιλολόγον,
793 881 874 922 hoc
902 889 962 922 est
987 882 1184 922 eruditam
1214 882 1359 933 fuisse,
1402 882 1522 921 docet
1552 883 1750 933 Glegoras

210 938 410 980 hocloco.
469 939 518 978 Id
534 940 652 979 etiam
679 947 850 979 testatul
866 940 1063 979 Maximus
1082 940 1313 979 Planudes
1303 954 1344 978 m
1358 940 1665 993 Epigrammatis
1684 954 1749 978 su·

211 1011 284 1049 pra
323 996 509 1036 laudatis.
567 999 744 1038 Eandem
776 999 900 1037 fuisse
931 994 1181 1062 φιλὸβιβλον,
1211 1004 1384 1049 arguunt
1412 998 1615 1051 Epistolae
1646 998 1751 1054 duae

210 1053 431 1107 Nicephori
462 1054 655 1107 charmi,
689 1071 790 1109 quae
831 1062 990 1096 exstant
1028 1057 1070 1094 in
1102 1056 1200 1094 Cod.
1232 1057 1327 1107 Reg.
1358 1055 1484 1098 2964.
1545 1056 1589 1094 ln
1619 1056 1750 1108 prhna

212 1109 336 1166 (quae
355 1111 592 1151 inscribitur
613 1112 634 1139 *
661 1118 712 1170 τῇ
740 1115 1095 1182 πρωτοβεστιαρίᾳ,
1125 1120 1164 1153 et
1185 1119 1245 1152 est
1269 1124 1435 1152 numero
1459 1114 1750 1165 septuagesima

211 1169 344 1228 sexta)
380 1167 483 1224 Ἐγω
515 1169 588 1223 μὲν
615 1156 870 1224 ἐβουλόμην,
899 1171 1034 1223 iuquit
1061 1156 1291 1220 ‘Cl1umnus‚
1325 1188 1380 1242 μη
1413 1167 1536 1223 μόνον
1567 1172 1748 1239 βιβλίων,

212 1228 273 1267 ὢν
302 1225 354 1280 δή
382 1227 549 1298 γέγονας
580 1228 624 1270 ἐν
653 1231 765 1301 χρείᾳ
794 1228 914 1280 ποτὲ,
945 1226 1044 1270 ὥστε
1073 1224 1320 1282 μεταδόντων
1348 1226 1470 1282 ἡμων
1494 1224 1633 1276 αὐτοῖς
1654 1224 1749 1281 χρή-

212 1290 386 1335 σασθαι,
423 1282 521 1326 οἷλλα
553 1301 597 1340 γε
627 1287 695 1327 καὶ
724 1283 905 1340 μεγάλων
941 1282 992 1340 δή
1024 1303 1146 1327 τινων
1175 1285 1339 1339 ἑτέρων,
1384 1285 1454 1326 καὶ
1481 1289 1618 1356 πολλῷ
1650 1289 1749 1339 μᾶλ-

211 1345 284 1383 λον
314 1339 343 1396 ἢ
372 1346 516 1384 ταῦτα
524 1345 667 1397 τιμίων
711 1344 850 1398 (εἴπερ
883 1342 977 1386 ἄλλο
1011 1361 1049 1385 τι
1082 1341 1160 1398 πρὸ
1189 1346 1269 1384 τῶν
1300 1340 1496 1384 τοιούτων
1531 1342 1639 1414 ημᾶς
1672 1340 1746 1397 χρὴ

211 1401 346 1453 τίμιον
383 1397 542 1456 λέγειν)
578 1398 762 1455 εὐπόρως
795 1402 908 1455 ἐχειν.
968 1398 1101 1443 πάντα
1140 1399 1215 1456 γοέρ
1232 1400 1421 1470 ἑτοίμως
1450 1398 1556 1442 καθ’
1591 1398 1653 1442 ὅτι
1681 1400 1749 1442 καὶ

212 1454 378 1511 βούλοιο
407 1461 568 1512 προῆκα
598 1463 796 1513 χρῆσθαι,
841 1458 896 1528 μὴ
927 1456 1163 1526 μεταδιδοὺς
1190 1455 1341 1512 μόνον,
1377 1454 1479 1499 ἄλλα
1510 1474 1554 1513 γε
1587 1458 1656 1500 καὶ
1685 1475 1754 1500 τε-·

211 1514 313 1562 λέως
351 1513 513 1566 διδους,
552 1517 622 1558 καὶ
661 1514 766 1558 οὕτω
800 1515 908 1571 μάλα
947 1513 1175 1589 προθύμως
1214 1513 1354 1565 διδους
1387 1515 1457 1556 καὶ
1493 1515 1645 1585 ἡδέως,
1695 1531 1748 1565 ως

212 1571 316 1627 μηδὲ
343 1574 521 1627 νομίζειν
553 1570 831 1626 αποκτᾶσθαι,
879 1579 1030 1629 μᾶλλον
1059 1573 1133 1628 μὲν
1166 1576 1242 1615 οὐν
1275 1573 1346 1615 καὶ
1384 1569 1564 1627 ἐσμένως
1593 1570 1622 1627 ἢ
1651 1570 1748 1627 πρό-

211 1646 330 1700 τερον
358 1630 427 1672 καὶ
458 1627 558 1685 μεθ’
596 1631 751 1686 ἡδονῆς
787 1636 977 1675 κτᾶσθαι.
1031 1632 1118 1674 ἐπεὶ
1148 1630 1191 1673 δὲ
1223 1649 1279 1685 μη
1316 1630 1390 1684 ε’χω
1427 1635 1512 1674 πᾶν
1549 1628 1648 1672 όσον
1680 1630 1748 1672 καὶ

213 1686 435 1742 βούλομαι,
466 1690 609 1748 ζημίαν
643 1689 834 1744 ἡγοῦμαι,
863 1691 932 1732 καὶ
962 1687 1141 1763 μεγάλην
1170 1688 1322 1742 ταύτην
1352 1691 1510 1741 ζημίαν,
1541 1684 1588 1730 οὕ
1617 1686 1660 1730 τὸ
1687 1689 1746 1731 ἒν-

212 1747 315 1795 δεως
347 1743 480 1788 αὐτων
512 1749 569 1788 ὠν
600 1748 704 1800 ε’φην
735 1748 855 1802 ἔχειν,
885 1746 986 1790 οἷλλα
1012 1747 1056 1791 τὸ
1085 1765 1139 1802 μη
1174 1747 1275 1800 ἔχειν
1306 1744 1466 1788 διδόναι
1491 1747 1556 1788 σοί
1583 1762 1627 1801 γε
1653 1747 1747 1816 βον-

211 1803 362 1875 λομένη
393 1806 612 1858 φιλοτίμως
645 1805 745 1860 ημῖν
774 1807 1006 1860 χαρίζεσθαι
1037 1805 1081 1848 τὸ
1115 1802 1215 1860 παρ’
1249 1820 1370 1872 ημων
1398 1801 1636 1859 λαμβανειν.
1695 1798 1747 1845 ού

213 1877 321 1929 μην
330 1859 422 1903 ἀλλ’
431 1859 594 1928 ἐπειδή
624 1880 694 1917 μοι
726 1880 852 1904 ταυτα
880 1881 982 1919 προς
1010 1865 1053 1905 σὲ
1079 1879 1175 1925 την
1184 1875 1422 1914 σοφωτατην
1458 1863 1527 1904 καὶ
1558 1862 1746 1912 διακριτι-

211 1935 398 1972 κωτατην
427 1916 510 1990 ἅμα
547 1919 709 1974 ψυχην,
753 1920 954 1975 οὕμενουν
990 1921 1099 1975 ημᾶς
1131 1917 1243 1974 οἶμαι
1279 1918 1419 1989 μέμψῃ
1455 1936 1529 1973 της
1559 1915 1745 1986 ἀπορίας,

211 1973 274 2018 ὅτι
299 1993 354 2049 μη
380 1974 419 2018 δ’
452 1974 566 2019 αὐτοὶ
596 1976 886 2032 προειλόμεθα·
919 1983 990 2032 τῆς
1020 1978 1063 2020 δὲ
1091 1979 1326 2045 προθυμίας
1357 1972 1651 2045 αποδεξαμένη,
1679 1993 1747 2030 χα-

214 2050 282 2087 ριν
313 2035 399 2092 είση
429 2038 504 2089 τῆς
522 2036 812 2107 προαιρέσεως.
843 2053 954 2092 καγω
986 2033 1024 2078 δ’
1056 2035 1235 2105 ὁμολογῶ
1266 2050 1385 2089 χαριν
1419 2033 1570 2087 ταύτην
1602 2030 1651 2075 ου’
1683 2051 1746 2087 μι-

212 2107 318 2145 κραν
348 2091 475 2145 ἔχειν,
509 2090 571 2134 ὅτι
599 2090 701 2147 παρ’
728 2094 854 2166 ημῶν
875 2097 1014 2149 λαβεῖν
1042 2090 1298 2148 η’βουλήθης.
1336 2091 1405 2133 καὶ
1433 2096 1535 2147 γοῦν
1565 2089 1664 2151 όπερ
1695 2087 1746 2132 εἷ-

213 2164 288 2218 χον
320 2146 442 2202 μόνον
471 2149 615 2203 πέμπω
645 2153 816 2205 βιβλίον,
844 2148 1136 2222 Ἀριστοτέλους
1166 2151 1351 2205 μετέωρα.
1381 2150 1462 2192 ε’στι
1493 2148 1566 2204 μὲν
1597 2151 1674 2191 οὐν
1702 2148 1746 2191 ἐν

214 2202 325 2275 αύτῷ
356 2207 424 2247 καὶ
455 2204 628 2249 ἄλλάττα
656 2226 738 2250 των
768 2210 947 2262 ἐκείνου,
997 2213 1055 2251 ὠν
1087 2206 1136 2251 ού
1166 2206 1241 2262 χρὴ
1273 2205 1494 2276 καταλογον
1523 2211 1744 2257 ποιεῖσθαι,

215 2260 346 2305 αὐτοῦ
375 2262 622 2316 δεικνύντος
635 2269 710 2308 τοῦ
739 2268 911 2322 βιβλίου.
943 2267 1024 2310 ε’στι
1045 2266 1088 2309 δὲ
1106 2266 1173 2308 καὶ
1202 2271 1257 2323 τῷ
1277 2262 1523 2321 Ἀλεξανδρω
1542 2263 1746 2317 πονηθέν-

213 2336 264 2362 τα
293 2337 374 2362 των
404 2319 612 2391 μετεώρων
641 2323 785 2366 ἕνεκεν.
824 2342 907 2367 των
937 2323 1011 2379 μὲν
1041 2327 1128 2367 οὐν
1146 2324 1190 2365 ἐν
1219 2326 1274 2380 τῷ
1302 2324 1444 2393 βιβλίῳ
1475 2338 1593 2377 χαριν
1623 2338 1746 2391 γραμ-

215 2375 353 2432 μάτων
384 2377 549 2431 φαύλως
578 2378 748 2434 ἐχόντων
772 2381 894 2451 (ὁρᾷς
923 2399 999 2438 γαρ
1029 2382 1083 2431 οἷς
1112 2366 1336 2445 ἔχουσιν)
1320 2379 1404 2435 οἶμα
1434 2378 1478 2421 δὲ
1506 2380 1575 2421 καὶ
1593 2382 1668 2420 τοῦ
1696 2394 1744 2420 τα

213 2438 340 2477 πλείω
371 2441 593 2508 σφαλερως
610 2438 723 2491 ε’χειν,
757 2436 917 2498 ἀμαθία
943 2443 1018 2482 τοῦ
1045 2447 1279 2507 γράψαντος
1308 2442 1381 2481 τοῦ
1411 2434 1544 2491 ὀρθοῦ
1572 2451 1747 2504 παρενη-

213 2493 410 2548 νεγμένα,
447 2491 527 2536 κᾶν
563 2491 770 2552 ᾐδέσθην,
810 2495 888 2539 κᾶν
926 2496 1123 2550 αἰσχύνην
1161 2492 1329 2565 ἐνόμισα
1367 2513 1414 2554 τη
1447 2491 1652 2550 φιλοκαλω
1683 2507 1744 2534 σοι

213 2550 313 2605 πρὸς
344 2550 448 2605 ὄψιν
490 2548 614 2606 μόνον
645 2553 815 2596 ἱκέσθαι.
871 2552 932 2597 ότι
961 2553 1001 2596 δ’
1033 2571 1075 2596 εν
1106 2567 1232 2594 πασιν
1269 2538 1401 2596 οὐδὲν
1421 2569 1502 2593 των
1538 2550 1645 2600 ἐκτὸς
1675 2553 1745 2603 ζη-

213 2613 296 2657 τεῖς
323 2609 392 2651 καὶ
419 2610 697 2665 φαινομένων,
730 2608 828 2653 ἄλλα
858 2629 983 2654 ταυτα
1010 2627 1083 2666 μεν
1111 2611 1181 2679 ἔας
1211 2610 1312 2664 ε’χειν
1342 2607 1552 2653 ὁπωσποτε
1581 2609 1650 2650 καὶ
1676 2623 1744 2649 πε-

215 2663 397 2717 φύκασιν
427 2667 549 2722 ε’χειν,
588 2667 652 2709 σοὶ
682 2664 724 2709 δ’
749 2667 845 2712 ι’ίλλο
872 2686 917 2712 το
951 2653 1297 2721 σπουδαζδμενον,
1337 2667 1436 2710 ὅσον
1467 2664 1621 2720 δηλαδη
1650 2679 1744 2713 νοος

214 2724 323 2765 ἴδιον
346 2724 414 2766 καὶ
442 2723 542 2779 πρὸς
569 2725 725 2767 ἐκεῖνον
754 2723 991 2783 οἷκραιφνως
1019 2727 1231 2795 διαβαίνει,
1258 2722 1404 2767 τούτου
1433 2722 1551 2779 χάριν
1580 2717 1744 2776 θαῤῥή-

214 2794 311 2832 σας,
349 2798 394 2824 το
432 2783 594 2837 βιβλίον
629 2782 786 2853 πέμπω.
833 2785 904 2826 καὶ
931 2787 1031 2840 γοῦν
1067 2798 1311 2839 γραμματων
1343 2781 1417 2836 μὲν
1452 2797 1533 2823 των
1562 2780 1607 2822 ἐν
1637 2777 1745 2835 αὐτῷ

215 2855 364 2896 μικρον
394 2841 636 2895 φροντίσεις.
684 2837 761 2884 ὅσα
788 2839 832 2884 δὲ
863 2842 932 2884 καὶ
959 2845 1033 2897 τῆς
1063 2841 1202 2892 λέξεως
1230 2843 1469 2896 πλημμελῶς
1498 2837 1596 2893 ἔχει,
1625 2845 1744 2893 προσ-
