1794 3172
269 143 374 192 740
682 144 997 193 NICEPHORI
1025 141 1349 190 GREGORAE

54 270 96 304 Α..
115 269 162 302 Μ.
179 260 508 318 6853ἀπέχεσθαι
532 256 690 303 τούτων
719 254 862 315 ἁπάσῃ
889 256 1075 313 σπουδῇ,
1113 252 1172 310 μὴ
1206 251 1313 308 μετὰ
1341 255 1416 297 τοῦ
1446 253 1665 312 ἀποτυχεῖν
1683 259 1760 312 τῆς

98 317 167 349 Iud·
184 315 230 352 13
273 329 511 388 βουλήσεως
548 331 615 372 καὶ
650 334 738 378 τοῖς
785 324 942 382 ὁμοίοις
980 327 1127 374 δεινοῖς
1162 322 1422 381 περιπέσωσι.
1463 330 1639 369 τοιαῦτα
1680 325 1758 382 γὰρ

111 397 114 402 ¹
273 401 456 460 ἔφασκον
474 398 574 443 εἶναι
593 398 647 442 τὰ
665 401 716 455 τῇ
733 397 917 452 βασιλίδι
936 392 1219 448 ἐντεταλμένα,
1248 394 1316 435 καὶ
1336 391 1424 448 ἅμα
1446 393 1635 453 ἀτάφους
1653 394 1760 438 κατὰ

274 468 492 525 θαλάττης
523 467 718 527 ριφέντας
746 465 907 524 τροφὴν
949 463 1106 521 ὀρνέοις
1141 463 1211 505 καὶ
1242 460 1386 518 ἰχθύσι
1408 465 1613 520 γενέσθαι.
1652 464 1760 507 ἀλλὰ

276 544 399 583 τοῦτο
431 538 507 593 μὲν
536 537 614 582 οὖκ
642 535 862 591 ἐτελέσθη,
902 534 1017 577 ἐνίων
1037 532 1113 589 τὴν
1145 535 1221 575 τοῦ
1256 535 1360 575 λαοῦ
1389 534 1573 592 κραυγὴν
1596 535 1663 577 καὶ
1681 533 1790 590 τὴν5

239 611 469 652 mmm-ev
498 607 708 664 λοιδορίαν
741 607 796 656 εἲς
827 604 901 655 τὰς
923 604 1073 659 ἐκείνης
1098 600 1392 659 ἀνενεγκόντων
1410 604 1562 657 ἀκοὰς,
1601 605 1669 647 καὶ
1690 603 1764 647 τὸν

276 675 564 736 ἀναφυόμενον
580 676 655 719 οὐκ
668 675 883 719 ἀκίνδυνον
901 671 1103 730 θόρυβον.
1142 671 1205 715 διὸ
1227 673 1294 715 καὶ
1314 674 1524 729 φιλοθέων
1543 673 1653 726 ἔνιοι,
1680 675 1763 716 δει-

276 749 370 791 λίαν
392 744 747 804 ἀποκρουσάμενοι
766 748 919 797 πᾶσαν,
959 742 1085 793 ἄλλος
1107 740 1234 785 ἄλλον
1251 741 1403 786 ἄλλοθι
1422 748 1500 800 τῆς
1517 748 1648 800 μονῆς
1671 742 1764 786 ἅνε-

276 816 442 873 λόμενοι
473 813 729 874 κατώρυξαν.
766 814 818 858 τὰ
845 812 889 856 δ’
924 813 988 855 ε’πὶ
1023 810 1186 862 τούτοις
1205 811 1315 855 ἔστιν
1336 811 1499 857 ἀκούειν
1528 813 1765 872 διαρκέστε-

280 905 353 944 ρον
375 886 513 930 ἄλλων
543 883 788 937 διεξιόντων.
843 881 957 941 (ΙΕ.)
989 882 1099 926 Ἐπεὶ
1133 882 1177 924 δ’
1203 879 1224 926 ὅ
1248 882 1291 925 ἔκ
1310 887 1388 938 τῆς
1414 884 1619 941 προτέρας
1639 880 1794 935 συζύ-1

149 966 191 1000 Ρ.
203 961 270 1000 465
282 974 356 1015 γου
381 960 545 1015 πρῶτος
555 953 811 999 Ἀποκαύκου
833 952 923 1003 υἱὸς
941 953 1162 1011 ἐπίτροπος
1183 947 1234 1008 ἦν
1258 957 1484 1007 τηνικαῦτα
1511 953 1767 998 Θεσσαλονί-

151 1035 359 1083 Ὑ.376κης
384 1028 453 1069 καὶ
482 1025 554 1069 τὸν
591 1029 667 1068 τοῦ
696 1022 853 1080 πατρὸς
887 1020 1017 1081 φόνον
1058 1020 1206 1078 ἀκήκοε
1216 1055 1230 1076 ,
1269 1021 1345 1078 τὴν
1374 1021 1540 1080 γνώμην
1576 1022 1704 1072 εὐθὺς
1725 1022 1768 1072 ἐς

284 1095 630 1152 Καντακουζηνόν
659 1098 901 1149 μεταθεῖναι
936 1093 1090 1151 κέκρικε
1119 1094 1226 1146 δεῖν,
1265 1093 1334 1134 καὶ
1355 1091 1443 1149 ἅμα
1467 1093 1691 1151 συμφέρειν
1712 1093 1769 1142 εἷς

284 1167 404 1224 ἔργον
423 1165 536 1224 αὐτῷ
564 1164 619 1208 τὰ
640 1168 715 1219 τῆς
740 1160 906 1220 γνώμης
927 1169 1192 1221 προενεγκεῖν..
1231 1159 1332 1205 ὅθεν
1360 1165 1428 1206 καὶ
1450 1161 1607 1221 τρόπον
1625 1161 1768 1205 λοιπὸν

286 1234 412 1292 ἐζήτει
422 1269 437 1289 ,
476 1235 535 1278 δι’
563 1228 615 1278 οὗ
649 1234 954 1289 Θεσσαλονίκην
982 1231 1033 1276 ἂν
1052 1232 1165 1290 αὐτῷ
1189 1233 1411 1290 παραδοίη.
1449 1229 1794 1291 προσεταιρισά-1

285 1322 406 1362 μενος
439 1300 513 1348 οὗν
545 1301 698 1347 ὁπόσον
719 1303 902 1361 ἔκκριτον
927 1297 979 1359 ’ἦν
1007 1306 1083 1358 τῆς
1117 1303 1423 1359 Θεσσαλονίκης
1449 1302 1522 1346 τὸν
1544 1302 1770 1358 Ἀθηναῖον

283 1381 463 1431 μιμεῖται
493 1375 796 1431 Πεισίστρατον
829 1373 897 1416 καὶ
935 1372 1012 1429 τὴν
1043 1372 1378 1417 Θεσσαλονικέων
1405 1377 1614 1431 χειροῦται
1643 1369 1771 1429 ἀκρό-

245 1448 427 1498 Βπολιν,
461 1443 523 1488 ἵν’
556 1445 711 1487 ἐκεῖθεν
742 1440 798 1494 ὥς
831 1443 875 1494 ἐξ
906 1439 1160 1500 ὅρμητηριόυ
1190 1445 1266 1498 τῆς
1297 1446 1480 1500 κεφαλῆς
1509 1441 1771 1499 κατατρέχων

284 1516 354 1558 καὶ
372 1513 419 1556 τὸ
439 1518 522 1558 πᾶν
543 1518 618 1570 τῆς
635 1511 791 1564 πόλεως
811 1513 855 1555 ἐκ
872 1517 948 1555 τοῦ
971 1510 1128 1573 ῥᾴστου
1149 1515 1271 1567 σῶμα
1294 1510 1494 1571 κατάσχῃ.
1533 1511 1627 1555 ἀλλ’
1652 1511 1772 1554 οὐδὲν

283 1588 362 1640 τῆς
385 1582 580 1639 τοιαύτης
608 1580 801 1626 ἀπώνατο
833 1582 1025 1633 ἐπινοίας.
1066 1583 1110 1626 αἳ
1138 1581 1216 1640 γὰρ
1237 1584 1427 1639 τραγικαὶ
1448 1586 1569 1640 κῆρες
1586 1585 1662 1625 τοῦ
1687 1590 1794 1624 nex-5

284 1653 408 1712 τρὸς,
441 1657 603 1709 μᾶλλον
637 1651 664 1708 ἦ
698 1652 861 1706 αὐτοῦ,
899 1652 975 1704 τὰς
1010 1650 1227 1710 παρούσας
1253 1657 1491 1710 περιφανῶς
1525 1651 1774 1708 ἀντέκρουον

286 1722 427 1779 τύχας.
464 1723 530 1767 διὸ
561 1723 630 1765 καὶ
651 1725 767 1766 δυοΐν
793 1720 958 1781 ἡμερῶν
985 1722 1140 1778 μεταξὺ
1163 1719 1426 1779 κηρύγματος
1453 1721 1671 1779 γενομένου
1696 1722 1772 1776 δη-

287 1797 485 1849 μοτικοῦ,
521 1789 670 1842 πάντες
698 1792 912 1844 ἐπεξέθεον
945 1792 1052 1835 κατὰ
1079 1791 1294 1847 ποταμοὺς
1325 1793 1388 1834 ἐπὶ
1420 1791 1496 1848 τὴν
1530 1789 1770 1849 ἀκρόπολιν,

290 1865 359 1907 καὶ
382 1862 430 1906 οὗ
461 1860 662 1922 πρότερον
689 1863 847 1907 ἐκεῖθεν
869 1862 1109 1920 ἀπέστησαν
1118 1895 1133 1917 ,
1168 1863 1264 1920 πρὶν
1297 1860 1374 1919 τὴν
1397 1859 1621 1922 ἀκρόπολιν
1652 1861 1774 1904 ἐκπο-

291 2020 359 2054 lum
379 2030 401 2053 a
414 2023 497 2054 voto
515 2020 737 2064 aberrarent,
758 2019 823 2056 sed
838 2021 874 2056 in
894 2020 1036 2057 similem
1055 2020 1283 2057 calamitatem
1304 2019 1376 2067 ipsi
1405 2032 1544 2067 quoque
1568 2018 1776 2055 inciderent.

292 2067 350 2101 Ea
367 2067 454 2100 enim
472 2067 700 2112 imperatricis
715 2068 876 2103 mandata
894 2081 972 2104 esse
990 2068 1226 2110 dictitabatur,
1251 2078 1341 2114 quae
1362 2071 1397 2102 et
1415 2068 1451 2102 in
1469 2079 1563 2103 mare
1581 2066 1776 2111 insepultos

290 2113 371 2153 illos
397 2113 521 2161 proii'ci
540 2114 715 2157 iussisset,
738 2115 890 2160 praedae
910 2115 1033 2150 avibus
1058 2127 1100 2150 ac
1125 2115 1278 2161 piscibus
1296 2115 1441 2149 futuros.
1488 2115 1722 2150 Veruntamen
1739 2111 1776 2145 id

293 2159 483 2206 perfectum
505 2172 570 2194 non
591 2166 664 2203 est,
690 2173 765 2196 cum
784 2162 900 2208 populi
918 2162 1097 2197 clamorem
1116 2166 1152 2196 et
1169 2161 1321 2196 convitia
1340 2161 1419 2196 hinc
1442 2162 1619 2207 profecta,
1645 2165 1681 2194 et
1698 2170 1777 2192 sur-

294 2210 433 2250 gentem
461 2218 527 2240 non
555 2206 628 2241 sine
656 2208 808 2252 periculo
840 2209 1038 2251 tumultum,
1077 2209 1217 2255 quidam
1245 2208 1289 2243 ad
1316 2208 1407 2242 illius
1437 2219 1539 2242 aures
1568 2206 1779 2242 retulissent.

295 2253 525 2293 Quamobrem
545 2258 581 2287 et
595 2254 747 2288 homines
767 2254 871 2301 aliqui
888 2255 1056 2300 religiosi,
1079 2255 1169 2290 omni
1187 2261 1278 2290 metu
1298 2267 1456 2297 excusso,
1483 2254 1570 2289 alius
1592 2253 1694 2288 alium
1712 2253 1779 2286 hac

293 2298 375 2332 illac
394 2310 455 2344 per
472 2303 580 2333 totum
598 2301 837 2335 monasterium
856 2302 1010 2336 sublatos
1027 2303 1225 2337 humavere.
1251 2302 1351 2343 Quae
1366 2313 1449 2336 vero
1466 2301 1549 2335 inde
1565 2303 1779 2344 consequuta

296 2349 399 2387 sunt,
424 2345 467 2379 ab
486 2346 563 2380 aliis
583 2347 714 2381 tradita
739 2347 873 2392 plenius
900 2348 1012 2394 accipi
1032 2354 1186 2394 possunt.
1233 2349 1350 2394 (XV.)
1374 2348 1514 2383 Interim
1535 2346 1666 2392 primus
1684 2347 1779 2391 Apo-

296 2391 397 2427 cauci
417 2403 460 2426 ex
479 2392 588 2438 prima
606 2404 711 2427 uxore
728 2393 839 2436 filius,
864 2406 938 2428 cum
954 2396 1223 2431 Thessalonicae
1248 2399 1427 2441 praeesset
1453 2399 1490 2429 et
1511 2393 1695 2428 violentam
1715 2403 1781 2437 pa-

295 2438 362 2474 tris
387 2442 531 2473 mortem
556 2439 779 2482 rescivisset,
811 2440 957 2475 animum
985 2442 1029 2476 ad
1056 2443 1332 2477 Cantacuzenum
1358 2441 1473 2476 statim
1500 2440 1780 2475 transferendum

294 2484 364 2520 sibi
381 2497 458 2520 esse
475 2484 663 2528 indicavit3
687 2486 854 2532 simulque
878 2488 1044 2532 expedire
1066 2489 1234 2531 credidit,
1258 2489 1295 2524 id
1318 2489 1407 2534 quod
1431 2488 1467 2522 in
1485 2487 1596 2521 animo
1624 2486 1781 2526 haberet,

295 2543 337 2567 re
355 2531 434 2577 ipsa
451 2538 644 2577 praestare.
690 2533 745 2566 Ex
765 2545 807 2567 eo
828 2533 947 2578 itaque
972 2536 1088 2581 coepit
1108 2535 1285 2577 meditari,
1309 2546 1377 2580 qua
1397 2534 1534 2569 ratione
1552 2531 1783 2568 Thessaloni-

295 2590 370 2613 cam
389 2578 438 2612 illi
455 2578 647 2613 traditurus
665 2579 769 2614 foret.
815 2579 1036 2615 Lectissimos
1051 2582 1163 2627 igitur
1179 2593 1333 2628 quosque
1342 2579 1703 2617 Thessalonicensium
1722 2589 1782 2612 so-

295 2625 372 2660 cios
391 2625 461 2659 sibi
478 2625 657 2671 adiungit,
682 2630 729 2667 et,
747 2625 986 2661 Atheniensem
1008 2628 1102 2663 illum
1118 2628 1271 2663 imitatus
1288 2628 1527 2669 Pisistratum,
1552 2637 1664 2661 arcem
1687 2625 1783 2659 urbis

295 2671 451 2713 invadit,
474 2676 514 2706 ut
529 2672 636 2717 capiti
654 2672 865 2714 incumbens,
890 2678 925 2707 et
943 2673 1024 2708 inde
1042 2679 1204 2720 tanquam
1221 2676 1265 2710 ab
1282 2675 1434 2709 statione
1452 2685 1650 2712 excurrens,
1673 2672 1783 2717 ipsum

301 2729 438 2763 quoque
456 2718 611 2753 civitatis
625 2730 750 2764 corpus
765 2722 872 2753 totum
890 2730 933 2753 ex
952 2719 1046 2756 sacili
1063 2721 1252 2758 contineat.
1293 2721 1364 2755 Sed
1381 2721 1508 2755 nullum
1527 2718 1662 2755 consilii
1682 2718 1784 2752 huius

299 2765 449 2799 fructum
467 2765 636 2812 percepit.
682 2765 837 2810 Tragica
853 2765 941 2799 enim
964 2767 1094 2811 patris,
1118 2768 1232 2813 potius
1253 2780 1351 2814 quam
1373 2767 1502 2813 ipsius,
1526 2767 1599 2801 fata
1621 2776 1784 2811 praesen-

302 2815 373 2849 tem
402 2811 572 2846 fortunam
597 2812 780 2847 manifeste
804 2811 1029 2856 repellebant.
1076 2813 1200 2860 ltaque
1221 2815 1359 2849 biduum
1377 2814 1470 2849 intra
1487 2812 1702 2860 promulgato
1721 2822 1784 2857 po-

303 2857 418 2904 pulari
432 2857 592 2903 decreto,
617 2859 661 2895 ad
683 2870 795 2895 arcem
816 2870 931 2894 omnes
956 2860 1122 2896 undarum
1145 2861 1256 2898 instar
1277 2865 1482 2905 accurrunt;
1504 2871 1570 2896 nec
1590 2858 1686 2907 prius
1704 2858 1786 2892 inde
