1794 3172
308 159 623 206 HISTORIAE
652 159 1025 206 BYZANTINAE
1046 158 1192 206 XXII.
1219 162 1263 208 4.
1382 151 1515 201 1077

42 276 247 329 λεχθεῖσιν
273 268 371 327 ἦμῒν
406 271 679 327 ἐντετυχηκώς
706 271 768 328 εἴη
781 304 795 326 ,
833 270 951 330 ἴργον
981 263 1258 327 εἶκονομάχων
1286 265 1445 327 εὗρῆσει
1464 268 1512 313 τὸ
1526 278 1566 310 Α.
1584 278 1623 310 c.
1645 275 1735 312 1351

3 335 9 338 y
41 340 394 386 σπουδαιότατον·
431 341 533 397 λέγω
561 341 612 396 δὴ
641 341 690 385 τὸ
720 346 772 399 τῇ
803 358 846 398 γε
881 345 957 384 τοῦ
981 345 1167 403 σωτῆρος
1196 325 1737 406 μεταμορφώσειιᾚὲἕξέψ

40 416 259 469 καταφυγῇ
287 415 516 469 κεχρῆσθαι
541 413 743 469 προχείρῳ
774 415 850 467 τῆς
882 409 1040 454 ἀτόπου
1070 411 1216 460 κακίας
1246 408 1390 454 αὐτοῦ.
1445 410 1552 452 scails*

42 479 177 524 πάντα
208 481 352 524 λοιπὸν
383 478 652 536 διεξήλθομεν
682 479 764 536 ἤδη
799 482 866 523 καὶ
897 480 967 523 ἐπ’
1003 479 1155 523 αὗτῶν·
1177 477 1419 536 ἀποτάδην,
1459 477 1515 530 ὥς

11 551 234 608 5ἇνωτέρω
256 568 337 594 που
361 550 585 606 γέγραπται
607 549 714 593 καθ’
738 549 890 592 ἕκαστα
913 547 1012 606 ἡμῖν
1027 563 1037 573 ·
1073 550 1140 593 καὶ
1162 547 1223 599 οἷς
1250 548 1335 592 ἔστι
1360 552 1515 603 βουλο-

38 620 201 677 με’νοις,
239 618 391 671 ἔξεστιν
421 618 586 663 ἐπιέναι.
641 617 850 676 Δεύτερον
883 619 924 662 δ’
961 619 1074 678 αὐτῷ
1101 619 1349 676 κακουργίας
1376 617 1517 674 μηχά-

39 708 149 746 νημα
171 688 278 732 κατὰ
307 692 392 733 τῶν
422 686 705 744 ἀπειροκάλων
717 722 731 742 ,
768 687 795 745 ἢ
820 693 980 742 μᾶλλον
1009 687 1115 731 κατὰ
1134 692 1208 743 τῆς
1228 689 1337 738 ἰδίας
1356 691 1511 744 ψυχῆς,

39 757 273 816 ἐξεύρηται·
310 758 491 816 κουρέων
520 759 661 814 δίκην,
695 756 968 813 παμπόλλους
999 757 1077 800 ἀντὶ
1100 761 1181 800 πᾶν
1211 756 1302 808 ἔτος
1327 756 1514 814 συνάγειν
1536 762 1580 800 Ρ.
1598 763 1669 801 677

40 830 97 879 εἷς
114 827 162 871 τὸ
186 836 370 885 κουρεῖον
402 827 554 882 αὐτοῦ,
588 825 732 871 ὁπόσοι
765 828 868 885 πρὸς
897 827 946 871 τὸ
971 827 1070 878 ’ς’ἕειν
1095 828 1164 869 καὶ
1192 826 1350 882 τέμνειν
1382 826 1518 885 πεφύ-

0 909 29 943 ,0
40 915 160 942 κασιν
186 897 345 953 ἔχοντες
373 896 557 954 εὐφυῶς,
603 899 672 940 καὶ
702 894 959 954 γραμμάτων
988 893 1239 954 γράμματα,
1277 898 1346 940 καὶ
1377 896 1516 955 φύλλα

39 966 208 1025 φύλλων
239 964 545 1020 ἀλλάττεσθαι,
582 967 676 1021 ἵνα,
707 971 791 1010 τῶν
809 963 1086 1024 ἀντιῤῥτῖσεων
1113 965 1256 1016 αὐτοῖς
1275 970 1515 1024 προβαλλο-

37 1038 195 1093 μένων,
235 1035 291 1087 ὦς
322 1035 627 1091 διαβάλλοντας
647 1036 762 1092 παρὰ
785 1040 946 1094 φαῦλον
978 1037 1021 1078 ἐκ
1050 1039 1126 1078 τοῦ
1160 1033 1317 1096 ῥᾴστου
1347 1041 1515 1092 ποιῆται

36 1107 135 1156 τοὺς
155 1106 438 1163 ἀντιλέγοντας
451 1119 462 1130 ·
498 1103 555 1156 ὥς
574 1103 839 1162 ἀπαγορεύειν
855 1105 953 1156 τοὺς
973 1103 1224 1158 διώκοντας,
1259 1103 1410 1160 ὁμοίως
1427 1112 1514 1157 τοῖς

37 1173 272 1226 τοξεύουσιν
289 1177 331 1226 ἐς
355 1173 606 1232 ἀνθρώπους
624 1173 705 1219 ὕπὸ
733 1176 884 1226 δειλίας
914 1179 1283 1233 φυγομαχοῦντας,
1321 1176 1388 1218 καὶ
1405 1176 1514 1232 μηδὲ

0 1255 27 1292 ,5
35 1243 174 1302 βραχύ
192 1263 231 1289 τι
249 1243 396 1304 μόριον
415 1244 526 1302 ὥρας
544 1249 689 1301 στῆναι
715 1249 815 1303 γοῦν
833 1244 904 1303 ἐφ’
928 1243 1017 1295 ἑνὸς
1034 1244 1298 1300 δυναμένους.
1344 1247 1436 1303 περὶ
1466 1245 1552 1288 δέΒ

38 1319 122 1358 τῶν
142 1313 340 1358 τοιούτων
368 1316 435 1358 καὶ
457 1313 609 1370 ὁμοίως
638 1312 833 1373 δρώντων
864 1315 1077 1372 αἱρετικῶς
1106 1315 1174 1357 καὶ
1201 1311 1222 1357 ὅ
1246 1314 1375 1371 με’γας
1404 1315 1514 1366 διέξ-

39 1401 139 1428 εισιν
176 1381 429 1435 Ἀθανάσιος
472 1391 560 1435 τοῖς
582 1382 825 1435 ,ἐπισκόποις
853 1382 1072 1440 Αἰγύπτου
1116 1385 1184 1426 καὶ
1214 1381 1388 1439 Λιβύης
1424 1385 1515 1427 ἔπι-

39 1454 233 1498 στέλλων.
277 1453 408 1508 ,,κατ’
438 1454 625 1497 ἐνιαυτὸν
651 1453 785 1512 γὰρ,”
814 1455 962 1511 φησὶν,
1000 1450 1096 1507 „aig
1126 1453 1167 1496 οἱ
1196 1453 1273 1504 τὰς
1303 1451 1514 1509 διαθήκας

38 1521 290 1581 γράφοντες,
325 1521 612 1581 συνερχόμενοι
639 1525 707 1566 καὶ
726 1522 858 1575 αὐτοὶ,
881 1526 1202 1580 προσποιοῦνται
1222 1524 1315 1580 περὶ
1339 1523 1516 1574 πίστεως

0 1590 220 1651 Ὀγράφειν.
253 1594 324 1636 ἵνα
346 1591 422 1636 κᾶν
443 1591 579 1651 τούτῳ
597 1593 754 1649 γέλωτα
781 1595 941 1647 μᾶλλον
961 1589 1174 1649 ὃφλήσωσι
1194 1593 1262 1634 καὶ
1281 1590 1509 1647 αἰσχύνων-
1532 1595 1577 1634 V.
1596 1594 1668 1634 546

34 1678 130 1715 ται,
169 1660 231 1705 ὅτι
247 1661 306 1718 μὴ
327 1661 429 1718 παρ’
455 1659 626 1719 ἑτέρων,
664 1660 770 1704 ἀλλὰ
786 1659 891 1718 παρ’
919 1660 1056 1704 αὐτῶν
1075 1659 1328 1713 ἐκβάλλεται.
1376 1663 1411 1704 εἴ
1430 1661 1553 1720 γὰρΟ

36 1728 249 1790 ἓθάρῥουν
277 1728 341 1782 οἷς
366 1730 548 1789 ἔγραφον
577 1730 813 1788 προτέροις,
850 1729 925 1774 οὐκ
953 1729 1005 1774 ἂν
1026 1727 1198 1788 δεύτερα
1219 1728 1389 1788 γράφειν
1417 1729 1511 1788 ἐζή-

126 1842 187 1922 ὲΞ.
213 1841 481 1889 διαβάλλοντας
503 1841 617 1888 Capp.
640 1852 704 1889 pro
727 1839 1000 1897 διαβάλλοντες.
1121 1842 1178 1879 16.
1200 1839 1396 1888 αὶρετικῶν
1417 1840 1508 1878 coni.

158 1899 242 1935 app.

35 1979 152 2027 periet
188 1980 255 2015 hoe
283 1992 371 2027 opus
405 1991 504 2023 esse,
531 1980 568 2015 in
608 1979 701 2027 quod
732 1980 944 2018 iconomachi
978 1981 1240 2027 diligentissime
1269 1980 1511 2023 incubuerint3

38 2030 198 2072 prompte
218 2027 384 2062 videlicet
400 2028 588 2073 confugere
608 2028 653 2062 ad
673 2028 857 2063 salvatoris
879 2029 1233 2075 transfigurationem,
1257 2040 1365 2074 eaque
1383 2027 1428 2062 ad
1441 2028 1511 2062 »ab-

39 2073 161 2107 surdas
179 2076 216 2107 et
233 2085 361 2119 pravas
378 2073 556 2119 opiniones
572 2085 652 2108 suas
667 2075 769 2110 facile
789 2075 896 2110 abuti.
944 2077 1127 2111 Caeterum
1150 2076 1236 2110 haec
1260 2075 1371 2110 omnia
1389 2074 1510 2109 dicen-

40 2119 85 2153 do
110 2119 176 2153 iam
194 2119 445 2164 percurrimus,
470 2123 505 2154 et
524 2131 630 2165 supra
655 2121 699 2155 de
726 2122 848 2156 iisdem
867 2122 1000 2168 prolixe
1022 2134 1064 2156 ac
1091 2121 1266 2167 sigillatim
1293 2120 1509 2168 scripsimus,

39 2177 130 2210 quae
159 2166 219 2211 qui
236 2166 410 2201 volueriut
430 2166 549 2211 legere
575 2178 617 2201 ac
642 2168 855 2214 perpendere
881 2173 1052 2215 poterunt.
1105 2168 1242 2210 Altera,
1265 2179 1366 2214 quam
1388 2172 1510 2203 contra.

39 2211 146 2246 rudes
168 2216 204 2246 et
222 2212 424 2258 imperitos,
449 2223 511 2246 seu
531 2212 646 2258 potius
670 2218 791 2248 contra
809 2215 983 2261 propriam
1005 2214 1148 2249 animam
1173 2214 1383 2249 commolitur
1402 2213 1510 2248 Pala-

39 2269 133 2299 mas,
154 2257 384 2304 improbitatis
401 2258 557 2294 machina.
570 2259 655 2294 haec
673 2264 745 2302 est;
770 2261 862 2306 quod
878 2273 1001 2308 nempe
1020 2267 1193 2296 tonsorum
1214 2262 1251 2296 in
1263 2272 1390 2296 morem
1406 2262 1509 2306 quot-

41 2304 140 2338 annis
159 2303 194 2338 in
211 2305 412 2340 tonstrinam
439 2316 533 2340 suam
553 2306 739 2351 permultos
761 2313 970 2354 congreget,
992 2309 1188 2353 quicunque
1203 2308 1248 2343 ad
1268 2308 1454 2342 radendum
1471 2308 1509 2340 et

40 2350 223 2386 secandum
234 2352 350 2386 idonei
367 2352 447 2394 sint,
457 2357 493 2386 et
504 2352 638 2387 litteras
655 2352 794 2395 litteris,
805 2353 966 2389 librorum
979 2355 1063 2390 folia
1083 2354 1188 2396 foliis,
1205 2353 1361 2400 apprime
1377 2352 1513 2398 possint

40 2402 268 2432 commutare:
293 2403 332 2433 ut
350 2410 425 2433 cnm
441 2399 575 2444 prolata
592 2399 720 2433 fuerint
741 2401 914 2435 contraria
930 2401 1083 2447 opinioni
1102 2412 1186 2435 suae
1204 2399 1418 2440 testimonia,
1437 2402 1512 2432 sta·-

41 2442 102 2477 tim
120 2444 339 2479 adversarios
358 2457 439 2480 suos
459 2445 554 2479 velut
574 2445 818 2480 calumniantes
840 2446 938 2482 nihili
962 2448 1090 2490 faciat,
1115 2447 1234 2493 sicque
1263 2446 1373 2491 ipsius
1399 2455 1512 2489 oppu-

42 2493 205 2533 gnatores
219 2490 380 2537 incoepto
401 2491 570 2526 desistere
596 2497 782 2537 cogantur:
806 2493 1084 2538 quemadmodum
1102 2494 1162 2540 qui
1184 2492 1335 2527 homines
1354 2491 1512 2535 ignavos,

41 2546 191 2580 pugnam
219 2536 304 2582 fuga
332 2537 587 2580 detrectantes,
611 2550 722 2584 neque
742 2538 797 2573 vel
825 2539 1023 2575 brevissimo
1043 2540 1164 2576 saltem
1183 2540 1288 2574 horae
1307 2536 1418 2582 spatio
1442 2535 1511 2570 ibi-

40 2582 118 2616 dem
142 2582 390 2625 consistentes,
413 2584 551 2629 sagittis
576 2585 757 2630 impetunt.
813 2584 867 2620 De
886 2586 1079 2622 huiusmodi
1104 2591 1140 2621 et
1156 2586 1221 2620 hac
1239 2596 1278 2619 se
1296 2583 1431 2618 ratione
1448 2593 1509 2626 ge·

38 2627 197 2662 rentibus
215 2629 399 2664 haereticis
422 2642 564 2676 magnus
583 2631 787 2665 Athanasius
809 2631 846 2666 in
865 2632 1032 2678 epistola,
1048 2644 1148 2679 quam
1171 2631 1215 2666 ad
1234 2628 1384 2675 Aegypti
1401 2631 1437 2662 et
1450 2627 1512 2661 Li·

39 2673 131 2718 byae
148 2674 331 2721 episcopos
348 2675 460 2719 misit,
483 2677 534 2711 ita
556 2677 717 2723 loquitur.
764 2677 882 2720 „Nam
899 2678 1043 2724 singulis
1064 2679 1161 2714 annis
1173 2677 1208 2719 ‚”
1230 2675 1363 2720 inquit,
1385 2673 1511 2716 „velut

41 2719 105 2765 qui
125 2725 229 2765 pacta
253 2721 429 2764 scribunt,
451 2722 520 2768 ipsi
545 2735 682 2769 quoque
712 2724 940 2768 conveniunt,
964 2731 1001 2760 et
1023 2726 1067 2760 de
1087 2725 1177 2759 Fide
1199 2722 1329 2766 scripto
1355 2723 1511 2754 statuere

33 2765 223 2810 simulant,
245 2771 284 2802 ut
301 2768 404 2804 etiam
422 2769 505 2804 inde
523 2769 640 2815 potius
658 2770 866 2804 deridendos
886 2782 925 2806 se
951 2775 988 2806 et
1011 2771 1198 2816 ignominia
1217 2765 1385 2802 notandos
1407 2776 1511 2812 prae·

41 2811 165 2847 beant:
188 2813 320 2860 quippe
345 2826 485 2860 quorum
503 2815 644 2850 decreta
670 2827 737 2850 non
756 2816 801 2851 ab
819 2816 896 2852 aliis
921 2817 984 2852 sed
1007 2819 1051 2853 ab
1070 2817 1156 2864 ipsis
1176 2812 1422 2850 rescindantur.
1468 2810 1510 2845 Si

41 2857 130 2894 enim
140 2858 208 2903 his,
220 2871 312 2907 quae
326 2859 423 2908 prius
437 2861 657 2906 definierunt,
668 2862 892 2908 confiderent,
903 2867 1000 2900 certe
1015 2862 1197 2900 secundam
1206 2858 1308 2896 Fidei
1317 2869 1385 2895 non
1401 2868 1511 2905 quae-
