1768 3178
168 116 272 193 570
584 150 902 196 NICEPHORI
930 150 1257 196 GREGORAE

167 257 314 303 perdere
335 259 492 291 conatur.
538 256 725 292 Persarum
749 258 803 291 lex
827 256 994 290 adversus
1015 255 1187 300 ingratos.
1237 254 1400 291 Gladium
1419 257 1657 292 Romanarum

169 315 309 339 causae.
368 303 627 338 Cantacuzenus
661 304 916 348 imperatricem
948 308 982 337 et
1010 303 1253 347 patriarcham
1284 304 1451 347 privatim
1485 305 1655 339 convenit.

171 351 314 391 Oratio,
345 362 448 395 quam
472 351 567 394 apud
598 362 655 384 eos
687 351 822 384 habuit.
881 350 1087 393 Imperatria·
1119 354 1153 383 et
1176 349 1384 393 patriarcha
1414 351 1658 385 iusiurandum

171 397 258 432 dant
281 402 316 431 et
340 397 524 441 accipiunt.
573 397 835 431 Cantaeuzcnus
865 398 978 430 multa
1011 401 1045 429 et
1075 397 1267 440 praeclara
1299 397 1502 434 meditatur.
1552 397 1656 431 Pacis

170 444 317 488 bellique
341 444 483 477 consilia
506 444 550 477 ab
575 455 613 477 eo
637 444 737 478 inita.
789 443 962 488 Propensa
988 453 1076 487 erga
1100 442 1213 486 ipsum
1243 443 1404 477 voluntas
1423 444 1656 487 finitimorum

167 492 372 536 populorum
397 490 471 534 (6).
524 491 784 524 Cantacuzenus
806 491 843 523 in
869 490 982 533 Mysos
1006 489 1193 523 exercitum
1217 489 1343 524 educit.
1381 491 1430 524 Iis
1449 490 1513 524 sibi
1535 502 1657 524 recon-

170 537 318 578 ciliatis,
344 537 533 570 Thraciam
559 537 685 570 lustrat
708 542 742 571 et
764 537 950 581 praesidiis
971 535 1093 570 munit.
1140 535 1456 571 Futurus-Amarii
1479 537 1653 572 adventus

170 584 366 619 nunciatur.
424 583 638 617 Persicorum
660 588 885 627 satraparum
911 583 1015 616 varia
1037 584 1199 626 fortuna.
1247 582 1431 625 Amurius,
1465 582 1598 627 Lydiae
1622 589 1657 618 et

173 631 293 664 Ioniae
313 630 491 674 princeps,
522 629 665 674 reliquis
692 631 877 674 potentior.
926 629 1039 662 Maris
1069 629 1212 673 imperio
1240 630 1384 674 potitur.
1422 630 1659 664 Cantacuzeni

172 679 305 712 amicus
318 676 556 720 fidelissimus.
604 676 691 710 Eius
713 677 956 710 auctoritatem
981 681 1222 720 oppugnatam
1252 677 1455 719 defensurus
1485 688 1657 722 magnam

170 724 316 758 classem
348 728 511 767 apparat.
579 722 713 757 Eodem
742 723 881 757 iubente
916 723 1008 756 domi
1037 727 1205 756 remanet.
1284 724 1390 758 Vetus
1420 724 1657 758 Romanorum

165 771 338 817 potentia.
387 770 473 804 Eius
501 770 622 815 imago
657 770 831 815 quaedam
852 769 914 802 sub
943 769 1186 809 Cantacuzeno
1210 770 1341 805 oblata.
1388 771 1474 815 Spes
1497 771 1583 805 bello
1608 771 1657 805 ci-

170 818 236 851 vili
257 817 447 852 exstinctae
470 816 545 861 (7).
594 817 803 861 Imperatrix
819 820 995 860 aegrotat.
1042 817 1245 860 Apocaucus
1261 827 1397 861 poenae
1419 821 1514 852 metu
1535 818 1573 851 in
1595 829 1658 851 ca-

169 865 310 900 stellum
342 864 577 908 Epibatarum
607 873 644 897 se
673 864 807 907 recipit.
866 862 1073 896 Patriarcha
1101 874 1165 906 pro
1202 874 1240 896 eo
1275 863 1372 907 apud
1401 863 1658 907 imperatricem

171 911 262 957 agit.
315 911 577 945 Cantacuzenus
609 910 817 954 Byzantium
847 909 951 943 redit.
1000 908 1232 944 Patriarehae
1252 909 1519 944 inconstantiam
1542 912 1657 946 molli-

171 959 235 992 bus
256 957 368 991 v‘erbis
388 954 554 1002 castigat.
601 955 846 990 Iusiurandu‘m
869 956 996 1000 duplex
1018 956 1063 988 ab
1089 967 1127 989 eo
1152 953 1278 1000 acc'ipit
1301 957 1481 991 horrendis
1499 957 1656 991 exsecra-

170 1004 321 1040 tionibus
343 1005 594 1047 confirmatum.
641 1003 792 1037 Rursum
825 1002 908 1036 urbe
939 1003 1132 1048 egreditur.
1181 1003 1357 1049 Magnam
1385 1004 1553 1048 pecuniae
1584 1004 1656 1038 vim

173 1056 209 1086 et
234 1051 343 1084 omnis
364 1051 504 1095 generis
527 1061 615 1084 vasa
638 1054 808 1094 exportat.
856 1049 989 1083 Earum
1011 1060 1129 1083 rerum
1146 1061 1239 1086 usus.
1279 1052 1493 1095 Apocaucus,
1516 1062 1576 1084 suo
1596 1062 1657 1084 ca-

169 1098 268 1132 stello
291 1095 466 1139 inclusus.
501 1098 741 1132 Cantacuzeno
770 1096 930 1130 insultat.
977 1094 1094 1130 Huius
1121 1107 1320 1140 responsum
1351 1097 1426 1142 (8).
1481 1098 1658 1141 Apocauci

170 1144 363 1179 molitiones
384 1143 551 1179 detectae.
600 1143 814 1188 Deprehensi
837 1142 1035 1186 diffidentia
1063 1155 1105 1176 ac
1122 1145 1230 1188 fuga.
1277 1145 1464 1178 Consilium
1487 1145 1531 1178 dc
1553 1145 1655 1178 inva-

171 1191 285 1225 dendo
308 1191 466 1235 imperio.
511 1191 584 1224 Arx
615 1190 846 1235 Epibatarum
878 1190 1031 1223 omnibus
1052 1190 1153 1224 rebus
1176 1190 1221 1223 ab
1247 1201 1286 1224 eo
1309 1191 1492 1225 instructa.
1541 1192 1656 1235 Impe-

170 1237 299 1272 ratoris
321 1237 476 1280 defuncti
497 1237 663 1271 iudicium
687 1237 731 1270 de
755 1247 798 1270 ea
821 1247 901 1270 arce
926 1241 961 1270 et
985 1236 1028 1270 de
1051 1236 1125 1270 eius
1149 1236 1336 1271 conditore.
1373 1237 1655 1272 Cantacuzenum

170 1296 246 1319 sero
267 1284 443 1328 poenitet,
477 1284 568 1328 quod
591 1284 684 1318 illius
707 1283 751 1317 de
775 1294 813 1316 eo
837 1283 1017 1316 mandatis
1048 1295 1117 1316 non
1145 1284 1317 1327 paruerit.
1366 1284 1595 1318 Patriarchae
1618 1285 1655 1318 in

175 1332 455 1366 Cantacuzenum
474 1331 636 1375 perfidia.
683 1330 852 1364 Eiusdem
875 1330 992 1373 officia
1017 1341 1105 1374 erga
1128 1331 1372 1374 Apocaucum,·
1406 1342 1506 1375 quem
1534 1332 1655 1365 oblata

170 1378 380 1422 impunitate
404 1389 444 1410 ex
468 1389 548 1410 arce
573 1381 703 1411 evocat.
750 1378 953 1421 Apocaucus
980 1376 1218 1410 Cantacuzeno
1246 1378 1383 1411 obviam
1404 1378 1533 1421 prodit.
1583 1379 1657 1411 Im-

168 1424 340 1470 peratorii
368 1424 514 1458 honores
545 1424 624 1458 huic
657 1424 767 1458 delati
789 1423 827 1456 in
850 1423 1129 1458 salutationibus.
1184 1424 1290 1458 Multi
1311 1428 1351 1458 ut
1375 1425 1595 1469 Apocaucum
1618 1425 1656 1458 in

169 1471 310 1513 uincula
333 1470 495 1505 coniiciat
517 1470 724 1512 hortantur,
757 1469 820 1504 sed
843 1471 984 1513 frustra
1016 1470 1087 1514 (9).
1135 1470 1287 1504 Reverso
1311 1472 1513 1515 Apocauco,
1542 1471 1657 1515 patri-

170 1517 280 1552 archa
309 1516 405 1552 vitae
436 1517 633 1551 institutum
663 1520 788 1551 mutat.
848 1516 891 1550 In
917 1517 1197 1551 Cantacuzenum
1219 1518 1292 1561 ipse
1315 1529 1446 1562 quoque
1469 1519 1655 1562 conspirat.

172 1564 315 1609 Imperii
342 1569 601 1608 procuratorem
630 1575 667 1598 se
690 1563 853 1598 instituit.
901 1563 1084 1607 Apocauco
1106 1564 1201 1598 urbis
1221 1568 1480 1609 praefecturam
1504 1569 1540 1599 et
1562 1566 1655 1599 alias

171 1612 366 1657 dignitates
389 1613 532 1655 confert.
580 1610 703 1645 Pactio
727 1610 813 1643 diris
834 1610 1040 1644 iuramentis
1052 1611 1216 1654 firmata,
1238 1622 1283 1645 ne
1302 1611 1565 1645 Cantacuzenus
1587 1623 1655 1645 un-

169 1669 275 1704 quam
296 1657 495 1702 recipiatur.
527 1659 741 1702 Apocaucus,
767 1656 905 1690 Octavii
933 1656 1095 1690 Caesaris
1118 1658 1294 1701 exemplo,
1325 1658 1495 1693 nobilibus
1517 1658 1654 1692 curiam

167 1711 204 1741 et
226 1705 344 1740 civilia
366 1705 511 1750 negotia
528 1703 733 1744 committit,·
758 1703 883 1737 bellum
902 1703 969 1736 sibi
988 1702 1094 1737 sumit
1117 1704 1448 1740 administrandum.
1496 1704 1567 1738 Res
1586 1705 1654 1739 ad-

165 1763 287 1787 versus
310 1752 587 1786 Cantacuzenum
612 1762 635 1784 a
655 1749 863 1795 patriarcha
886 1749 1096 1795 designatae
1131 1751 1228 1795 (10).
1277 1751 1453 1786 Factionis
1477 1751 1654 1786 Cantacu-

164 1800 336 1834 zenianae
365 1798 495 1832 nobiles
526 1809 549 1831 a
575 1796 783 1842 patriarcha
815 1802 850 1831 et
874 1797 919 1830 ab
942 1798 1126 1841 Apocauco
1146 1802 1292 1842 petunt,
1325 1810 1370 1833 ne
1395 1809 1509 1832 secum
1533 1799 1654 1834 durius

165 1850 311 1892 agatur.
356 1845 407 1878 Hi
425 1844 560 1889 plebem
582 1845 619 1878 in
645 1855 701 1878 eos
723 1843 883 1877 incitant.
925 1843 1102 1877 Nobilium
1119 1845 1230 1888 suga.
1264 1845 1396 1878 Eorum
1415 1845 1535 1878 domus
1553 1856 1652 1879 ever-

164 1904 248 1936 sae,
282 1893 373 1926 bona
395 1891 544 1936 direpta.
597 1889 830 1924 Cantacuzeni
859 1900 993 1923 moeror
1025 1894 1058 1924 et
1090 1891 1263 1924 anxietas.
1313 1892 1446 1926 Tristes
1467 1892 1585 1925 nuncii
1608 1892 1653 1925 de

163 1944 279 1973 matre
301 1939 339 1972 in
368 1948 541 1972 carcerem
564 1937 719 1971 coniecta
742 1936 890 1980 aliisque
910 1936 1107 1970 domesticis
1135 1937 1302 1970 cladibus.
1347 1938 1421 1972 Viri
1442 1938 1651 1975 constantia.

164 1985 324 2020 Litterae
353 1984 469 2029 sigillo
500 1983 724 2028 imperatorio
753 1983 930 2023 munitae,
963 1993 1027 2027 per
1050 1994 1137 2027 quas
1161 1983 1236 2027 ipse
1259 1984 1296 2018 in
1319 1985 1474 2019 ordinem
1498 1986 1649 2030 cogitur.

162 2033 248 2066 Alia
272 2043 314 2066 ex
338 2031 419 2065 aliis
449 2032 579 2076 gravia
603 2031 636 2064 ei
656 2030 836 2064 nunciata·
883 2029 1030 2063 Animus
1054 2030 1145 2063 inter
1167 2031 1233 2063 has
1255 2032 1441 2076 angustias
1465 2042 1592 2077 anceps
1616 2035 1652 2066 et

156 2080 347 2123 fluctuans.
398 2077 494 2111 Mors
522 2079 718 2120 intentata,
758 2076 827 2110 nisi
856 2086 893 2110 se
922 2076 1166 2121 imperatorem
1198 2078 1349 2112 salutari
1375 2078 1548 2123 patiatur.
1595 2078 1650 2112 Eo

161 2129 346 2160 recusante
375 2124 467 2158 alius
496 2125 614 2159 statim
636 2123 855 2157 salutandus.
904 2122 1114 2167 Imperatr-isc
1141 2134 1207 2168 per
1230 2125 1368 2169 legatos
1399 2125 1505 2169 officii
1528 2125 1650 2159 admo-

161 2173 240 2206 nita
274 2171 514 2206 contumeliose
536 2170 718 2215 respondet
741 2170 835 2215 (11).
884 2169 1147 2204 Cantacuzenus
1170 2171 1309 2215 imperii
1332 2172 1489 2217 insignia
1510 2177 1650 2206 coactus

161 2218 297 2260 induit,
319 2218 392 2252 iam
408 2217 489 2251 olim
507 2218 573 2252 sibi
587 2217 696 2250 variis
712 2215 874 2261 auguriis
890 2217 1070 2260 promissa.
1119 2217 1245 2252 Actum
1268 2218 1307 2252 id
1332 2218 1388 2252 die
1404 2220 1498 2262 sesto
1523 2220 1558 2253 S.
1580 2219 1650 2252 De-

160 2265 289 2299 metrii.
337 2265 460 2299 Annae
484 2269 518 2298 et
543 2263 668 2298 Ioanni
686 2264 785 2308 prius
809 2263 998 2297 acclamari
1020 2263 1115 2297 iubet
1137 2276 1243 2309 quam
1266 2265 1342 2299 sibi.
1392 2265 1556 2309 Desuncti
1579 2266 1650 2299 im-

157 2311 333 2357 peratoris
354 2311 527 2346 mandata
549 2311 771 2345 nihilominus
793 2309 963 2343 observat.
1014 2310 1132 2344 Tertio
1153 2316 1230 2356 post
1254 2312 1311 2346 die
1326 2323 1519 2357 purpuram
1541 2312 1646 2346 exuit.

163 2359 253 2393 Tum
276 2357 358 2392 inde
379 2368 486 2403 usque
510 2358 558 2392 ad
581 2362 721 2402 captam
743 2356 862 2390 urbem
886 2356 975 2390 albis
996 2357 1147 2391 vestibus
1168 2359 1290 2394 utitur.
1341 2359 1477 2393 Causae
1501 2359 1574 2393 eius
1595 2358 1648 2392 rei

159 2409 233 2440 tres
256 2405 299 2439 ab
324 2416 363 2439 eo
387 2405 532 2440 allatae.
581 2402 793 2439 Patriarcha
813 2407 847 2437 et
864 2403 1078 2447 Apocaucus,
1101 2415 1193 2438 nova
1213 2405 1448 2440 Cantacuzeni
1470 2405 1648 2450 dignitate

159 2452 306 2494 audita,
338 2456 378 2486 ut
401 2462 437 2486 se
462 2451 645 2497 gesserint.
692 2450 794 2484 Duae
818 2450 913 2493 apud
936 2449 1149 2492 Byzantinos
1173 2453 1349 2495 factiones
1381 2451 1648 2486 diversissimae.

159 2498 459 2533 Cantaeuzeniani
480 2498 707 2533 anathemate
728 2497 888 2541 perculsi.
939 2496 1087 2531 irritata
1116 2498 1227 2542 plebis
1258 2499 1422 2533 audacia.
1471 2498 1648 2533 Cantacu-

157 2545 238 2579 zeni
258 2545 444 2580 cunctatio.
491 2545 657 2579 Eiusdem
680 2543 800 2589 copiae
824 2543 1004 2576 militares.
1054 2543 1268 2589 Legationes
1286 2545 1430 2579 subinde
1451 2545 1496 2579 ab
1517 2556 1556 2579 eo
1574 2545 1648 2589 By-

157 2591 315 2626 zantium
337 2591 474 2626 missae.
511 2591 693 2626 Postulata
708 2590 896 2635 aequitatis
908 2590 1025 2633 plena.
1057 2590 1224 2634 Byzantii
1240 2592 1501 2636 implacabiles,-
1526 2596 1647 2636 aperte

158 2642 195 2672 et
217 2637 308 2672 clam
332 2638 474 2673 exitium
497 2639 531 2673 ei
552 2638 751 2673 moliuntur.
800 2636 907 2671 Multi
930 2647 949 2670 e
971 2635 1043 2670 suis
1065 2638 1164 2672 illum
1187 2643 1228 2674 ut
1247 2639 1400 2673 desidem
1422 2643 1457 2673 et
1476 2639 1646 2684 ignavum

157 2684 332 2720 deserunt.
380 2684 640 2720 Commeatuum
662 2683 792 2728 inopia.
849 2682 971 2716 Hiems
994 2685 1199 2727 asperrima.
1242 2685 1399 2720 Litterae
1417 2697 1441 2719 a
1461 2684 1645 2729 Byzantiis

156 2730 369 2776 interceptae
391 2731 487 2777 (12).
537 2730 684 2766 Ioannes
709 2730 941 2775 Palaeologus
973 2729 1030 2763 die
1063 2742 1133 2765 non
1160 2734 1257 2775 sesto
1285 2737 1429 2777 praeter
1459 2742 1589 2766 morem
1618 2743 1642 2765 a

151 2777 362 2822 patriarcha
383 2783 578 2814 coronatur.
624 2778 667 2812 Id
697 2777 816 2812 statim
846 2781 925 2821 post
955 2776 1176 2820 imperatoris
1206 2784 1349 2814 mortem
1372 2778 1504 2812 maiore
1528 2789 1641 2823 appa-

154 2827 240 2859 ratu
251 2825 340 2869 fieri
357 2826 517 2865 voluerat
540 2826 812 2865 Gantacuzenus,
832 2823 1039 2867 patriarcha
1058 2825 1297 2868 prohibuerat.
1345 2826 1465 2859 Novus
1488 2825 1641 2870 impera-

154 2874 212 2906 tor
233 2871 271 2906 in
293 2871 461 2908 aetherea
480 2872 613 2919 palatii
634 2872 797 2907 aedicula
815 2881 882 2916 per
903 2872 1077 2906 solennem
1100 2869 1289 2918 πρόκυψιν
1310 2872 1423 2909 denuo
1442 2872 1640 2919 inaugura-
