1794 3172
235 117 293 166 81
303 116 335 165 4
627 121 938 173 NICEPHORI
965 119 1286 182 GREGORAE

22 236 113 272 A-M-
133 235 225 274 6856
235 229 444 276 δύνασθαι
472 230 595 288 λέγειν
614 230 694 274 ἀπὸ
727 227 961 285 στόματος,
997 227 1075 273 ὅσα
1098 228 1197 271 ποτὲ
1229 227 1544 287 προανεγνῶκει,
1585 230 1703 289 μέχρι

71 283 189 330 ΜἸἠ
232 303 301 346 καὶ
329 301 370 352 ἒς
397 298 604 356 διάστημα
632 301 746 342 δυοῖν
775 299 842 341 καὶ
869 302 993 355 τριῶν
1025 298 1223 354 ἀσφαλῶς
1247 295 1378 354 ὡρῶν.
1415 298 1484 347 διὰ
1505 298 1556 355 δὴ
1577 305 1702 343 τοῦτο

232 370 311 414 κάκ
327 373 410 413 τῶν
427 370 552 412 θείων
567 371 736 425 γραφῶν
756 365 1034 425 ἔρανιζόμενος
1052 366 1104 409 τὰ
1125 372 1217 416 ταῖς
1237 364 1429 418 ἑκάσταις
1446 371 1530 411 τῶν
1549 366 1704 425 ἑορτῶν

231 438 288 490 ἐς
312 438 579 481 διδασκαλίαν
615 443 702 487 τοῖς
737 436 1028 493 ἠθροισμένοις
1067 434 1202 491 ὄχλοις
1246 434 1485 493 κατάλληλα
1523 438 1703 497 δημοσία

191 504 336 565 Βδιῄει
367 504 496 550 πάντ’
520 505 601 548 ἀπὸ
630 503 837 560 στόματος
861 502 1101 560 ἀποτάδην,
1133 502 1269 562 ὥσπερ
1295 503 1376 548 ἀπὸ
1397 506 1586 560 βιβλίου,
1618 523 1732 562 μη-5

235 578 347 632 δαμῆ
378 592 475 619 ποτε
508 572 611 630 μήτε
639 572 823 632 γλώττης
851 575 1014 629 ἐνιαχοῦ
1035 572 1103 616 διὰ
1127 570 1265 629 λήθην
1286 571 1577 631 ἀκροσφαλοῢς
1593 591 1703 631 γινο-

231 645 379 701 μένης,
410 642 512 700 μήτε
541 647 616 700 τῆς
649 645 833 694 διανοίας
860 640 1149 699 ὑστεριζούσης
1166 642 1272 686 κατὰ
1287 642 1362 699 τὴν
1379 647 1462 687 τῶν
1479 644 1704 700 λεγομένων

203 704 206 705 ⁷
230 711 438 771 πρόοδον·
473 712 570 756 ἀλλ’
588 746 600 766 ,
638 711 773 771 ὥσπερ
804 712 845 755 ἐν
881 709 1057 772 ἁρμονία
1087 713 1156 754 καὶ
1183 709 1314 772 λύρα,
1357 703 1642 769 συνηχούντων
1664 715 1705 763 ἒς

230 781 279 826 τὸ
307 779 415 826 πάνυ
445 799 509 825 τοι
539 781 684 839 εῧφυές
711 783 777 825 καὶ
802 781 1068 836 ἀπεξεσμένον
1102 780 1270 838 ἀμφοῖν.
1328 781 1422 840 (Β.)
1461 780 1632 825 Τούτων
1652 784 1678 825 δ
1687 783 1702 798 ²

231 849 362 903 οὕτως
381 848 570 907 ἐχόντων,
607 852 692 912 ἰδίᾳ
712 850 973 908 παρειληφὼς
994 848 1015 894 ὃ
1036 843 1231 905 βασιλεὺς
1249 851 1332 893 ἐκεῖ
1345 850 1417 894 τὸν
1435 850 1537 904 υἱὸν,
1573 849 1704 908 λόγων
1715 859 1761 894 10

229 937 274 965 τε
292 924 438 964 πειθοῖ
451 921 517 964 καὶ
539 925 745 978 πατρικῶν
767 917 965 975 ἀβύσσοις
983 919 1281 977 παραινέσεων,
1314 922 1519 976 λογισμῶν
1537 937 1580 963 τε
1605 921 1706 963 ἐκεί-

196 1001 316 1037 Ενων
349 987 569 1048 ὑπέρτερον
588 1022 601 1043 ,
645 987 789 1034 ὁπόσοι
826 986 992 1047 πλήρεις
1029 992 1112 1032 τῶν
1139 986 1372 1043 μελλόντων
1396 984 1503 1045 ἦσαν
1541 983 1701 1047 φόβων,

230 1059 403 1116 ἔπραττε
431 1060 499 1101 καὶ
537 1057 626 1114 ἅμα
654 1063 728 1114 τῆς
753 1055 963 1113 Ῥωμαίων
995 1056 1210 1115 ἡγεμονίας
1246 1056 1551 1113 ἀποτεμόμενος
1579 1059 1705 1116 μέρος

231 1125 422 1186 ἡγεῖσθαι
448 1127 517 1172 διὰ
538 1129 632 1182 βιόυ
653 1134 863 1185 παρεῖχεν,
905 1127 1030 1171 οἱονεί
1043 1144 1136 1171 τινα
1161 1127 1419 1184 σατραπικὴν
1442 1129 1508 1171 καὶ
1529 1126 1705 1172 αὐτόνο-

225 1214 307 1254 μον
323 1194 560 1254 ἡγεμονίαν,
595 1195 699 1255 πρός
721 1215 764 1241 τε
794 1197 843 1241 τὸ
874 1196 1074 1254 ἀσφαλῶς
1099 1198 1167 1240 καὶ
1197 1197 1378 1252 βεβαίως
1406 1198 1475 1240 καὶ
1504 1194 1592 1252 ἅμα
1621 1202 1704 1241 τῶν
1715 1208 1759 1246 15

225 1264 564 1322 ὖποπτευομένων
583 1265 727 1325 φόβων
747 1264 803 1318 ὥς
825 1263 1080 1324 ποῤῥωτάτω
1104 1267 1233 1319 ζῶντα
1256 1267 1463 1310 διατελεῖν.
1500 1266 1548 1309 τὸ
1569 1267 1614 1309 δὲ
1635 1262 1700 1322 ἦν,

227 1339 360 1393 μῆκος
379 1336 479 1391 μὲν,
511 1335 607 1380 ὅσον
637 1336 685 1381 τὸ
709 1337 752 1380 ἐκ
781 1336 1083 1392 Διδυμοτείχου
1113 1334 1216 1393 πρὸς
1235 1334 1383 1390 ἄνεμον
1406 1335 1579 1393 ζέφυρον
1597 1335 1704 1379 ἀπο-

229 1409 391 1459 κλῖνον,
418 1403 511 1462 ἄχρι
540 1423 618 1449 που
649 1410 732 1450 τῶν
759 1409 835 1462 τῆς
859 1401 1204 1464 Χριστουπόλεως
1231 1403 1391 1461 ἔγγιστα
1421 1405 1675 1462 προαστείων
1691 1419 1702 1430 ·

161 1494 164 1497 “
188 1469 349 1530 Ὲεῦρος
369 1473 429 1529 δ’,
458 1473 556 1518 ὅσον
577 1475 624 1519 τό
655 1475 700 1520 ἐκ
734 1472 952 1531 θαλάττης
975 1476 1031 1525 εἲς
1048 1471 1261 1523 Ξάνθειαν
1284 1473 1397 1517 ἀνιὸν
1416 1474 1464 1518 τὸ
1481 1475 1700 1530 πολίχνιον,

229 1545 297 1587 καὶ
329 1541 409 1587 ὅσα
437 1544 582 1601 μικρὸν
613 1544 793 1588 ἐπέκεινα
821 1551 947 1588 κεῖται
977 1544 1122 1601 χωρία.
1159 1541 1421 1599 παρασήμοις
1451 1560 1495 1600 γε
1525 1543 1609 1599 μὴν
1626 1547 1758 1592 τοῧεο

227 1611 429 1669 μεγέθους
448 1608 672 1670 συμβόλοις
691 1617 918 1671 κεχρῆσθαι
941 1612 1178 1671 ἐπέτρεπεν,
1210 1610 1289 1656 ὅσα
1319 1614 1528 1667 βασιλείας
1545 1612 1621 1668 μέν
1646 1615 1703 1656 εἲ-

228 1698 294 1726 σιν
311 1679 446 1738 ἥττω,
481 1681 725 1739 ἀξιωμάτων
753 1683 798 1728 δ’
833 1680 1027 1726 ἁπάντων
1051 1681 1185 1726 ἄλλων
1216 1681 1419 1725 ἐπέκεινα·
1455 1680 1708 1739 παρήγγελλέ

227 1752 299 1804 ve,
345 1750 538 1809 καθάπερ
569 1751 705 1796 εῗκόνα
730 1742 804 1796 ’καὶ
837 1749 1031 1810 ἀφορμήν
1066 1768 1160 1794 τινα
1189 1752 1373 1806 μείζονος
1401 1748 1501 1795 εἶναι
1531 1753 1705 1805 νομίζειν

227 1818 337 1865 τοῦτ’
354 1820 582 1874 ἐξουσίας,”
615 1819 705 1884 (Γ.)
717 1823 828 1877 „Eoi
847 1821 1011 1881 μὲνγὰρ
1022 1820 1229 1880 εὖφυῶς,”
1249 1823 1389 1881 φησὶν,
1403 1819 1622 1879 ,,ἆ’ρχοντι,
1636 1822 1704 1863 καὶ

228 1976 268 2010 ut
283 1985 506 2021 quaecunque
522 1976 684 2022 legisset,
707 1988 750 2013 ea
771 1976 985 2019 memoriter,
1009 1987 1073 2023 per
1093 1975 1262 2021 integrum
1282 1975 1423 2011 duarum
1441 1977 1500 2011 aut
1517 1975 1619 2010 trium
1640 1976 1703 2011 ho-

227 2030 343 2055 rarum
366 2022 535 2066 spatium,
567 2023 787 2070 fideliterque
812 2023 989 2059 recitaret.
1038 2022 1266 2064 Quamobrem
1288 2022 1393 2058 multa
1419 2021 1561 2068 singulis
1581 2022 1704 2057 diebus

227 2066 328 2102 festis
346 2069 594 2112 convenientia,
618 2070 662 2105 ad
682 2070 798 2117 populi
816 2069 1018 2115 congregati
1038 2069 1543 2112 multitudinemerudiendam,
1567 2081 1641 2104 cum
1659 2080 1703 2103 ex

229 2112 339 2147 sacris
353 2113 541 2161 Scripturis
562 2121 783 2163 excerperet,
807 2118 918 2152 omnia
939 2116 1128 2150 continenti
1152 2116 1306 2151 oratione
1326 2116 1462 2162 publice
1485 2115 1535 2150 sic
1553 2127 1702 2161 pronun-

229 2157 365 2202 ciabat,
389 2160 487 2205 quasi
512 2161 555 2196 de
577 2163 729 2211 script03
754 2167 793 2200 ut
820 2175 884 2198 nec
911 2162 1027 2207 lingua
1052 2161 1137 2196 vitio
1161 2161 1342 2198 memoriae
1367 2161 1498 2208 uspiam
1521 2163 1700 2204 titubaret,

227 2215 293 2240 nec
313 2204 349 2251 in
369 2217 552 2252 progressu
569 2210 732 2245 orationis
751 2221 844 2245 mens
867 2208 1000 2245 tardius
1027 2214 1272 2253 assequeretur
1290 2221 1344 2251 ea,
1366 2220 1455 2255 quae
1477 2208 1702 2250 dicebantur3

227 2250 312 2292 ted,
335 2252 433 2298 quasi
452 2253 489 2287 in
513 2256 711 2300 symphonia
735 2260 796 2291 aut
816 2257 853 2291 in
879 2255 977 2302 lyra,
1001 2260 1082 2301 apte
1106 2266 1246 2300 prorsus
1269 2259 1306 2290 et
1330 2254 1556 2301 aequabiliter
1582 2255 1701 2291 ambae

228 2296 459 2334 concinerent.
506 2300 589 2344 (ΙΙ.)
613 2301 707 2337 Haec
730 2314 805 2338 cum
824 2302 875 2337 ita
900 2314 937 2336 se
956 2302 1142 2343 haberent,
1159 2301 1266 2337 filium
1288 2301 1360 2336 illic
1378 2302 1565 2347 imperator
1581 2301 1702 2347 priva-

228 2342 289 2378 tim
318 2344 494 2380 convenit:
528 2346 702 2383 rationum
728 2350 764 2383 vi
793 2353 830 2384 et
858 2348 1012 2394 paternis
1035 2347 1321 2382 admonitionibus
1355 2348 1509 2383 altiorem
1542 2347 1628 2382 facit
1655 2348 1701 2382 iis

229 2389 492 2436 suspicionibus,
515 2403 605 2437 quae
623 2393 731 2428 futuri
753 2399 844 2429 metu
861 2394 984 2441 plenae
1002 2406 1077 2430 eum
1098 2395 1290 2440 angebant:
1314 2394 1410 2429 simul
1426 2394 1570 2428 Romani
1591 2394 1702 2439 impe-

229 2435 273 2470 rii
294 2442 426 2481 partem
442 2437 596 2481 recisam,
618 2440 800 2485 regendam
817 2441 850 2475 ei
867 2440 1029 2486 quamdiu
1046 2440 1202 2475 victurus
1219 2440 1267 2475 sit
1282 2440 1448 2486 assignat,
1470 2440 1570 2486 quasi
1588 2446 1702 2475 satra-

231 2482 343 2526 picum
366 2483 531 2528 quendam
552 2489 589 2520 et
613 2485 739 2520 nemini
767 2487 937 2522 subditum
962 2487 1211 2533 principatum
1241 2499 1361 2532 nempe
1386 2490 1425 2521 ut
1449 2487 1558 2521 tutior
1578 2487 1645 2521 iam
1666 2489 1702 2521 et

227 2528 358 2564 firmior
378 2530 421 2564 ab
441 2529 497 2572 iis,
518 2542 606 2577 quae
624 2531 842 2574 formidabat,
862 2533 1024 2577 periculis
1043 2544 1142 2579 quam
1157 2532 1352 2578 longissime
1369 2532 1531 2578 deinceps
1552 2532 1700 2568 viveret.

228 2573 379 2610 Patebat
390 2587 500 2656 (porro
524 2588 566 2612 ea
587 2577 785 2623 provincia,
809 2577 846 2612 in
868 2579 1003 2624 longum
1026 2578 1186 2625 quidem,
1210 2590 1231 2614 a
1251 2579 1492 2625 Didymoticho
1516 2580 1703 2625 zephyrum

227 2631 347 2657 versus
368 2633 388 2657 a
434 2622 728 2669 christopolitana
750 2624 903 2670 proxime
928 2625 1116 2668 suburbia,
1144 2626 1181 2660 in
1206 2625 1310 2661 latum
1341 2629 1476 2667 autem,
1498 2637 1520 2659 a
1546 2625 1631 2660 mari
1658 2625 1703 2660 ad

227 2667 426 2713 oppidulum
442 2668 638 2712 Xanthiam,
656 2674 693 2706 et
709 2670 810 2717 paulo
834 2670 987 2706 ulterius.
1034 2671 1106 2706 Sed
1125 2671 1222 2706 etiis
1235 2671 1428 2717 insignibus
1447 2671 1635 2706 maiestatis
1651 2671 1702 2706 uti

227 2713 403 2758 permisit,
427 2727 515 2761 quae
532 2727 572 2751 su
599 2727 690 2751 remo
710 2717 847 2762 quidem
863 2717 1006 2762 imperio
1023 2722 1138 2754 essent
1153 2717 1330 2759 inferiora,
1353 2717 1500 2752 caeteris
1517 2729 1603 2752 vero
1623 2718 1702 2763 qui-

227 2759 423 2806 buscunque
438 2762 562 2798 altiora
594 2762 819 2808 ignitatibus;
843 2763 1100 2809 praecepitque,
1116 2768 1157 2799 ut
1174 2764 1257 2799 illud
1276 2763 1458 2809 imaginem
1473 2764 1571 2819 quasi
1590 2768 1628 2799 et
1643 2775 1703 2798 oc·-

229 2806 398 2843 casionem
423 2820 502 2845 esse
519 2809 665 2846 duceret
686 2809 826 2847 maioris
845 2810 1036 2857 potestatis.
1082 2810 1186 2858 (111.)
1211 2809 1323 2855 „iji
1338 2809 1464 2856 enim,''
1487 2811 1617 2857 inquit,
1640 2810 1702 2854 „si
