1794 3172
302 106 406 158 948
718 111 1034 158 NICEPHORI
1065 110 1392 158 GREGORAE

83 232 120 266 Δ.
135 230 182 265 Μ.
198 229 291 267 6859
303 239 406 270 σαν·
451 226 520 270 καὶ
541 222 643 281 ἅμα,
678 226 767 274 πῶς
791 222 830 266 οἳ
848 222 954 267 κατὰ
972 222 1046 267 τόν
1063 226 1279 279 Παλαμᾶν
1295 222 1485 267 ἅκτιστοί
1497 241 1540 269 τε
1562 225 1630 268 καὶ
1652 222 1784 283 ἄναρ-

137 279 206 312 Ind‘
221 275 246 314 4
266 325 297 360 c
304 314 371 352 χοι
388 297 567 353 γίνονται
594 294 824 351 ἄνθρωποι.
861 297 937 349 τῆς
953 293 1032 351 γὰρ
1052 291 1199 349 ὁμοίας
1219 292 1380 349 ἔχονται
1401 296 1645 345 κακοδοξίας
1661 295 1784 351 ἀπρὶξ

306 367 375 410 καὶ
397 366 516 408 ταυτὶ
530 397 543 417 ,
583 363 685 420 λέγω
707 362 760 419 δὴ
777 366 851 419 τῆς
870 367 953 406 τῶν
963 360 1251 426 Ξεῗκονομάχων
1262 396 1274 417 ,
1311 362 1363 419 ἢν
1387 360 1444 413 ὥς
1464 363 1599 420 ἀρχὴν
1618 365 1685 407 καὶ
1704 368 1784 407 θε-

301 435 441 491 μέλιον
467 430 687 491 κράτιστον
719 436 796 489 τῆς
827 431 926 488 ὅλης
957 431 1167 490 προῦθετο
1194 437 1365 490 σαθρᾶς
1393 432 1614 489 οἰκοδομῆς
1636 433 1780 477 αὐτοῦ.

264 495 266 498 V
303 502 393 564 (Γ.)
420 502 510 546 Ἵνα
535 502 615 560 γὰρ
637 502 712 553 τὰς
739 506 823 545 τῶν
851 502 989 546 ἄλλων
1012 504 1054 546 ἓν
1077 506 1137 561 τῷ
1158 500 1332 560 παρόντι
1362 504 1507 559 παρεὶς
1528 500 1794 561 ἀντιρρήσεις

303 571 428 630 ἁγίων
462 570 577 632 μόνῳ
608 576 667 632 τῷ
700 576 819 631 σοφῷ
850 572 1072 616 κάνταῦθα
1093 573 1162 615 καὶ
1186 573 1288 631 θείῳ
1320 573 1455 631 ἐκείνῳ
1477 570 1700 629 χρήσωμαι
1719 574 1786 615 δι-

304 640 523 702 δασκάλῳ,
561 645 621 700 τῷ
643 643 710 685 καὶ
739 646 963 698 τηνικαῦτα
985 642 1061 697 μὲν
1079 640 1315 685 ἀντιστάντι
1345 641 1450 699 πρὸς
1472 642 1544 685 τὸν
1571 646 1647 698 τῆς
1677 643 1785 685 εἶκο-

262 713 505 768 Βνομαχίας
527 711 679 755 ἐκεῖνον
699 709 878 767 πόλεμον
886 745 900 766 ,
933 711 1152 755 καὶπολλὰ
1178 712 1255 766 μὲν
1281 709 1531 765 πεπονθότι,
1570 711 1702 755 πολλὰ
1735 710 1781 754 ‹5'

302 780 553 835 ἀντειπόντι,
574 783 643 824 καὶ
663 779 719 832 ὥς
741 779 898 840 πύργον
907 779 1111 838 Χαλάνης
1133 781 1202 824 διὰ
1222 780 1368 832 τέλους
1389 780 1483 838 ἄχρι
1500 782 1568 824 καὶ
1585 785 1670 825 τῶν
1682 777 1783 824 ἀτό-

301 870 393 908 μων
422 851 498 907 τὴν
516 848 674 908 πλάνην
695 849 968 910 καθῃρηκότι,
1000 853 1067 895 καὶ
1089 855 1164 895 νῦν
1185 848 1339 907 ὁμοίως
1360 850 1459 901 τοὺς
1488 850 1541 894 τὰ
1565 849 1688 906 ὅμοια
1711 867 1784 893 νο-

302 925 480 972 σοῦντας
494 921 657 971 ἐκείνοις
666 925 963 978 καθαιροῦντι·
985 920 1085 975 „Su
1102 920 1219 976 μὲν”,
1244 922 1360 979 φησὶ,
1381 920 1466 974 „ui
1478 919 1674 978 φθαρτὸν
1685 924 1786 963 τοῦ·-

302 1009 352 1035 το
375 988 635 1034 ἐνδύσασθαι
655 992 721 1034 δεῖ
739 990 985 1049 ἀφθαρσίαν
1007 993 1075 1034 καὶ
1093 990 1140 1035 τὸ
1160 990 1320 1047 θνητὸν
1339 989 1590 1043 ἀθανασίαν,
1618 987 1639 1033 ὃ
1658 989 1786 1046 με’γας

305 1066 569 1117 μυσταγωγεῖ
592 1057 847 1111 ἀπόστολος·
883 1060 931 1104 τὸ
958 1061 1003 1103 δὲ
1023 1064 1145 1116 σῶμα
1173 1057 1481 1116 ἀσωματότητα
1511 1057 1787 1113 ἐνδύσασθαι,

265 1129 334 1187 Εῆ
364 1129 411 1174 τὸ
444 1128 609 1173 κτιστόν
634 1130 827 1187 γενέσθαι
855 1129 1074 1183 ἅκτιστον,
1109 1129 1136 1186 ἢ
1169 1129 1218 1173 τὸ
1244 1131 1520 1187 περίγραπτον
1557 1132 1613 1179 εἷς
1642 1129 1786 1186 ἀπερι-

303 1200 491 1258 γραψίαν
511 1204 850 1255 μετατεθεῖσθαι,
885 1199 1000 1243 οὔπω
1018 1201 1088 1243 καὶ
1110 1196 1288 1256 τήμερον
1306 1197 1547 1255 ἤκουσται.”
1592 1200 1784 1242 ἐντεῦθεν

305 1267 536 1325 μανθάνειν
567 1267 665 1325 ἡμῖν
703 1274 849 1328 σαφῶς
883 1270 1151 1327 περιγίνεται,
1191 1267 1254 1312 ὅτι
1294 1285 1338 1312 τε
1378 1275 1463 1318 τοῖς
1505 1265 1787 1323 εἷκονομάχοις

306 1343 441 1382 ταῦτα
467 1336 804 1397 παραλελήρηται
828 1341 896 1382 καὶ
918 1343 994 1395 τῆς
1016 1339 1175 1382 ἐκείνων
1204 1338 1290 1381 ε’στὶ
1317 1339 1560 1388 κακοδοξίας
1576 1351 1585 1361 ·
1623 1339 1690 1380 καὶ
1712 1339 1785 1380 νῦν

154 1413 199 1450 Ρ.
217 1412 287 1450 597
311 1406 459 1466 δρᾶται
479 1410 570 1465 περὶ
589 1408 664 1463 τὴν
684 1408 814 1466 αὐτὴν
833 1408 974 1459 αὐτοῖς
1001 1410 1069 1451 καὶ
1088 1411 1302 1463 Παλαμᾶς
1322 1405 1555 1463 βακχεύσας
1582 1404 1788 1463 τράπεζαν

311 1480 378 1522 καὶ
393 1476 488 1521 ὅλον
508 1480 565 1528 εἷς
583 1476 706 1535 κόρον
725 1476 960 1536 ἓκροφήσας
973 1478 1045 1522 τὸν
1065 1482 1141 1534 τῆς
1158 1478 1402 1528 κακοδοξίας
1421 1477 1571 1532 ἐκείνης
1581 1481 1783 1534 κρατῆρα.

312 1546 407 1607 (Δ.)
445 1547 574 1591 Ἀλλὰ
608 1547 756 1603 μικρὸν
795 1545 1027 1603 ἐπισχόντες
1060 1547 1279 1590 πυθέσθαι
1317 1544 1559 1603 θελήσωμεν
1598 1547 1666 1590 καὶ
1699 1550 1786 1596 πῶς

155 1619 200 1654 V·
216 1618 287 1657 483
309 1616 466 1675 προϊὼν
486 1615 508 1661 ὅ
528 1616 657 1674 με’γας
676 1611 797 1668 οὗτος
817 1615 1066 1668 διδάσκαλος
1084 1613 1335 1675 σοφωτάτην
1355 1622 1467 1660 ποιεῖ’
1487 1615 1564 1672 τὴν
1591 1620 1676 1660 τῶν
1707 1616 1786 1674 ῥη-

108 1681 110 1683 ¹
308 1687 470 1732 θέντων
489 1686 723 1744 εὖκρίνειαν.
743 1691 863 1742 „nav
874 1686 998 1744 γὰρ,”
1019 1688 1135 1745 φησὶ,
1155 1685 1237 1740 „ro
1255 1683 1617 1742 μεταβαλλόμενον
1636 1684 1662 1742 ἢ
1685 1684 1783 1728 καθ’

311 1755 414 1800 αὗτὸ
433 1755 459 1813 ἢ
481 1756 575 1800 κατ’
598 1756 744 1801 οὐσίαν
769 1755 1094 1813 μεταβάλλεται·
1130 1755 1152 1800 ὃ
1183 1755 1235 1812 δὴ
1267 1756 1357 1814 περὶ
1389 1755 1542 1813 γε’νεσιν
1570 1757 1639 1799 καὶ
1671 1759 1787 1813 φθο-

366 1854 369 1855 ’
403 1855 461 1891 23.
484 1851 571 1902 ἤτοι
592 1854 668 1890 cod.
690 1855 778 1900 Reg.
800 1854 902 1890 1989.
926 1854 987 1890 fol.
1008 1855 1087 1894 199.
1104 1865 1140 1890 v.

310 1934 463 1970 instituti
482 1935 578 1970 cuius
598 1936 778 1977 Palamas,
802 1934 950 1970 increati
969 1938 1006 1970 et
1024 1928 1185 1980 principii
1209 1936 1371 1979 expertes
1395 1932 1492 1968 fiant.
1539 1930 1682 1978 Quippe
1701 1931 1790 1967 haec-

312 1982 357 2016 ad
376 1981 516 2016 similem
538 1994 687 2018 errorem
711 1981 846 2016 omnino
866 1981 1058 2028 pertinent,
1082 1993 1202 2027 nempe
1228 1980 1273 2014 ad
1299 1980 1593 2014 iconomachorum
1615 1979 1787 2020 haeresin,

312 2039 415 2073 quam
436 2027 495 2062 ille
511 2029 577 2062 toti
596 2041 700 2071 suae,
721 2029 819 2063 velut
837 2027 1042 2074 principium
1063 2033 1099 2062 et
1123 2027 1351 2062 firmissimum
1378 2027 1651 2068 fundamentum,
1677 2037 1788 2059 vanae

313 2074 549 2109 aedificationi
580 2075 791 2120 praeposuit.
847 2074 951 2119 (ΙΙΙ.)
985 2075 1074 2109 Nam
1098 2080 1137 2109 ut
1165 2086 1226 2116 ea,
1260 2085 1348 2119 quae
1370 2074 1414 2108 ab
1441 2072 1519 2107 aliis
1549 2072 1633 2107 viris
1656 2071 1786 2106 sanctis

313 2127 436 2155 contra
462 2120 567 2154 allata
594 2127 694 2163 sunt,
717 2121 753 2154 in
782 2120 955 2166 praesenti
980 2121 1130 2155 omittam
1143 2146 1154 2163 ‚
1178 2125 1215 2155 et
1231 2121 1290 2155 illo
1309 2120 1382 2154 solo
1402 2119 1458 2154 hic
1476 2130 1614 2164 quoque
1631 2123 1709 2152 utar
1730 2130 1788 2152 sa·-

313 2167 432 2214 piente
451 2166 637 2212 divinoque
655 2168 815 2209 doctore3
839 2167 896 2213 qui
912 2167 1204 2203 iconomachorum
1221 2167 1310 2201 bello
1334 2171 1425 2208 tum,
1452 2177 1527 2200 cum
1548 2165 1723 2206 saeviret,
1749 2175 1788 2198 se

248 2241 253 2247 .
315 2213 501 2259 opposuit,
526 2224 566 2247 ac
584 2214 688 2248 multa
707 2225 851 2259 passm,
873 2214 977 2250 multa
999 2214 1036 2249 in
1063 2227 1122 2249 eos
1140 2214 1318 2259 loquutuS,
1342 2223 1491 2247 errorem
1511 2212 1668 2253 tandem,
1692 2211 1790 2245 velut

314 2259 487 2294 Chalanes
511 2259 652 2301 turrim,
688 2260 740 2294 ita
767 2259 989 2307 profligavit,
1023 2264 1060 2295 ut
1089 2261 1133 2295 ad
1152 2260 1291 2295 nihilum
1316 2257 1513 2304 redegerit3
1536 2258 1695 2303 idemque
1716 2269 1789 2299 eos,

314 2306 377 2353 qui
398 2305 563 2340 similibus
581 2306 708 2340 morbis
727 2306 895 2348 laborant,
921 2307 1053 2353 pariter
1070 2308 1172 2342 hodie
1190 2305 1375 2353 profligat:
1404 2305 1523 2350 „quod
1542 2303 1711 2350 quidem‚’'
1734 2303 1791 2338 in-

314 2353 406 2399 quit,
429 2352 669 2398 „corruptible
692 2353 757 2386 hoc
771 2353 912 2388 induere
935 2359 1094 2399 oporteat
1119 2351 1492 2399 incorruptibilitatem,
1510 2355 1547 2385 et
1566 2350 1708 2385 mortale
1726 2349 1791 2384 im·-

316 2399 578 2440 mortalitatem,
602 2399 802 2445 mysterium
817 2404 872 2434 est
898 2412 918 2434 a
939 2412 1062 2446 magno
1089 2399 1256 2446 Apostolo
1282 2397 1459 2434 traditum.
1513 2399 1560 2432 At
1582 2408 1706 2442 corpus
1736 2396 1791 2430 in-

316 2445 579 2493 corporeitatem
601 2445 776 2489 induisse,
810 2450 888 2487 aut,
913 2448 1005 2492 quod
1035 2453 1188 2482 creatum
1210 2450 1324 2486 esset,
1347 2445 1475 2479 factum
1491 2455 1568 2478 esse
1587 2443 1790 2484 increatum,

317 2497 380 2528 aut
399 2491 694 2537 circumscriptum
726 2493 907 2526 transiisse
933 2494 968 2527 in
994 2492 1344 2547 incircumscriptum,
1374 2490 1411 2524 id
1439 2495 1535 2525 certe
1570 2489 1716 2524 nondum
1744 2488 1791 2523 ad

318 2540 408 2574 hanc
428 2539 516 2574 diem
532 2549 641 2584 usque
662 2538 815 2573 auditum
833 2539 919 2573 est.’'
965 2539 1056 2574 Hinc
1074 2552 1135 2574 nos
1154 2537 1286 2584 liquido
1303 2537 1487 2579 discimus,
1511 2538 1598 2571 haec
1615 2536 1792 2570 iconoma-

317 2587 460 2620 chorum
487 2585 734 2627 deliramenta‚
766 2585 828 2619 has
849 2585 957 2620 fuisse
985 2586 1163 2633 opiniones
1188 2592 1327 2631 pravas.
1374 2585 1426 2618 Ac
1453 2595 1542 2617 nunc
1568 2582 1707 2618 evidens
1737 2584 1793 2616 est

318 2633 491 2667 Palamam
506 2659 515 2676 ,
539 2632 667 2666 circum
686 2631 827 2666 eandem
857 2643 1005 2667 mensam
1030 2634 1254 2673 bacclianum,
1278 2630 1408 2665 erroris
1436 2630 1591 2675 poculum
1611 2633 1721 2663 totum
1745 2627 1792 2662 ad

318 2678 514 2713 satietatem
533 2678 761 2713 exsorbuisse.
808 2678 910 2723 (lv.)
933 2679 1002 2714 Sed
1027 2679 1160 2725 paulum
1187 2677 1245 2712 iric
1270 2676 1495 2711 subsistentes
1519 2687 1676 2720 magnum
1699 2674 1793 2708 illum

320 2724 494 2759 doctorem
526 2725 701 2759 audiamus
714 2751 726 2769 ‚
748 2735 873 2758 summa
901 2725 1025 2760 deinde
1047 2725 1205 2760 doctrina
1227 2735 1270 2758 ea
1288 2734 1377 2768 quae
1393 2722 1488 2757 dicta
1506 2727 1587 2756 sunt
1611 2721 1792 2756 enuclean-

321 2774 402 2807 tem.
427 2771 633 2817 „Quidquid
653 2770 838 2810 mutatur-'2
856 2770 981 2817 inquit,
1001 2772 1065 2814 „id
1079 2773 1134 2807 vel
1147 2782 1209 2817 per
1221 2781 1258 2804 se
1269 2781 1329 2803 seu
1342 2769 1477 2804 ratione
1494 2768 1706 2802 substantiae
1716 2777 1792 2800 mu-

321 2821 437 2860 tatur3
461 2818 499 2854 id
518 2818 609 2865 quod
627 2818 663 2853 in
680 2817 904 2864 generatione
922 2823 958 2853 et
983 2818 1209 2865 corruptione
1231 2817 1458 2858 observatum
1481 2814 1539 2850 vel
1569 2814 1703 2851 ratione
1727 2811 1793 2847 ali-
