<?xml version="1.0" encoding="UTF-8"?>
<!DOCTYPE html PUBLIC "-//W3C//DTD XHTML 1.0 Transitional//EN"
    "http://www.w3.org/TR/xhtml1/DTD/xhtml1-transitional.dtd">
<html xmlns="http://www.w3.org/1999/xhtml" xml:lang="en" lang="en">
 <head>
  <title>
</title>
<meta http-equiv="Content-Type" content="text/html;charset=utf-8" />
  <meta name='ocr-system' content='tesseract 3.04.00' />
  <meta name='ocr-capabilities' content='ocr_page ocr_carea ocr_par ocr_line ocrx_word'/>
</head>
<body>
  <div class='ocr_page' id='page_1' title='image "./corpusscriptorum39niebuoft_0623.png"; bbox 0 0 1794 3172; ppageno 0'>
   <div class='ocr_carea' id='block_1_1' title="bbox 596 113 1578 163">
    <p class='ocr_par' dir='ltr' id='par_1_1' title="bbox 596 113 1578 163">
     <span class='ocr_line' id='line_1_1' title="bbox 596 113 1578 163; baseline -0.004 0"><span class='ocrx_word' id='word_1_1' title='bbox 596 117 1071 163; x_wconf 86' lang='lat' dir='ltr'><strong>ANNOTATIONES.</strong></span> <span class='ocrx_word' id='word_1_2' title='bbox 1449 113 1477 160; x_wconf 88' lang='lat'>1</span> <span class='ocrx_word' id='word_1_3' title='bbox 1488 113 1547 160; x_wconf 90' lang='lat'><strong>18</strong></span> <span class='ocrx_word' id='word_1_4' title='bbox 1558 115 1578 159; x_wconf 75' lang='lat'>1</span> 
     </span>
    </p>
   </div>
   <div class='ocr_carea' id='block_1_2' title="bbox 16 218 1575 2838">
    <p class='ocr_par' dir='ltr' id='par_1_2' title="bbox 43 218 1575 334">
     <span class='ocr_line' id='line_1_2' title="bbox 47 218 1575 277; baseline 0.004 -17"><span class='ocrx_word' id='word_1_5' title='bbox 47 219 159 273; x_wconf 83' lang='lat' dir='ltr'><strong>quod</strong></span> <span class='ocrx_word' id='word_1_6' title='bbox 186 227 248 262; x_wconf 81' lang='lat' dir='ltr'><strong>est</strong></span> <span class='ocrx_word' id='word_1_7' title='bbox 280 221 444 262; x_wconf 75' lang='lat' dir='ltr'><strong>Graecis</strong></span> <span class='ocrx_word' id='word_1_8' title='bbox 469 218 608 266; x_wconf 75' lang='grc' dir='ltr'>Ῥούσο</span> <span class='ocrx_word' id='word_1_9' title='bbox 635 238 703 265; x_wconf 81' lang='grc' dir='ltr'><strong>ντε</strong></span> <span class='ocrx_word' id='word_1_10' title='bbox 728 220 880 277; x_wconf 83' lang='grc' dir='ltr'><strong>Σουλή.</strong></span> <span class='ocrx_word' id='word_1_11' title='bbox 935 224 1060 264; x_wconf 81' lang='lat' dir='ltr'><strong>Poeta</strong></span> <span class='ocrx_word' id='word_1_12' title='bbox 1095 222 1448 265; x_wconf 78' lang='lat' dir='ltr'><strong>Graecobarbarus</strong></span> <span class='ocrx_word' id='word_1_13' title='bbox 1477 224 1575 267; x_wconf 80' lang='lat' dir='ltr'><strong>eod.</strong></span> 
     </span>
     <span class='ocr_line' id='line_1_3' title="bbox 43 277 1211 334; baseline 0.003 -17"><span class='ocrx_word' id='word_1_14' title='bbox 43 277 141 330; x_wconf 84' lang='lat' dir='ltr'><strong>Reg.</strong></span> <span class='ocrx_word' id='word_1_15' title='bbox 163 282 290 324; x_wconf 99' lang='grc'><strong>2569.</strong></span> <span class='ocrx_word' id='word_1_16' title='bbox 313 280 385 321; x_wconf 84' lang='lat' dir='ltr'><strong>fol.</strong></span> <span class='ocrx_word' id='word_1_17' title='bbox 405 283 504 324; x_wconf 86' lang='grc'><strong>219.</strong></span> <span class='ocrx_word' id='word_1_18' title='bbox 528 280 575 318; x_wconf 90' lang='lat' dir='ltr'><strong>V.</strong></span> <span class='ocrx_word' id='word_1_19' title='bbox 597 294 688 320; x_wconf 86' lang='lat' dir='ltr'><strong>eum</strong></span> <span class='ocrx_word' id='word_1_20' title='bbox 714 281 773 320; x_wconf 83' lang='lat' dir='ltr'><strong>sic</strong></span> <span class='ocrx_word' id='word_1_21' title='bbox 785 281 1032 334; x_wconf 84' lang='lat' dir='ltr'><strong>appellatum</strong></span> <span class='ocrx_word' id='word_1_22' title='bbox 1050 280 1211 332; x_wconf 71' lang='lat' dir='ltr'><strong>scribit,</strong></span> 
     </span>
    </p>

    <p class='ocr_par' dir='ltr' id='par_1_3' title="bbox 155 332 1271 392">
     <span class='ocr_line' id='line_1_4' title="bbox 155 332 1271 392; baseline 0.002 -15"><span class='ocrx_word' id='word_1_23' title='bbox 155 332 321 378; x_wconf 79' lang='grc' dir='ltr'><strong><em>Ῥυύσον</em></strong></span> <span class='ocrx_word' id='word_1_24' title='bbox 347 334 422 379; x_wconf 74' lang='grc' dir='ltr'><strong>τὸν</strong></span> <span class='ocrx_word' id='word_1_25' title='bbox 448 333 716 391; x_wconf 76' lang='grc' dir='ltr'><strong><em>ὄνομᾶζασιν·</em></strong></span> <span class='ocrx_word' id='word_1_26' title='bbox 743 353 811 380; x_wconf 79' lang='grc' dir='ltr'><strong>ντε</strong></span> <span class='ocrx_word' id='word_1_27' title='bbox 839 337 966 379; x_wconf 84' lang='grc' dir='ltr'><strong><em>Σουλὶ</em></strong></span> <span class='ocrx_word' id='word_1_28' title='bbox 986 335 1060 380; x_wconf 77' lang='grc' dir='ltr'><strong>τὸν</strong></span> <span class='ocrx_word' id='word_1_29' title='bbox 1087 337 1271 392; x_wconf 71' lang='grc' dir='ltr'><strong>ἐπίκλην.</strong></span> 
     </span>
    </p>

    <p class='ocr_par' dir='ltr' id='par_1_4' title="bbox 143 390 1268 450">
     <span class='ocr_line' id='line_1_5' title="bbox 143 390 1268 450; baseline 0.002 -16"><span class='ocrx_word' id='word_1_30' title='bbox 143 390 391 447; x_wconf 76' lang='grc' dir='ltr'><strong><em>Ἀνθρωπος</em></strong></span> <span class='ocrx_word' id='word_1_31' title='bbox 406 391 509 447; x_wconf 73' lang='grc' dir='ltr'><strong><em>ἦτον</em></strong></span> <span class='ocrx_word' id='word_1_32' title='bbox 527 391 713 448; x_wconf 72' lang='grc' dir='ltr'><strong>εὐγενής,</strong></span> <span class='ocrx_word' id='word_1_33' title='bbox 743 390 985 450; x_wconf 69' lang='grc' dir='ltr'><strong><em>στρατιώτης</em></strong></span> <span class='ocrx_word' id='word_1_34' title='bbox 1009 394 1268 447; x_wconf 81' lang='grc' dir='ltr'><strong>πεδευμένος.</strong></span> 
     </span>
    </p>

    <p class='ocr_par' dir='ltr' id='par_1_5' title="bbox 154 449 1250 505">
     <span class='ocr_line' id='line_1_6' title="bbox 154 449 1250 505; baseline 0.004 -16"><span class='ocrx_word' id='word_1_35' title='bbox 154 450 305 492; x_wconf 81' lang='lat' dir='ltr'><strong>Rufum</strong></span> <span class='ocrx_word' id='word_1_36' title='bbox 330 449 436 491; x_wconf 72' lang='lat' dir='ltr'><strong>hunc</strong></span> <span class='ocrx_word' id='word_1_37' title='bbox 455 453 731 501; x_wconf 71' lang='lat' dir='ltr'><strong>nominarant,</strong></span> <span class='ocrx_word' id='word_1_38' title='bbox 761 462 1018 505; x_wconf 73' lang='lat' dir='ltr'><strong>cognomento</strong></span> <span class='ocrx_word' id='word_1_39' title='bbox 1037 453 1096 493; x_wconf 90' lang='lat' dir='ltr'><strong>De</strong></span> <span class='ocrx_word' id='word_1_40' title='bbox 1119 452 1250 493; x_wconf 86' lang='lat' dir='ltr'><strong>Souli.</strong></span> 
     </span>
    </p>

    <p class='ocr_par' dir='ltr' id='par_1_6' title="bbox 159 505 942 557">
     <span class='ocr_line' id='line_1_7' title="bbox 159 505 942 557; baseline 0.004 -12"><span class='ocrx_word' id='word_1_41' title='bbox 159 506 207 545; x_wconf 86' lang='lat' dir='ltr'><em>V</em></span> <span class='ocrx_word' id='word_1_42' title='bbox 201 508 239 546; x_wconf 82' lang='lat' dir='ltr'><strong>ir</strong></span> <span class='ocrx_word' id='word_1_43' title='bbox 254 516 339 547; x_wconf 72' lang='lat' dir='ltr'><strong>erat</strong></span> <span class='ocrx_word' id='word_1_44' title='bbox 354 505 523 557; x_wconf 73' lang='lat' dir='ltr'><strong>nobilis,</strong></span> <span class='ocrx_word' id='word_1_45' title='bbox 550 507 663 549; x_wconf 74' lang='lat' dir='ltr'><strong>miles</strong></span> <span class='ocrx_word' id='word_1_46' title='bbox 689 510 942 549; x_wconf 70' lang='lat' dir='ltr'><strong>exercitatus.</strong></span> 
     </span>
    </p>

    <p class='ocr_par' dir='ltr' id='par_1_7' title="bbox 31 560 1574 1132">
     <span class='ocr_line' id='line_1_8' title="bbox 38 560 1574 621; baseline 0.005 -19"><span class='ocrx_word' id='word_1_47' title='bbox 38 560 154 602; x_wconf 91' lang='lat' dir='ltr'><strong>Idem</strong></span> <span class='ocrx_word' id='word_1_48' title='bbox 181 569 301 616; x_wconf 69' lang='lat' dir='ltr'><strong>poeta</strong></span> <span class='ocrx_word' id='word_1_49' title='bbox 323 564 591 607; x_wconf 87' lang='lat' dir='ltr'><strong>Graecobarb.</strong></span> <span class='ocrx_word' id='word_1_50' title='bbox 622 565 793 606; x_wconf 84' lang='lat' dir='ltr'><strong>eundem</strong></span> <span class='ocrx_word' id='word_1_51' title='bbox 820 562 985 608; x_wconf 73' lang='grc' dir='ltr'><strong><em>Ῥούσον</em></strong></span> <span class='ocrx_word' id='word_1_52' title='bbox 1010 582 1079 609; x_wconf 76' lang='grc' dir='ltr'><strong>ντε</strong></span> <span class='ocrx_word' id='word_1_53' title='bbox 1103 563 1263 621; x_wconf 76' lang='grc' dir='ltr'><strong><em>Σονλῆ,</em></strong></span> <span class='ocrx_word' id='word_1_54' title='bbox 1300 571 1396 618; x_wconf 70' lang='lat' dir='ltr'><strong>post</strong></span> <span class='ocrx_word' id='word_1_55' title='bbox 1418 565 1574 607; x_wconf 76' lang='lat' dir='ltr'><strong>obitum</strong></span> 
     </span>
     <span class='ocr_line' id='line_1_9' title="bbox 37 620 1572 676; baseline 0.005 -18"><span class='ocrx_word' id='word_1_56' title='bbox 37 620 237 673; x_wconf 83' lang='lat' dir='ltr'><strong>principis</strong></span> <span class='ocrx_word' id='word_1_57' title='bbox 271 621 379 660; x_wconf 88' lang='lat' dir='ltr'><strong>Guil.</strong></span> <span class='ocrx_word' id='word_1_58' title='bbox 410 621 461 660; x_wconf 90' lang='lat' dir='ltr'><strong>de</strong></span> <span class='ocrx_word' id='word_1_59' title='bbox 488 623 837 663; x_wconf 84' lang='lat' dir='ltr'><strong>Villa-Harduini</strong></span> <span class='ocrx_word' id='word_1_60' title='bbox 866 624 1024 664; x_wconf 85' lang='lat' dir='ltr'><strong>Bailum</strong></span> <span class='ocrx_word' id='word_1_61' title='bbox 1057 624 1216 665; x_wconf 69' lang='lat' dir='ltr'><strong>morene</strong></span> <span class='ocrx_word' id='word_1_62' title='bbox 1246 638 1269 663; x_wconf 84' lang='lat' dir='ltr'><strong>a</strong></span> <span class='ocrx_word' id='word_1_63' title='bbox 1301 623 1444 662; x_wconf 79' lang='lat' dir='ltr'><strong>carolo</strong></span> <span class='ocrx_word' id='word_1_64' title='bbox 1477 637 1572 676; x_wconf 86' lang='lat' dir='ltr'><strong>rege</strong></span> 
     </span>
     <span class='ocr_line' id='line_1_10' title="bbox 36 676 1572 733; baseline 0.003 -17"><span class='ocrx_word' id='word_1_65' title='bbox 36 676 304 730; x_wconf 82' lang='lat' dir='ltr'><strong>Neapolitano</strong></span> <span class='ocrx_word' id='word_1_66' title='bbox 334 679 598 718; x_wconf 82' lang='lat' dir='ltr'><strong>constitutum</strong></span> <span class='ocrx_word' id='word_1_67' title='bbox 627 686 780 721; x_wconf 85' lang='lat' dir='ltr'><strong>narrat.</strong></span> <span class='ocrx_word' id='word_1_68' title='bbox 840 681 1040 733; x_wconf 79' lang='lat' dir='ltr'><strong>Gregoras</strong></span> <span class='ocrx_word' id='word_1_69' title='bbox 1068 695 1149 721; x_wconf 88' lang='lat' dir='ltr'><strong>non</strong></span> <span class='ocrx_word' id='word_1_70' title='bbox 1174 682 1347 721; x_wconf 85' lang='lat' dir='ltr'><strong>multum</strong></span> <span class='ocrx_word' id='word_1_71' title='bbox 1370 680 1572 721; x_wconf 78' lang='lat' dir='ltr'><strong>aberravit</strong></span> 
     </span>
     <span class='ocr_line' id='line_1_11' title="bbox 38 736 1572 790; baseline 0.003 -17"><span class='ocrx_word' id='word_1_72' title='bbox 38 747 62 772; x_wconf 79' lang='lat' dir='ltr'><strong>a</strong></span> <span class='ocrx_word' id='word_1_73' title='bbox 89 747 188 774; x_wconf 83' lang='lat' dir='ltr'><strong>vero</strong></span> <span class='ocrx_word' id='word_1_74' title='bbox 219 736 403 786; x_wconf 88' lang='lat' dir='ltr'><strong>nomine,</strong></span> <span class='ocrx_word' id='word_1_75' title='bbox 449 737 649 789; x_wconf 81' lang='lat' dir='ltr'><strong>siquidem</strong></span> <span class='ocrx_word' id='word_1_76' title='bbox 679 738 728 776; x_wconf 92' lang='lat' dir='ltr'><strong>ab</strong></span> <span class='ocrx_word' id='word_1_77' title='bbox 760 751 808 776; x_wconf 89' lang='lat' dir='ltr'><strong>eo</strong></span> <span class='ocrx_word' id='word_1_78' title='bbox 836 745 1010 778; x_wconf 80' lang='lat' dir='ltr'><strong>vocatur</strong></span> <span class='ocrx_word' id='word_1_79' title='bbox 1037 737 1350 790; x_wconf 83' lang='grc' dir='ltr'><strong><em>Ῥωσονσουλῆς,</em></strong></span> <span class='ocrx_word' id='word_1_80' title='bbox 1392 751 1486 789; x_wconf 79' lang='lat' dir='ltr'><strong>seu,</strong></span> <span class='ocrx_word' id='word_1_81' title='bbox 1523 745 1572 779; x_wconf 84' lang='lat' dir='ltr'><strong>ut</strong></span> 
     </span>
     <span class='ocr_line' id='line_1_12' title="bbox 35 793 1569 848; baseline 0.003 -18"><span class='ocrx_word' id='word_1_82' title='bbox 35 793 216 844; x_wconf 83' lang='lat' dir='ltr'><strong>praefert</strong></span> <span class='ocrx_word' id='word_1_83' title='bbox 259 794 417 832; x_wconf 82' lang='lat' dir='ltr'><strong>diversa</strong></span> <span class='ocrx_word' id='word_1_84' title='bbox 462 793 607 844; x_wconf 85' lang='lat' dir='ltr'><strong>lectio,</strong></span> <span class='ocrx_word' id='word_1_85' title='bbox 658 793 804 843; x_wconf 80' lang='grc' dir='ltr'><strong><em>Ῥῶσος</em></strong></span> <span class='ocrx_word' id='word_1_86' title='bbox 837 798 1012 848; x_wconf 84' lang='grc' dir='ltr'><strong>Σουλῆς.</strong></span> <span class='ocrx_word' id='word_1_87' title='bbox 1079 794 1348 847; x_wconf 81' lang='lat' dir='ltr'><strong>Pachymeres</strong></span> <span class='ocrx_word' id='word_1_88' title='bbox 1383 794 1455 836; x_wconf 86' lang='lat' dir='ltr'><strong>lib.</strong></span> <span class='ocrx_word' id='word_1_89' title='bbox 1497 795 1569 835; x_wconf 82' lang='lat' dir='ltr'><strong>VI.</strong></span> 
     </span>
     <span class='ocr_line' id='line_1_13' title="bbox 37 849 1570 904; baseline 0.004 -18"><span class='ocrx_word' id='word_1_90' title='bbox 37 862 127 901; x_wconf 88' lang='lat' dir='ltr'><strong>cap.</strong></span> <span class='ocrx_word' id='word_1_91' title='bbox 156 850 329 890; x_wconf 83' lang='lat' dir='ltr'><strong>XXXII.</strong></span> <span class='ocrx_word' id='word_1_92' title='bbox 387 849 483 899; x_wconf 74' lang='grc' dir='ltr'><strong>Ῥῶς</strong></span> <span class='ocrx_word' id='word_1_93' title='bbox 507 854 703 904; x_wconf 80' lang='grc' dir='ltr'><strong><em>Σολυμᾶν</em></strong></span> <span class='ocrx_word' id='word_1_94' title='bbox 732 859 873 892; x_wconf 77' lang='lat' dir='ltr'><strong>vocat:</strong></span> <span class='ocrx_word' id='word_1_95' title='bbox 904 853 1013 892; x_wconf 86' lang='lat' dir='ltr'><strong>unde</strong></span> <span class='ocrx_word' id='word_1_96' title='bbox 1039 852 1269 903; x_wconf 85' lang='lat' dir='ltr'><strong>Ducangius</strong></span> <span class='ocrx_word' id='word_1_97' title='bbox 1298 865 1446 891; x_wconf 89' lang='lat' dir='ltr'><strong>nomen</strong></span> <span class='ocrx_word' id='word_1_98' title='bbox 1471 852 1570 892; x_wconf 86' lang='lat' dir='ltr'><strong>fecit</strong></span> 
     </span>
     <span class='ocr_line' id='line_1_14' title="bbox 36 903 1570 965; baseline 0.003 -20"><span class='ocrx_word' id='word_1_99' title='bbox 36 903 232 960; x_wconf 79' lang='lat' dir='ltr'><strong>Solyman</strong></span> <span class='ocrx_word' id='word_1_100' title='bbox 258 905 307 946; x_wconf 78' lang='lat' dir='ltr'><strong>de</strong></span> <span class='ocrx_word' id='word_1_101' title='bbox 328 905 466 947; x_wconf 77' lang='lat' dir='ltr'><strong>Rossi.</strong></span> <span class='ocrx_word' id='word_1_102' title='bbox 524 909 690 948; x_wconf 74' lang='lat' dir='ltr'><strong>Praeter</strong></span> <span class='ocrx_word' id='word_1_103' title='bbox 721 909 832 948; x_wconf 87' lang='lat' dir='ltr'><strong>hunc</strong></span> <span class='ocrx_word' id='word_1_104' title='bbox 854 908 1012 965; x_wconf 53' lang='lat' dir='ltr'><strong>Rufum</strong></span> <span class='ocrx_word' id='word_1_105' title='bbox 1040 908 1088 949; x_wconf 77' lang='lat' dir='ltr'><strong>de</strong></span> <span class='ocrx_word' id='word_1_106' title='bbox 1118 908 1307 959; x_wconf 79' lang='lat' dir='ltr'><strong>soliaco,</strong></span> <span class='ocrx_word' id='word_1_107' title='bbox 1335 915 1570 949; x_wconf 82' lang='lat' dir='ltr'><strong>recensetur</strong></span> 
     </span>
     <span class='ocr_line' id='line_1_15' title="bbox 32 961 1567 1019; baseline 0.003 -18"><span class='ocrx_word' id='word_1_108' title='bbox 32 961 141 1002; x_wconf 85' lang='lat' dir='ltr'><strong>inter</strong></span> <span class='ocrx_word' id='word_1_109' title='bbox 161 964 286 1004; x_wconf 86' lang='lat' dir='ltr'><strong>Aulae</strong></span> <span class='ocrx_word' id='word_1_110' title='bbox 304 964 594 1018; x_wconf 78' lang='lat' dir='ltr'><strong>Neapolitanae</strong></span> <span class='ocrx_word' id='word_1_111' title='bbox 616 967 772 1005; x_wconf 88' lang='lat' dir='ltr'><strong>nobiles</strong></span> <span class='ocrx_word' id='word_1_112' title='bbox 790 968 985 1008; x_wconf 74' lang='lat' dir='ltr'><strong>Hemicus</strong></span> <span class='ocrx_word' id='word_1_113' title='bbox 1006 965 1055 1006; x_wconf 74' lang='lat' dir='ltr'><strong>de</strong></span> <span class='ocrx_word' id='word_1_114' title='bbox 1075 964 1240 1006; x_wconf 78' lang='lat' dir='ltr'><strong>soliaco</strong></span> <span class='ocrx_word' id='word_1_115' title='bbox 1267 966 1310 1004; x_wconf 89' lang='lat' dir='ltr'><strong>in</strong></span> <span class='ocrx_word' id='word_1_116' title='bbox 1341 965 1412 1004; x_wconf 84' lang='lat' dir='ltr'><strong>illa</strong></span> <span class='ocrx_word' id='word_1_117' title='bbox 1447 980 1567 1019; x_wconf 91' lang='lat' dir='ltr'><strong>quam</strong></span> 
     </span>
     <span class='ocr_line' id='line_1_16' title="bbox 34 1019 1567 1077; baseline 0.003 -19"><span class='ocrx_word' id='word_1_118' title='bbox 34 1019 120 1058; x_wconf 79' lang='lat' dir='ltr'><strong>dixi</strong></span> <span class='ocrx_word' id='word_1_119' title='bbox 148 1021 387 1062; x_wconf 76' lang='lat' dir='ltr'><strong>collectione</strong></span> <span class='ocrx_word' id='word_1_120' title='bbox 405 1021 666 1073; x_wconf 78' lang='lat' dir='ltr'><strong>chartarum,</strong></span> <span class='ocrx_word' id='word_1_121' title='bbox 693 1024 845 1066; x_wconf 82' lang='lat' dir='ltr'><strong>Hister.</strong></span> <span class='ocrx_word' id='word_1_122' title='bbox 874 1023 1311 1077; x_wconf 80' lang='lat' dir='ltr'><strong>Franco-Byzantinae</strong></span> <span class='ocrx_word' id='word_1_123' title='bbox 1338 1023 1567 1074; x_wconf 79' lang='lat' dir='ltr'><strong>subiuncta,</strong></span> 
     </span>
     <span class='ocr_line' id='line_1_17' title="bbox 31 1081 580 1132; baseline 0.002 -13"><span class='ocrx_word' id='word_1_124' title='bbox 31 1090 74 1130; x_wconf 83' lang='lat' dir='ltr'><strong>p.</strong></span> <span class='ocrx_word' id='word_1_125' title='bbox 94 1081 163 1120; x_wconf 84' lang='lat'><strong>21.</strong></span> <span class='ocrx_word' id='word_1_126' title='bbox 185 1085 226 1118; x_wconf 86' lang='lat' dir='ltr'><strong>et</strong></span> <span class='ocrx_word' id='word_1_127' title='bbox 244 1093 283 1132; x_wconf 92' lang='lat' dir='ltr'><strong>p.</strong></span> <span class='ocrx_word' id='word_1_128' title='bbox 301 1083 371 1122; x_wconf 81' lang='grc'><strong>22.</strong></span> <span class='ocrx_word' id='word_1_129' title='bbox 424 1094 580 1120; x_wconf 70' lang='lat' dir='ltr'><strong>Bolvm.</strong></span> 
     </span>
    </p>

    <p class='ocr_par' dir='ltr' id='par_1_8' title="bbox 29 1135 1566 1363">
     <span class='ocr_line' id='line_1_18' title="bbox 152 1135 1566 1192; baseline -0.001 -14"><span class='ocrx_word' id='word_1_130' title='bbox 152 1138 245 1189; x_wconf 78' lang='lat' dir='ltr'><strong><em>Pag.</em></strong></span> <span class='ocrx_word' id='word_1_131' title='bbox 278 1140 381 1187; x_wconf 86' lang='lat'>146,</span> <span class='ocrx_word' id='word_1_132' title='bbox 411 1141 479 1181; x_wconf 91' lang='grc'><strong>17.</strong></span> <span class='ocrx_word' id='word_1_133' title='bbox 544 1135 626 1179; x_wconf 75' lang='grc' dir='ltr'><strong>Τόν</strong></span> <span class='ocrx_word' id='word_1_134' title='bbox 655 1138 842 1187; x_wconf 80' lang='grc' dir='ltr'><strong><em>Σικελίας</em></strong></span> <span class='ocrx_word' id='word_1_135' title='bbox 870 1135 1140 1190; x_wconf 79' lang='grc' dir='ltr'><strong><em>ἐξεπολέμωσε</em></strong></span> <span class='ocrx_word' id='word_1_136' title='bbox 1164 1159 1223 1168; x_wconf 87' lang='grc'><strong>--</strong></span> <span class='ocrx_word' id='word_1_137' title='bbox 1240 1137 1348 1192; x_wconf 70' lang='grc' dir='ltr'><strong>εἳῆἵα</strong></span> <span class='ocrx_word' id='word_1_138' title='bbox 1376 1135 1566 1191; x_wconf 78' lang='grc' dir='ltr'><strong><em>Φερδέρι-</em></strong></span> 
     </span>
     <span class='ocr_line' id='line_1_19' title="bbox 30 1191 1564 1247; baseline 0.001 -16"><span class='ocrx_word' id='word_1_139' title='bbox 30 1191 127 1244; x_wconf 79' lang='grc' dir='ltr'><strong>χον]</strong></span> <span class='ocrx_word' id='word_1_140' title='bbox 157 1192 188 1230; x_wconf 81' lang='lat' dir='ltr'>F</span> <span class='ocrx_word' id='word_1_141' title='bbox 189 1194 418 1233; x_wconf 73' lang='lat' dir='ltr'><strong>federicum</strong></span> <span class='ocrx_word' id='word_1_142' title='bbox 438 1194 668 1247; x_wconf 83' lang='lat' dir='ltr'><strong>Aragonum</strong></span> <span class='ocrx_word' id='word_1_143' title='bbox 692 1209 848 1247; x_wconf 83' lang='lat' dir='ltr'><strong>regem,</strong></span> <span class='ocrx_word' id='word_1_144' title='bbox 878 1195 948 1247; x_wconf 84' lang='lat' dir='ltr'><strong>qui</strong></span> <span class='ocrx_word' id='word_1_145' title='bbox 971 1194 1131 1233; x_wconf 85' lang='lat' dir='ltr'><strong>demum</strong></span> <span class='ocrx_word' id='word_1_146' title='bbox 1150 1194 1309 1233; x_wconf 81' lang='lat' dir='ltr'><strong>Siciliae</strong></span> <span class='ocrx_word' id='word_1_147' title='bbox 1326 1207 1402 1234; x_wconf 82' lang='lat' dir='ltr'><strong>rex</strong></span> <span class='ocrx_word' id='word_1_148' title='bbox 1432 1194 1564 1233; x_wconf 82' lang='lat' dir='ltr'><strong>sactus</strong></span> 
     </span>
     <span class='ocr_line' id='line_1_20' title="bbox 31 1248 1561 1305; baseline 0.003 -18"><span class='ocrx_word' id='word_1_149' title='bbox 31 1256 116 1299; x_wconf 88' lang='lat' dir='ltr'><strong>est,</strong></span> <span class='ocrx_word' id='word_1_150' title='bbox 144 1248 223 1289; x_wconf 89' lang='lat' dir='ltr'><strong>hac</strong></span> <span class='ocrx_word' id='word_1_151' title='bbox 243 1252 388 1291; x_wconf 84' lang='lat' dir='ltr'><strong>Carolo</strong></span> <span class='ocrx_word' id='word_1_152' title='bbox 412 1259 669 1305; x_wconf 85' lang='lat' dir='ltr'><strong>postmonum</strong></span> <span class='ocrx_word' id='word_1_153' title='bbox 694 1259 845 1305; x_wconf 85' lang='lat' dir='ltr'><strong>erepta.</strong></span> <span class='ocrx_word' id='word_1_154' title='bbox 895 1251 998 1292; x_wconf 85' lang='lat' dir='ltr'><strong>Vide</strong></span> <span class='ocrx_word' id='word_1_155' title='bbox 1022 1252 1211 1291; x_wconf 87' lang='lat' dir='ltr'><strong>Ioannem</strong></span> <span class='ocrx_word' id='word_1_156' title='bbox 1236 1252 1460 1291; x_wconf 79' lang='lat' dir='ltr'><strong>Villaneum</strong></span> <span class='ocrx_word' id='word_1_157' title='bbox 1489 1251 1561 1293; x_wconf 85' lang='lat' dir='ltr'><strong>lib.</strong></span> 
     </span>
     <span class='ocr_line' id='line_1_21' title="bbox 29 1305 1155 1363; baseline 0.003 -17"><span class='ocrx_word' id='word_1_158' title='bbox 29 1305 120 1347; x_wconf 82' lang='lat' dir='ltr'><strong>Vn.</strong></span> <span class='ocrx_word' id='word_1_159' title='bbox 144 1321 231 1361; x_wconf 89' lang='lat' dir='ltr'><strong>cap.</strong></span> <span class='ocrx_word' id='word_1_160' title='bbox 250 1309 369 1351; x_wconf 82' lang='lat' dir='ltr'>LVII.</span> <span class='ocrx_word' id='word_1_161' title='bbox 389 1316 430 1349; x_wconf 83' lang='lat' dir='ltr'><strong>et</strong></span> <span class='ocrx_word' id='word_1_162' title='bbox 446 1310 661 1350; x_wconf 80' lang='lat' dir='ltr'><strong>Ricordan.</strong></span> <span class='ocrx_word' id='word_1_163' title='bbox 683 1324 773 1363; x_wconf 88' lang='lat' dir='ltr'><strong>cap.</strong></span> <span class='ocrx_word' id='word_1_164' title='bbox 797 1309 926 1350; x_wconf 85' lang='lat' dir='ltr'><strong>CCVI.</strong></span> <span class='ocrx_word' id='word_1_165' title='bbox 976 1322 1155 1349; x_wconf 59' lang='lat' dir='ltr'><strong>nocane.</strong></span> 
     </span>
    </p>

    <p class='ocr_par' dir='ltr' id='par_1_9' title="bbox 144 1364 1560 1421">
     <span class='ocr_line' id='line_1_22' title="bbox 144 1364 1560 1421; baseline -0.001 -15"><span class='ocrx_word' id='word_1_166' title='bbox 144 1367 242 1419; x_wconf 70' lang='lat' dir='ltr'><strong>Pag.</strong></span> <span class='ocrx_word' id='word_1_167' title='bbox 275 1370 379 1417; x_wconf 75' lang='lat'>147,</span> <span class='ocrx_word' id='word_1_168' title='bbox 409 1371 478 1410; x_wconf 80' lang='lat'><strong>23.</strong></span> <span class='ocrx_word' id='word_1_169' title='bbox 508 1364 649 1421; x_wconf 80' lang='grc' dir='ltr'><strong><em>Δηρόν</em></strong></span> <span class='ocrx_word' id='word_1_170' title='bbox 669 1382 711 1408; x_wconf 86' lang='grc' dir='ltr'><strong>τε</strong></span> <span class='ocrx_word' id='word_1_171' title='bbox 732 1366 888 1420; x_wconf 81' lang='grc' dir='ltr'><strong><em>μένειν]</em></strong></span> <span class='ocrx_word' id='word_1_172' title='bbox 919 1366 1081 1407; x_wconf 88' lang='lat' dir='ltr'><strong>Homer.</strong></span> <span class='ocrx_word' id='word_1_173' title='bbox 1104 1365 1219 1404; x_wconf 84' lang='lat' dir='ltr'><strong>Iliad.</strong></span> <span class='ocrx_word' id='word_1_174' title='bbox 1236 1364 1307 1405; x_wconf 80' lang='lat' dir='ltr'><strong>lib.</strong></span> <span class='ocrx_word' id='word_1_175' title='bbox 1330 1365 1383 1404; x_wconf 87' lang='lat'><strong>11.</strong></span> <span class='ocrx_word' id='word_1_176' title='bbox 1405 1378 1560 1406; x_wconf 68' lang='lat' dir='ltr'><strong>nomn.</strong></span> 
     </span>
    </p>

    <p class='ocr_par' dir='ltr' id='par_1_10' title="bbox 24 1420 1561 1756">
     <span class='ocr_line' id='line_1_23' title="bbox 146 1420 1561 1476; baseline -0.004 -9"><span class='ocrx_word' id='word_1_177' title='bbox 146 1425 243 1476; x_wconf 74' lang='lat' dir='ltr'>Pssg-</span> <span class='ocrx_word' id='word_1_178' title='bbox 274 1427 379 1474; x_wconf 89' lang='lat'><strong>148,</strong></span> <span class='ocrx_word' id='word_1_179' title='bbox 408 1427 449 1467; x_wconf 85' lang='lat'><strong>3.</strong></span> <span class='ocrx_word' id='word_1_180' title='bbox 496 1422 660 1473; x_wconf 80' lang='grc' dir='ltr'><strong><em>Πάντας</em></strong></span> <span class='ocrx_word' id='word_1_181' title='bbox 684 1420 727 1466; x_wconf 78' lang='grc' dir='ltr'><strong>δ’</strong></span> <span class='ocrx_word' id='word_1_182' title='bbox 760 1420 910 1472; x_wconf 66' lang='grc' dir='ltr'><strong><em>αὐτούς</em></strong></span> <span class='ocrx_word' id='word_1_183' title='bbox 939 1423 997 1471; x_wconf 80' lang='grc' dir='ltr'><strong>εἰς</strong></span> <span class='ocrx_word' id='word_1_184' title='bbox 1027 1420 1072 1464; x_wconf 76' lang='grc' dir='ltr'><strong>τό</strong></span> <span class='ocrx_word' id='word_1_185' title='bbox 1100 1426 1183 1464; x_wconf 77' lang='grc' dir='ltr'><strong>τῶν</strong></span> <span class='ocrx_word' id='word_1_186' title='bbox 1207 1421 1409 1475; x_wconf 85' lang='grc' dir='ltr'><strong><em>Ῥωμαίων</em></strong></span> <span class='ocrx_word' id='word_1_187' title='bbox 1446 1435 1561 1476; x_wconf 86' lang='grc' dir='ltr'><strong><em>στρα-</em></strong></span> 
     </span>
     <span class='ocr_line' id='line_1_24' title="bbox 27 1473 1558 1534; baseline 0.001 -16"><span class='ocrx_word' id='word_1_188' title='bbox 27 1473 200 1520; x_wconf 81' lang='grc' dir='ltr'><strong><em>τόπεδον</em></strong></span> <span class='ocrx_word' id='word_1_189' title='bbox 232 1482 380 1529; x_wconf 75' lang='grc' dir='ltr'><strong><em>ζῶντας</em></strong></span> <span class='ocrx_word' id='word_1_190' title='bbox 408 1476 624 1534; x_wconf 80' lang='grc' dir='ltr'><strong><em>ἐκόμισαν]</em></strong></span> <span class='ocrx_word' id='word_1_191' title='bbox 657 1482 807 1534; x_wconf 87' lang='lat' dir='ltr'><strong>Captus</strong></span> <span class='ocrx_word' id='word_1_192' title='bbox 834 1481 922 1534; x_wconf 85' lang='lat' dir='ltr'><strong>ipse</strong></span> <span class='ocrx_word' id='word_1_193' title='bbox 953 1493 1114 1532; x_wconf 87' lang='lat' dir='ltr'><strong>quoque</strong></span> <span class='ocrx_word' id='word_1_194' title='bbox 1138 1477 1278 1534; x_wconf 59' lang='lat' dir='ltr'><strong>Rufini</strong></span> <span class='ocrx_word' id='word_1_195' title='bbox 1308 1477 1357 1517; x_wconf 75' lang='lat' dir='ltr'><strong>de</strong></span> <span class='ocrx_word' id='word_1_196' title='bbox 1379 1477 1558 1529; x_wconf 75' lang='lat' dir='ltr'><strong>soliaco,</strong></span> 
     </span>
     <span class='ocr_line' id='line_1_25' title="bbox 26 1535 1557 1590; baseline 0.001 -17"><span class='ocrx_word' id='word_1_197' title='bbox 26 1543 75 1573; x_wconf 87' lang='lat' dir='ltr'><strong>ut</strong></span> <span class='ocrx_word' id='word_1_198' title='bbox 96 1549 148 1574; x_wconf 82' lang='lat' dir='ltr'><strong>ex</strong></span> <span class='ocrx_word' id='word_1_199' title='bbox 165 1537 412 1590; x_wconf 81' lang='lat' dir='ltr'><strong>Pachymere</strong></span> <span class='ocrx_word' id='word_1_200' title='bbox 440 1538 645 1579; x_wconf 85' lang='lat' dir='ltr'><strong>discimus.</strong></span> <span class='ocrx_word' id='word_1_201' title='bbox 689 1539 955 1590; x_wconf 86' lang='lat' dir='ltr'><strong>Redemptum</strong></span> <span class='ocrx_word' id='word_1_202' title='bbox 975 1536 1121 1576; x_wconf 86' lang='lat' dir='ltr'><strong>deinde</strong></span> <span class='ocrx_word' id='word_1_203' title='bbox 1146 1537 1190 1575; x_wconf 88' lang='lat' dir='ltr'><strong>in</strong></span> <span class='ocrx_word' id='word_1_204' title='bbox 1207 1535 1363 1574; x_wconf 81' lang='lat' dir='ltr'><strong>Italiam</strong></span> <span class='ocrx_word' id='word_1_205' title='bbox 1388 1536 1557 1575; x_wconf 86' lang='lat' dir='ltr'><strong>rediisse</strong></span> 
     </span>
     <span class='ocr_line' id='line_1_26' title="bbox 26 1592 1555 1636; baseline 0 -5"><span class='ocrx_word' id='word_1_206' title='bbox 26 1594 245 1634; x_wconf 83' lang='lat' dir='ltr'><strong>verisimile</strong></span> <span class='ocrx_word' id='word_1_207' title='bbox 275 1602 347 1636; x_wconf 86' lang='lat' dir='ltr'><strong>est.</strong></span> <span class='ocrx_word' id='word_1_208' title='bbox 406 1594 524 1634; x_wconf 85' lang='lat' dir='ltr'><strong>Anno</strong></span> <span class='ocrx_word' id='word_1_209' title='bbox 556 1603 663 1635; x_wconf 87' lang='lat' dir='ltr'><strong>certe</strong></span> <span class='ocrx_word' id='word_1_210' title='bbox 693 1595 936 1634; x_wconf 85' lang='lat' dir='ltr'><strong>MCCXCIV.</strong></span> <span class='ocrx_word' id='word_1_211' title='bbox 967 1593 1103 1632; x_wconf 81' lang='lat' dir='ltr'><strong>aderat</strong></span> <span class='ocrx_word' id='word_1_212' title='bbox 1134 1593 1177 1632; x_wconf 90' lang='lat' dir='ltr'><strong>in</strong></span> <span class='ocrx_word' id='word_1_213' title='bbox 1207 1592 1307 1631; x_wconf 83' lang='lat' dir='ltr'><strong>Aula</strong></span> <span class='ocrx_word' id='word_1_214' title='bbox 1342 1593 1477 1632; x_wconf 87' lang='lat' dir='ltr'><strong>Caroli</strong></span> <span class='ocrx_word' id='word_1_215' title='bbox 1505 1593 1555 1631; x_wconf 87' lang='lat'><strong>11.</strong></span> 
     </span>
     <span class='ocr_line' id='line_1_27' title="bbox 25 1650 1557 1711; baseline 0.001 -24"><span class='ocrx_word' id='word_1_216' title='bbox 25 1650 131 1702; x_wconf 86' lang='lat' dir='ltr'><strong>regis</strong></span> <span class='ocrx_word' id='word_1_217' title='bbox 157 1651 412 1705; x_wconf 85' lang='lat' dir='ltr'><strong>Neapolitani</strong></span> <span class='ocrx_word' id='word_1_218' title='bbox 433 1651 570 1711; x_wconf 74' lang='lat' dir='ltr'><strong>Rufus</strong></span> <span class='ocrx_word' id='word_1_219' title='bbox 592 1651 641 1692; x_wconf 78' lang='lat' dir='ltr'><strong>de</strong></span> <span class='ocrx_word' id='word_1_220' title='bbox 662 1650 849 1703; x_wconf 78' lang='lat' dir='ltr'><strong>soliaco,</strong></span> <span class='ocrx_word' id='word_1_221' title='bbox 879 1657 926 1691; x_wconf 82' lang='lat' dir='ltr'><strong>ut</strong></span> <span class='ocrx_word' id='word_1_222' title='bbox 942 1656 1055 1704; x_wconf 86' lang='lat' dir='ltr'><strong>patet</strong></span> <span class='ocrx_word' id='word_1_223' title='bbox 1074 1665 1125 1690; x_wconf 80' lang='lat' dir='ltr'><strong>ex</strong></span> <span class='ocrx_word' id='word_1_224' title='bbox 1138 1650 1404 1690; x_wconf 78' lang='lat' dir='ltr'><strong>insu-umento</strong></span> <span class='ocrx_word' id='word_1_225' title='bbox 1432 1662 1557 1703; x_wconf 84' lang='lat' dir='ltr'><strong>supra</strong></span> 
     </span>
     <span class='ocr_line' id='line_1_28' title="bbox 24 1707 1199 1756; baseline 0.003 -10"><span class='ocrx_word' id='word_1_226' title='bbox 24 1707 203 1750; x_wconf 80' lang='lat' dir='ltr'><strong>laudato.</strong></span> <span class='ocrx_word' id='word_1_227' title='bbox 259 1723 411 1750; x_wconf 62' lang='lat' dir='ltr'><strong>nonrm-</strong></span> <span class='ocrx_word' id='word_1_228' title='bbox 546 1751 551 1756; x_wconf 76' lang='grc'><strong>,</strong></span> <span class='ocrx_word' id='word_1_229' title='bbox 1188 1746 1199 1754; x_wconf 71' lang='grc'><strong>,</strong></span> 
     </span>
    </p>

    <p class='ocr_par' dir='ltr' id='par_1_11' title="bbox 22 1762 1553 1943">
     <span class='ocr_line' id='line_1_29' title="bbox 142 1762 1553 1821; baseline -0.007 -10"><span class='ocrx_word' id='word_1_230' title='bbox 142 1769 237 1820; x_wconf 66' lang='lat' dir='ltr'><strong>Peg·</strong></span> <span class='ocrx_word' id='word_1_231' title='bbox 271 1770 372 1817; x_wconf 80' lang='lat'>148,</span> <span class='ocrx_word' id='word_1_232' title='bbox 406 1769 474 1810; x_wconf 86' lang='lat'><strong>19.</strong></span> <span class='ocrx_word' id='word_1_233' title='bbox 530 1762 720 1820; x_wconf 75' lang='grc' dir='ltr'><strong><em>Ἰωάννης</em></strong></span> <span class='ocrx_word' id='word_1_234' title='bbox 744 1764 846 1821; x_wconf 77' lang='grc' dir='ltr'><strong>γὰρ]</strong></span> <span class='ocrx_word' id='word_1_235' title='bbox 878 1764 959 1814; x_wconf 82' lang='lat' dir='ltr'><strong>Qui</strong></span> <span class='ocrx_word' id='word_1_236' title='bbox 989 1765 1145 1818; x_wconf 85' lang='lat' dir='ltr'><strong>primus</strong></span> <span class='ocrx_word' id='word_1_237' title='bbox 1168 1764 1324 1802; x_wconf 86' lang='lat' dir='ltr'><strong>Ducum</strong></span> <span class='ocrx_word' id='word_1_238' title='bbox 1347 1769 1418 1802; x_wconf 85' lang='lat' dir='ltr'><strong>aut</strong></span> <span class='ocrx_word' id='word_1_239' title='bbox 1443 1762 1553 1816; x_wconf 88' lang='lat' dir='ltr'><strong>prin·</strong></span> 
     </span>
     <span class='ocr_line' id='line_1_30' title="bbox 26 1820 1552 1877; baseline 0 -17"><span class='ocrx_word' id='word_1_240' title='bbox 26 1822 161 1875; x_wconf 84' lang='lat' dir='ltr'><strong>cipum</strong></span> <span class='ocrx_word' id='word_1_241' title='bbox 183 1824 569 1877; x_wconf 84' lang='lat' dir='ltr'><strong>&#39;l&#39;rapczuntinorum</strong></span> <span class='ocrx_word' id='word_1_242' title='bbox 590 1839 677 1864; x_wconf 84' lang='lat' dir='ltr'><strong>sese</strong></span> <span class='ocrx_word' id='word_1_243' title='bbox 700 1825 984 1877; x_wconf 82' lang='lat' dir='ltr'><strong>imperatorem</strong></span> <span class='ocrx_word' id='word_1_244' title='bbox 1011 1821 1245 1876; x_wconf 87' lang='lat' dir='ltr'><strong>appellavit.</strong></span> <span class='ocrx_word' id='word_1_245' title='bbox 1290 1820 1393 1860; x_wconf 84' lang='lat' dir='ltr'><strong>Vide</strong></span> <span class='ocrx_word' id='word_1_246' title='bbox 1412 1820 1552 1860; x_wconf 72' lang='lat' dir='ltr'><strong>famil.</strong></span> 
     </span>
     <span class='ocr_line' id='line_1_31' title="bbox 22 1879 1411 1943; baseline 0.007 -26"><span class='ocrx_word' id='word_1_247' title='bbox 22 1879 190 1932; x_wconf 86' lang='lat' dir='ltr'><strong>Byzant.</strong></span> <span class='ocrx_word' id='word_1_248' title='bbox 213 1895 303 1935; x_wconf 87' lang='lat' dir='ltr'><strong>pag.</strong></span> <span class='ocrx_word' id='word_1_249' title='bbox 327 1886 423 1925; x_wconf 83' lang='lat'><strong>192.</strong></span> <span class='ocrx_word' id='word_1_250' title='bbox 480 1896 654 1922; x_wconf 68' lang='lat' dir='ltr'><strong>noema.</strong></span> <span class='ocrx_word' id='word_1_251' title='bbox 1232 1933 1242 1943; x_wconf 88' lang='lat'><strong>.</strong></span> <span class='ocrx_word' id='word_1_252' title='bbox 1401 1933 1411 1942; x_wconf 39' lang='lat'><em>⁶</em></span> 
     </span>
    </p>

    <p class='ocr_par' dir='ltr' id='par_1_12' title="bbox 23 1933 1551 2048">
     <span class='ocr_line' id='line_1_32' title="bbox 140 1933 1551 1992; baseline -0.006 -11"><span class='ocrx_word' id='word_1_253' title='bbox 140 1941 236 1992; x_wconf 75' lang='lat' dir='ltr'><strong>Peg.</strong></span> <span class='ocrx_word' id='word_1_254' title='bbox 272 1943 375 1987; x_wconf 84' lang='lat'>149,</span> <span class='ocrx_word' id='word_1_255' title='bbox 404 1944 445 1982; x_wconf 87' lang='grc'><strong>2.</strong></span> <span class='ocrx_word' id='word_1_256' title='bbox 493 1934 576 1988; x_wconf 67' lang='grc' dir='ltr'><strong>ἱἨς</strong></span> <span class='ocrx_word' id='word_1_257' title='bbox 602 1936 651 1979; x_wconf 76' lang='grc' dir='ltr'><strong>τὰ</strong></span> <span class='ocrx_word' id='word_1_258' title='bbox 673 1938 855 1991; x_wconf 83' lang='grc' dir='ltr'><strong><em>βασίλεια</em></strong></span> <span class='ocrx_word' id='word_1_259' title='bbox 879 1935 1129 1990; x_wconf 83' lang='grc' dir='ltr'><strong><em>Τραπεζοῦς]</em></strong></span> <span class='ocrx_word' id='word_1_260' title='bbox 1170 1935 1293 1974; x_wconf 79' lang='lat' dir='ltr'><strong>Cuius</strong></span> <span class='ocrx_word' id='word_1_261' title='bbox 1321 1933 1434 1973; x_wconf 77' lang='lat' dir='ltr'><strong>urbis</strong></span> <span class='ocrx_word' id='word_1_262' title='bbox 1461 1933 1551 1974; x_wconf 86' lang='lat' dir='ltr'><strong>elo-</strong></span> 
     </span>
     <span class='ocr_line' id='line_1_33' title="bbox 23 1993 1216 2048; baseline 0 -14"><span class='ocrx_word' id='word_1_263' title='bbox 23 1993 134 2045; x_wconf 87' lang='lat' dir='ltr'><strong>gium</strong></span> <span class='ocrx_word' id='word_1_264' title='bbox 152 1995 326 2035; x_wconf 85' lang='lat' dir='ltr'><strong>habetur</strong></span> <span class='ocrx_word' id='word_1_265' title='bbox 343 1996 387 2035; x_wconf 89' lang='lat' dir='ltr'><strong>in</strong></span> <span class='ocrx_word' id='word_1_266' title='bbox 405 1996 503 2036; x_wconf 89' lang='lat' dir='ltr'><strong>Cod.</strong></span> <span class='ocrx_word' id='word_1_267' title='bbox 521 1998 616 2048; x_wconf 83' lang='lat' dir='ltr'><strong>Reg.</strong></span> <span class='ocrx_word' id='word_1_268' title='bbox 635 1995 815 2035; x_wconf 88' lang='lat' dir='ltr'><strong>nondum</strong></span> <span class='ocrx_word' id='word_1_269' title='bbox 835 1994 1004 2046; x_wconf 85' lang='lat' dir='ltr'><strong>signato.</strong></span> <span class='ocrx_word' id='word_1_270' title='bbox 1041 2006 1216 2034; x_wconf 61' lang='lat' dir='ltr'><strong>onemo.</strong></span> 
     </span>
    </p>

    <p class='ocr_par' dir='ltr' id='par_1_13' title="bbox 21 2045 1550 2267">
     <span class='ocr_line' id='line_1_34' title="bbox 140 2045 1547 2112; baseline -0.009 -15"><span class='ocrx_word' id='word_1_271' title='bbox 140 2055 236 2107; x_wconf 70' lang='lat' dir='ltr'><strong>Pflg·</strong></span> <span class='ocrx_word' id='word_1_272' title='bbox 268 2056 373 2101; x_wconf 83' lang='lat'>149,</span> <span class='ocrx_word' id='word_1_273' title='bbox 402 2057 442 2096; x_wconf 87' lang='lat'><strong>7.</strong></span> <span class='ocrx_word' id='word_1_274' title='bbox 495 2050 684 2106; x_wconf 72' lang='grc' dir='ltr'><strong><em>Ἰωάννης</em></strong></span> <span class='ocrx_word' id='word_1_275' title='bbox 714 2051 738 2094; x_wconf 80' lang='grc' dir='ltr'><em>ὅ</em></span> <span class='ocrx_word' id='word_1_276' title='bbox 761 2046 1124 2105; x_wconf 74' lang='grc' dir='ltr'><strong><em>Σεβαστοκράτωρ]</em></strong></span> <span class='ocrx_word' id='word_1_277' title='bbox 1152 2047 1375 2100; x_wconf 79' lang='lat' dir='ltr'><strong>Pachymer</strong></span> <span class='ocrx_word' id='word_1_278' title='bbox 1399 2046 1468 2112; x_wconf 63' lang='lat' dir='ltr'><strong>lib.</strong></span> <span class='ocrx_word' id='word_1_279' title='bbox 1498 2045 1547 2085; x_wconf 89' lang='lat' dir='ltr'><strong>V.</strong></span> 
     </span>
     <span class='ocr_line' id='line_1_35' title="bbox 24 2104 1550 2163; baseline -0.004 -15"><span class='ocrx_word' id='word_1_280' title='bbox 24 2123 115 2162; x_wconf 84' lang='lat' dir='ltr'><strong>cap.</strong></span> <span class='ocrx_word' id='word_1_281' title='bbox 136 2109 204 2150; x_wconf 90' lang='lat' dir='ltr'><strong>IV.</strong></span> <span class='ocrx_word' id='word_1_282' title='bbox 226 2110 297 2149; x_wconf 86' lang='lat' dir='ltr'><strong>lib.</strong></span> <span class='ocrx_word' id='word_1_283' title='bbox 319 2110 386 2151; x_wconf 90' lang='lat' dir='ltr'><strong>VI.</strong></span> <span class='ocrx_word' id='word_1_284' title='bbox 411 2124 499 2163; x_wconf 84' lang='lat' dir='ltr'><strong>cap.</strong></span> <span class='ocrx_word' id='word_1_285' title='bbox 522 2113 588 2153; x_wconf 87' lang='grc'><strong>19.</strong></span> <span class='ocrx_word' id='word_1_286' title='bbox 608 2111 675 2152; x_wconf 84' lang='lat'><strong>35.</strong></span> <span class='ocrx_word' id='word_1_287' title='bbox 695 2113 764 2152; x_wconf 81' lang='lat'><strong>36.</strong></span> <span class='ocrx_word' id='word_1_288' title='bbox 823 2109 880 2148; x_wconf 88' lang='lat' dir='ltr'><strong>De</strong></span> <span class='ocrx_word' id='word_1_289' title='bbox 898 2109 1047 2148; x_wconf 88' lang='lat' dir='ltr'><strong>Ioanne</strong></span> <span class='ocrx_word' id='word_1_290' title='bbox 1075 2107 1227 2159; x_wconf 80' lang='lat' dir='ltr'><strong>egimus</strong></span> <span class='ocrx_word' id='word_1_291' title='bbox 1243 2106 1286 2144; x_wconf 89' lang='lat' dir='ltr'><strong>in</strong></span> <span class='ocrx_word' id='word_1_292' title='bbox 1304 2104 1443 2144; x_wconf 81' lang='lat' dir='ltr'><strong>Famfl.</strong></span> <span class='ocrx_word' id='word_1_293' title='bbox 1464 2104 1550 2155; x_wconf 81' lang='lat' dir='ltr'><strong>By-</strong></span> 
     </span>
     <span class='ocr_line' id='line_1_36' title="bbox 21 2161 1549 2220; baseline -0.005 -15"><span class='ocrx_word' id='word_1_294' title='bbox 21 2173 127 2207; x_wconf 82' lang='lat' dir='ltr'><strong>zant.</strong></span> <span class='ocrx_word' id='word_1_295' title='bbox 150 2181 196 2220; x_wconf 86' lang='lat' dir='ltr'><strong>p.</strong></span> <span class='ocrx_word' id='word_1_296' title='bbox 216 2171 314 2211; x_wconf 88' lang='grc'><strong>206.</strong></span> <span class='ocrx_word' id='word_1_297' title='bbox 335 2167 386 2207; x_wconf 88' lang='lat' dir='ltr'><strong>de</strong></span> <span class='ocrx_word' id='word_1_298' title='bbox 413 2167 530 2208; x_wconf 84' lang='lat' dir='ltr'><strong>Irene</strong></span> <span class='ocrx_word' id='word_1_299' title='bbox 558 2180 656 2207; x_wconf 78' lang='lat' dir='ltr'><strong>vero</strong></span> <span class='ocrx_word' id='word_1_300' title='bbox 674 2165 882 2206; x_wconf 64' lang='lat' dir='ltr'><strong>Michaelis</strong></span> <span class='ocrx_word' id='word_1_301' title='bbox 900 2164 1031 2206; x_wconf 79' lang='lat' dir='ltr'><strong>Notha</strong></span> <span class='ocrx_word' id='word_1_302' title='bbox 1059 2170 1101 2204; x_wconf 87' lang='lat' dir='ltr'><strong>et</strong></span> <span class='ocrx_word' id='word_1_303' title='bbox 1128 2164 1240 2215; x_wconf 83' lang='lat' dir='ltr'><strong>Nega</strong></span> <span class='ocrx_word' id='word_1_304' title='bbox 1266 2162 1352 2201; x_wconf 85' lang='lat' dir='ltr'><strong>eius</strong></span> <span class='ocrx_word' id='word_1_305' title='bbox 1379 2161 1549 2212; x_wconf 88' lang='lat' dir='ltr'><strong>coniuge</strong></span> 
     </span>
     <span class='ocr_line' id='line_1_37' title="bbox 38 2224 419 2267; baseline 0.01 -5"><span class='ocrx_word' id='word_1_306' title='bbox 38 2239 64 2263; x_wconf 83' lang='lat'><strong>›.</strong></span> <span class='ocrx_word' id='word_1_307' title='bbox 90 2224 189 2267; x_wconf 80' lang='lat'><strong>235.</strong></span> <span class='ocrx_word' id='word_1_308' title='bbox 242 2239 419 2267; x_wconf 67' lang='lat' dir='ltr'><strong>nucmo.</strong></span> 
     </span>
    </p>

    <p class='ocr_par' dir='ltr' id='par_1_14' title="bbox 20 2238 1547 2379">
     <span class='ocr_line' id='line_1_38' title="bbox 20 2238 1547 2336; baseline -0.01 -9"><span class='ocrx_word' id='word_1_309' title='bbox 20 2238 40 2276; x_wconf 76' lang='lat' dir='ltr'>l</span> <span class='ocrx_word' id='word_1_310' title='bbox 138 2284 234 2336; x_wconf 71' lang='lat' dir='ltr'><strong><em>Pag·</em></strong></span> <span class='ocrx_word' id='word_1_311' title='bbox 268 2283 371 2331; x_wconf 88' lang='lat'>150,</span> <span class='ocrx_word' id='word_1_312' title='bbox 401 2286 441 2325; x_wconf 89' lang='lat'><strong>1.</strong></span> <span class='ocrx_word' id='word_1_313' title='bbox 498 2277 612 2324; x_wconf 84' lang='grc' dir='ltr'><strong>’Λλλᾶ</strong></span> <span class='ocrx_word' id='word_1_314' title='bbox 633 2279 757 2336; x_wconf 81' lang='grc' dir='ltr'><strong><em>πρὶν]</em></strong></span> <span class='ocrx_word' id='word_1_315' title='bbox 793 2279 1031 2334; x_wconf 77' lang='lat' dir='ltr'><strong>Pachymer.</strong></span> <span class='ocrx_word' id='word_1_316' title='bbox 1060 2277 1132 2318; x_wconf 85' lang='lat' dir='ltr'><strong>lib.</strong></span> <span class='ocrx_word' id='word_1_317' title='bbox 1150 2276 1220 2319; x_wconf 83' lang='lat' dir='ltr'><strong>vl.</strong></span> <span class='ocrx_word' id='word_1_318' title='bbox 1251 2290 1342 2330; x_wconf 86' lang='lat' dir='ltr'><strong>cap.</strong></span> <span class='ocrx_word' id='word_1_319' title='bbox 1361 2277 1431 2318; x_wconf 83' lang='lat'><strong>86.</strong></span> <span class='ocrx_word' id='word_1_320' title='bbox 1469 2286 1547 2312; x_wconf 79' lang='lat' dir='ltr'><strong>nu·-</strong></span> 
     </span>
     <span class='ocr_line' id='line_1_39' title="bbox 23 2350 141 2379; baseline 0.008 -2"><span class='ocrx_word' id='word_1_321' title='bbox 23 2350 141 2379; x_wconf 64' lang='lat' dir='ltr'><strong>cmo.</strong></span> 
     </span>
    </p>

    <p class='ocr_par' dir='ltr' id='par_1_15' title="bbox 20 2386 1543 2562">
     <span class='ocr_line' id='line_1_40' title="bbox 135 2386 1543 2451; baseline -0.012 -11"><span class='ocrx_word' id='word_1_322' title='bbox 135 2397 231 2449; x_wconf 78' lang='lat' dir='ltr'><em>Pag.</em></span> <span class='ocrx_word' id='word_1_323' title='bbox 263 2396 370 2447; x_wconf 86' lang='lat'>150,</span> <span class='ocrx_word' id='word_1_324' title='bbox 399 2398 442 2438; x_wconf 80' lang='lat'><strong>3.</strong></span> <span class='ocrx_word' id='word_1_325' title='bbox 498 2394 755 2448; x_wconf 82' lang='grc' dir='ltr'><strong><em>Λυσιμαχίας</em></strong></span> <span class='ocrx_word' id='word_1_326' title='bbox 777 2391 916 2449; x_wconf 67' lang='grc' dir='ltr'><strong><em>ἐγγῦς]</em></strong></span> <span class='ocrx_word' id='word_1_327' title='bbox 944 2394 1061 2433; x_wconf 86' lang='lat' dir='ltr'><strong>Tunc</strong></span> <span class='ocrx_word' id='word_1_328' title='bbox 1087 2391 1191 2432; x_wconf 87' lang='lat' dir='ltr'><strong>enim</strong></span> <span class='ocrx_word' id='word_1_329' title='bbox 1225 2389 1417 2450; x_wconf 64' lang='lat' dir='ltr'><strong>adversus</strong></span> <span class='ocrx_word' id='word_1_330' title='bbox 1446 2386 1543 2451; x_wconf 71' lang='lat' dir='ltr'><strong>Tar-</strong></span> 
     </span>
     <span class='ocr_line' id='line_1_41' title="bbox 20 2441 1543 2507; baseline -0.007 -17"><span class='ocrx_word' id='word_1_331' title='bbox 20 2457 131 2491; x_wconf 87' lang='lat' dir='ltr'><strong>taros</strong></span> <span class='ocrx_word' id='word_1_332' title='bbox 152 2451 226 2492; x_wconf 79' lang='lat' dir='ltr'><strong>has</strong></span> <span class='ocrx_word' id='word_1_333' title='bbox 249 2453 481 2507; x_wconf 78' lang='lat' dir='ltr'><strong>provincias</strong></span> <span class='ocrx_word' id='word_1_334' title='bbox 505 2453 758 2492; x_wconf 83' lang='lat' dir='ltr'><strong>devastantes</strong></span> <span class='ocrx_word' id='word_1_335' title='bbox 789 2451 1082 2505; x_wconf 84' lang='lat' dir='ltr'><strong>expeditionem</strong></span> <span class='ocrx_word' id='word_1_336' title='bbox 1108 2451 1337 2500; x_wconf 85' lang='lat' dir='ltr'><strong>susceperat</strong></span> <span class='ocrx_word' id='word_1_337' title='bbox 1358 2441 1543 2493; x_wconf 66' lang='lat' dir='ltr'><strong>michael,</strong></span> 
     </span>
     <span class='ocr_line' id='line_1_42' title="bbox 21 2508 1509 2562; baseline -0.002 -14"><span class='ocrx_word' id='word_1_338' title='bbox 21 2508 73 2548; x_wconf 85' lang='lat' dir='ltr'><strong>de</strong></span> <span class='ocrx_word' id='word_1_339' title='bbox 94 2522 173 2562; x_wconf 83' lang='lat' dir='ltr'><strong>qua</strong></span> <span class='ocrx_word' id='word_1_340' title='bbox 192 2509 424 2562; x_wconf 83' lang='lat' dir='ltr'><strong>Pachymer.</strong></span> <span class='ocrx_word' id='word_1_341' title='bbox 446 2510 517 2551; x_wconf 81' lang='lat' dir='ltr'><strong>lib.</strong></span> <span class='ocrx_word' id='word_1_342' title='bbox 542 2510 610 2549; x_wconf 89' lang='lat' dir='ltr'><strong>VI.</strong></span> <span class='ocrx_word' id='word_1_343' title='bbox 631 2523 723 2562; x_wconf 90' lang='lat' dir='ltr'><strong>cap.</strong></span> <span class='ocrx_word' id='word_1_344' title='bbox 741 2511 809 2552; x_wconf 85' lang='grc'><strong>29.</strong></span> <span class='ocrx_word' id='word_1_345' title='bbox 829 2512 899 2552; x_wconf 82' lang='lat'><strong>30.</strong></span> <span class='ocrx_word' id='word_1_346' title='bbox 953 2521 1124 2547; x_wconf 62' lang='lat' dir='ltr'><strong>nucmo.</strong></span> <span class='ocrx_word' id='word_1_347' title='bbox 1499 2553 1509 2562; x_wconf 52' lang='lat'><strong>·</strong></span> 
     </span>
    </p>

    <p class='ocr_par' dir='ltr' id='par_1_16' title="bbox 16 2555 1541 2838">
     <span class='ocr_line' id='line_1_43' title="bbox 132 2555 1541 2624; baseline -0.01 -18"><span class='ocrx_word' id='word_1_348' title='bbox 132 2565 235 2620; x_wconf 77' lang='lat' dir='ltr'><strong>Pag.</strong></span> <span class='ocrx_word' id='word_1_349' title='bbox 269 2567 373 2618; x_wconf 87' lang='lat'><strong>150,</strong></span> <span class='ocrx_word' id='word_1_350' title='bbox 402 2566 443 2609; x_wconf 84' lang='lat'><strong>4.</strong></span> <span class='ocrx_word' id='word_1_351' title='bbox 501 2566 585 2607; x_wconf 83' lang='grc' dir='ltr'><strong>Καὶ</strong></span> <span class='ocrx_word' id='word_1_352' title='bbox 605 2563 819 2620; x_wconf 72' lang='grc' dir='ltr'><strong><em>Ἀλλαγῆς]</em></strong></span> <span class='ocrx_word' id='word_1_353' title='bbox 845 2565 967 2606; x_wconf 76' lang='lat' dir='ltr'><strong>Istius</strong></span> <span class='ocrx_word' id='word_1_354' title='bbox 993 2565 1095 2614; x_wconf 85' lang='lat' dir='ltr'><strong>loci,</strong></span> <span class='ocrx_word' id='word_1_355' title='bbox 1124 2562 1196 2601; x_wconf 89' lang='lat' dir='ltr'><strong>ubi</strong></span> <span class='ocrx_word' id='word_1_356' title='bbox 1224 2560 1435 2624; x_wconf 39' lang='lat' dir='ltr'><strong>‹le-‘mortev</strong></span> <span class='ocrx_word' id='word_1_357' title='bbox 1454 2555 1541 2595; x_wconf 69' lang='lat' dir='ltr'><strong>hh·-</strong></span> 
     </span>
     <span class='ocr_line' id='line_1_44' title="bbox 20 2613 1538 2676; baseline -0.001 -16"><span class='ocrx_word' id='word_1_358' title='bbox 20 2622 173 2662; x_wconf 70' lang='lat' dir='ltr'><strong>ehaelis</strong></span> <span class='ocrx_word' id='word_1_359' title='bbox 200 2637 283 2662; x_wconf 87' lang='lat' dir='ltr'><strong>non</strong></span> <span class='ocrx_word' id='word_1_360' title='bbox 311 2625 491 2664; x_wconf 86' lang='lat' dir='ltr'><strong>meminit</strong></span> <span class='ocrx_word' id='word_1_361' title='bbox 517 2623 803 2676; x_wconf 83' lang='lat' dir='ltr'><strong>Pachymeres,</strong></span> <span class='ocrx_word' id='word_1_362' title='bbox 831 2622 904 2662; x_wconf 71' lang='lat' dir='ltr'><strong>sed</strong></span> <span class='ocrx_word' id='word_1_363' title='bbox 926 2629 1080 2665; x_wconf 81' lang='lat' dir='ltr'><strong>tantum</strong></span> <span class='ocrx_word' id='word_1_364' title='bbox 1100 2618 1314 2659; x_wconf 85' lang='lat' dir='ltr'><strong>Pachomu·</strong></span> <span class='ocrx_word' id='word_1_365' title='bbox 1352 2613 1407 2652; x_wconf 79' lang='lat' dir='ltr'><strong>At</strong></span> <span class='ocrx_word' id='word_1_366' title='bbox 1422 2624 1538 2651; x_wconf 67' lang='lat' dir='ltr'><strong>secus</strong></span> 
     </span>
     <span class='ocr_line' id='line_1_45' title="bbox 17 2667 1539 2736; baseline -0.001 -19"><span class='ocrx_word' id='word_1_367' title='bbox 17 2678 240 2730; x_wconf 82' lang='lat' dir='ltr'><strong>Phranzes,</strong></span> <span class='ocrx_word' id='word_1_368' title='bbox 269 2682 340 2734; x_wconf 86' lang='lat' dir='ltr'><strong>qui</strong></span> <span class='ocrx_word' id='word_1_369' title='bbox 360 2682 580 2734; x_wconf 87' lang='lat' dir='ltr'><strong>Gregoram</strong></span> <span class='ocrx_word' id='word_1_370' title='bbox 606 2679 811 2721; x_wconf 84' lang='lat' dir='ltr'><strong>exscribit.</strong></span> <span class='ocrx_word' id='word_1_371' title='bbox 858 2680 931 2720; x_wconf 73' lang='lat' dir='ltr'><strong>Est</strong></span> <span class='ocrx_word' id='word_1_372' title='bbox 957 2685 1091 2718; x_wconf 85' lang='lat' dir='ltr'><strong>autem</strong></span> <span class='ocrx_word' id='word_1_373' title='bbox 1121 2670 1272 2727; x_wconf 75' lang='grc' dir='ltr'><strong><em>ἅλλαγή</em></strong></span> <span class='ocrx_word' id='word_1_374' title='bbox 1297 2670 1404 2736; x_wconf 71' lang='lat' dir='ltr'><strong>lflem</strong></span> <span class='ocrx_word' id='word_1_375' title='bbox 1427 2667 1539 2734; x_wconf 39' lang='lat' dir='ltr'><strong>(lu-od</strong></span> 
     </span>
     <span class='ocr_line' id='line_1_46' title="bbox 16 2725 1538 2788; baseline 0.001 -14"><span class='ocrx_word' id='word_1_376' title='bbox 16 2736 171 2776; x_wconf 78' lang='lat' dir='ltr'><strong>Latinis</strong></span> <span class='ocrx_word' id='word_1_377' title='bbox 197 2739 389 2788; x_wconf 71' lang='lat' dir='ltr'><strong>mutatio,</strong></span> <span class='ocrx_word' id='word_1_378' title='bbox 417 2739 534 2778; x_wconf 89' lang='lat' dir='ltr'><strong>locus</strong></span> <span class='ocrx_word' id='word_1_379' title='bbox 555 2738 734 2788; x_wconf 77' lang='lat' dir='ltr'><strong>scilicet,</strong></span> <span class='ocrx_word' id='word_1_380' title='bbox 761 2736 832 2776; x_wconf 86' lang='lat' dir='ltr'><strong>ubi</strong></span> <span class='ocrx_word' id='word_1_381' title='bbox 859 2742 1068 2776; x_wconf 83' lang='lat' dir='ltr'><strong>mutantur</strong></span> <span class='ocrx_word' id='word_1_382' title='bbox 1090 2732 1182 2787; x_wconf 77' lang='lat' dir='ltr'><strong>equi</strong></span> <span class='ocrx_word' id='word_1_383' title='bbox 1212 2729 1378 2784; x_wconf 68' lang='lat' dir='ltr'><strong>publlm·</strong></span> <span class='ocrx_word' id='word_1_384' title='bbox 1436 2725 1538 2768; x_wconf 70' lang='lat' dir='ltr'><strong>Vlde</strong></span> 
     </span>
     <span class='ocr_line' id='line_1_47' title="bbox 19 2793 1031 2838; baseline 0 -6"><span class='ocrx_word' id='word_1_385' title='bbox 19 2793 196 2835; x_wconf 81' lang='lat' dir='ltr'><strong>Glossar.</strong></span> <span class='ocrx_word' id='word_1_386' title='bbox 214 2794 320 2836; x_wconf 89' lang='lat' dir='ltr'><strong>med.</strong></span> <span class='ocrx_word' id='word_1_387' title='bbox 338 2796 511 2838; x_wconf 85' lang='lat' dir='ltr'><strong>Graecit.</strong></span> <span class='ocrx_word' id='word_1_388' title='bbox 528 2795 572 2834; x_wconf 89' lang='lat' dir='ltr'><strong>in</strong></span> <span class='ocrx_word' id='word_1_389' title='bbox 591 2794 670 2835; x_wconf 90' lang='lat' dir='ltr'><strong>hac</strong></span> <span class='ocrx_word' id='word_1_390' title='bbox 687 2807 804 2837; x_wconf 79' lang='lat' dir='ltr'><strong>voce.</strong></span> <span class='ocrx_word' id='word_1_391' title='bbox 858 2806 1031 2835; x_wconf 68' lang='lat' dir='ltr'><strong>numo.</strong></span> 
     </span>
    </p>
   </div>
  </div>
 </body>
</html>
