1754 3164
200 178 333 227 1242
729 180 1208 227 ANNOTATIONES.

194 290 360 329 tertium
378 283 423 333 <Q
448 286 639 339 gradum,
668 300 751 324 non
781 292 912 325 autem
946 286 1002 329 24
1031 286 1096 333 ΕΞ
1122 292 1247 327 tenet.
1322 286 1458 335 Quare
1494 285 1659 325 videant
1701 285 1743 326 οἷ

194 343 431 399 α’στρολόγοι
451 344 520 385 καὶ
541 340 792 399 χρονολόγοι,
825 358 874 381 an
897 344 1003 383 intra
1038 348 1123 387 200
1157 358 1282 384 annos
1314 349 1340 387 9
1378 343 1573 395 graduum
1598 344 1739 382 discri—

193 419 284 443 men
311 402 476 441 conflari
502 402 703 455 potuerit·
735 407 876 453 atque,
903 401 1031 454 ipsine
1062 409 1217 453 errent,
1249 416 1298 441 an
1322 401 1496 440 errarint
1514 402 1737 454 Byzantini.

193 474 391 502 womws.

308 519 410 570 Pag
443 510 783 567 456‚13.³Hv
814 510 925 571 αυτῷ
953 520 1051 564 παῖς
1082 517 1181 570 etc]
1215 516 1312 556 Inde
1343 515 1562 568 incipiebat
1602 521 1738 566 ciput‚

191 573 284 628 περὶ
314 577 388 626 τῆς
418 574 651 626 ἐπιβουλίας
679 577 755 615 τοῦ
786 570 927 627 Κραλη
958 572 1067 628 πικροὶ
1098 579 1170 615 τοῦ
1204 575 1302 615 υἱοῦ
1330 571 1479 622 αυτοῦ,
1513 571 1560 611 de
1581 570 1740 611 insidiis

191 648 290 686 quas
320 629 431 671 Οιαῖἰ
449 631 562 685 filius
588 648 680 671 suus
696 630 829 688 ficit,
859 645 964 683 non,
997 646 1097 685 quas
1127 630 1243 670 Crale
1227 630 1391 687 sfiliis
1418 632 1500 670 suis
1525 629 1653 686 ficit,
1693 635 1739 668 ut

190 690 398 742 legebatur
428 690 469 727 in
487 689 685 728 Wolfiana
721 688 906 730 editione.
966 703 1123 728 ΒοινΙΝ.

304 761 410 812 Pag.
442 759 551 807 456,
583 761 647 800 16.
711 760 771 813 Τῇ
797 760 873 798 τοῦ
901 758 1109 812 Καίσαρος
1139 755 1343 811 θυγατρὶ]
1374 757 1500 796 Maria
1533 757 1737 796 Palaeolo-

191 817 282 868 gina
303 816 461 855 Ioannis
490 816 715 864 Palaeologi
739 815 918 853 Caesaris
934 815 1035 865 filia,
1068 822 1107 854 et
1129 814 1337 854 Michaelis
1360 814 1590 865 Palaeologi
1611 814 1736 865 impe-

189 874 337 913 ratoris
359 874 502 927 neptis,
532 873 636 913 Vide
653 873 794 917 Famil.
816 874 980 926 Byzant.
1002 880 1041 912 et
1063 874 1204 912 seriem
1224 886 1362 925 regum
1383 872 1546 911 Sei-viae
1566 886 1603 910 n.
1629 871 1734 910 LXI.

188 945 362 972 DUCANG.

308 992 404 1041 Pag.
436 988 544 1038 457,
577 991 643 1030 16.
701 983 768 1036 'Eg
798 984 842 1028 δὲ
869 983 1042 1029 τούπιὸν
1072 986 1181 1040 ἔτος]
1224 987 1438 1026 Cantacuz.
1466 987 1535 1026 lib.
1562 987 1613 1026 II.
1646 1000 1734 1039 cap.

188 1047 339 1088 XXVI.
367 1046 537 1085 XXVII.
592 1045 694 1084 Vide
727 1045 869 1084 seriem
901 1059 1040 1097 regum
1071 1046 1231 1084 Serviae
1259 1047 1298 1083 in
1329 1045 1465 1084 Famil.
1494 1045 1661 1096 Byzant.
1695 1059 1733 1082 n.

187 1104 348 1145 XLVII.
374 1110 412 1142 et
439 1103 618 1142 XLVIII.
651 1117 825 1142 DUCANG.
882 1099 948 1151 Ἐς
976 1101 1019 1143 δὲ
1041 1098 1214 1144 του’πιο“ν
1238 1102 1350 1155 ἔτος]
1391 1103 1585 1143 Proximo
1616 1116 1733 1150 anno,

191 1162 344 1200 scilicet
377 1167 469 1213 post
494 1159 703 1199 Michaelis
735 1160 901 1211 Bulgari
933 1161 1114 1199 cladem:
1157 1169 1262 1199 anno
1293 1167 1425 1199 autem
1457 1173 1539 1197 non
1573 1159 1732 1207 Christi,

189 1219 259 1258 sed
280 1219 444 1267 Mundi,
479 1232 606 1269 eoque
627 1218 874 1269 Byzantino,
906 1219 975 1268 qui
998 1218 1124 1256 inibat
1142 1231 1276 1256 mense
1297 1217 1537 1268 Septembri.
1594 1217 1633 1255 Is
1660 1231 1733 1253 an-

187 1291 265 1315 nus
300 1277 378 1315 suit
414 1275 554 1314 Mundi
586 1275 650 1314 VI.
683 1275 1052 1316 MDCCCXXXIX.
1095 1274 1246 1314 Christi
1284 1275 1543 1314 MCCCXXX
1582 1274 1730 1314 exiens.

186 1347 340 1374 nomm.

306 1406 402 1456 Pag.
433 1403 537 1452 458,
571 1405 637 1444 12.
699 1400 782 1442 Καὶ
816 1400 998 1440 Νίκαιαν
1029 1394 1160 1453 εἷλον]
1202 1401 1257 1441 Ut
1288 1401 1436 1440 Nicaea
1465 1408 1579 1453 capta
1612 1401 1733 1440 fuerit

189 1461 237 1499 ab
268 1460 454 1500 Orehane
479 1460 658 1508 Summo,
690 1473 794 1497 anno
817 1458 973 1496 scilicet
996 1456 1278 1497 Mahumetano
1304 1459 1596 1498 DCCXXXIV.
1620 1459 1731 1497 Chri-

188 1519 241 1557 sti
258 1517 586 1557 MCCCXXXIII.
615 1523 753 1555 narrat
775 1515 1040 1554 Leunclavius
1065 1515 1136 1556 lib.
1162 1515 1232 1556 IV.
1262 1516 1362 1555 Hist.
1383 1517 1622 1555 Musulman.
1645 1523 1731 1555 tum

189 1590 239 1615 ex
264 1576 472 1614 annalibus
501 1575 696 1625 Turcicis,
728 1582 815 1613 tum
839 1587 889 1611 ex
912 1572 1103 1622 Laonico,
1135 1579 1220 1612 tum
1243 1574 1330 1612 aliis
1352 1575 1619 1626 scriptoribus
1637 1589 1728 1627 pag.

189 1637 286 1677 180.
317 1637 412 1676 181.
446 1637 536 1676 190.
596 1633 666 1671 IIIa
702 1639 858 1680 autem,
889 1638 935 1668 ut
966 1637 1005 1668 et
1034 1631 1267 1670 Nicomedia
1300 1631 1347 1669 ab
1369 1631 1554 1671 Orchane
1579 1633 1731 1685 pariter

187 1698 319 1744 capta,
348 1697 433 1729 tum
457 1691 621 1729 Graecis
646 1690 826 1742 parebat,
857 1695 903 1726 ut
928 1694 1040 1739 patet
1060 1702 1110 1726 ex
1137 1690 1338 1739 Gregora.
1368 1690 1438 1728 lib.
1464 1690 1534 1728 IX.
1557 1690 1728 1742 cap.IX.

187 1755 229 1787 et
263 1749 478 1788 Cantacuz.
513 1748 582 1786 Iib.
613 1748 661 1788 ΙΙ.
698 1762 786 1800 cap.
819 1746 968 1784 XXIV.
1001 1746 1146 1785 XXVI.
1180 1746 1290 1799 quod
1323 1747 1528 1798 ignorasse
1564 1748 1730 1786 videtur

184 1806 476 1853 Leunclavius,
522 1805 592 1858 qui
626 1805 764 1844 nescio
807 1817 926 1855 quem
960 1803 1155 1853 Regulum
1190 1804 1361 1843 Nicaeae
1397 1804 1619 1857 praefuisse
1658 1806 1726 1844 ait.

185 1863 410 1915 Uti-iusque
432 1877 555 1916 porro
583 1863 695 1902 urbis
717 1864 865 1901 frustra
890 1866 1063 1899 tentatae
1087 1861 1327 1908 obsidionis,
1360 1876 1439 1902 non
1459 1876 1556 1901 vero
1576 1869 1727 1915 captae,

185 1921 366 1960 meminit
393 1921 546 1959 ibidem
578 1921 902 1960 Cantacuzenus:
954 1925 1097 1957 contra
1127 1933 1226 1958 vero
1261 1919 1428 1960 Phranz.
1471 1920 1544 1960 lib.
1577 1921 1602 1962 I.
1638 1935 1724 1975 cap.

182 1977 351 2019 XXVII.
411 1992 588 2018 DUCANG.

298 2045 398 2099 Peg.
428 2047 534 2096 458,
568 2045 643 2089 15:
694 2043 775 2085 Καὶ
809 2042 936 2098 ἆγίων
963 2047 1168 2098 γυναικῶν
1199 2044 1376 2095 λείψανα
1407 2041 1509 2097 δύο]
1557 2046 1726 2085 Nicaeae

182 2104 421 2155 martyrium
445 2118 581 2156 passas
600 2105 638 2142 S.
660 2101 899 2141 Antoninam
920 2103 1012 2142 XII.
1028 2103 1132 2140 Iunii
1155 2109 1195 2141 et
1213 2103 1251 2141 S.
1266 2103 1515 2142 Theodotam
1542 2117 1632 2142 cum
1651 2105 1725 2142 tri-—

182 2161 260 2199 bus
283 2161 375 2199 filiis
401 2163 484 2199 suis
499 2161 687 2200 XXVIII.
709 2159 816 2209 Iulii,
846 2158 997 2199 habent
1017 2160 1199 2200 Menaea:
1231 2175 1283 2199 an
1300 2161 1396 2200 istas
1418 2162 1615 2213 intelligat
1626 2162 1725 2200 Gre-

182 2232 314 2271 goras,
343 2218 541 2258 incertum
564 2224 710 2257 manet.
767 2231 941 2256 DUCANG.

298 2288 400 2341 Pag.
431 2286 535 2337 458,
570 2291 634 2329 16.
698 2283 778 2334 Τοῖς
814 2283 992 2339 οἰκήσεις
1030 2285 1075 2327 ἐν
1120 2290 1206 2336 τοῖς
1244 2286 1456 2340 παραλίοις
1492 2286 1720 2339 Βιθυνίας]

181 2344 289 2384 Hinc
311 2344 452 2383 scribit
477 2344 743 2384 Leunclavius
768 2350 861 2396 post
890 2350 1048 2396 captam
1078 2344 1289 2393 Nicaeam,
1328 2343 1559 2383 Orchanum
1589 2344 1721 2396 ipsum

183 2402 254 2442 diu
276 2402 380 2441 hanc
400 2401 543 2441 urbem
554 2403 698 2440 Portae
719 2402 804 2440 sive
819 2401 968 2452 Regiae
984 2401 1076 2440 loco
1096 2400 1285 2441 habuisse
1302 2414 1392 2453 pag.
1416 2403 1510 2445 195.
1541 2416 1719 2441 DUGANG.

299 2475 396 2525 Poeg
429 2470 532 2520 458,
562 2472 631 2512 23.
688 2468 732 2510 ‘O
760 2470 989 2524 Μετοχίτης
1018 2467 1151 2511 ἐλθων
1180 2469 1225 2511 ἐκ
1253 2472 1327 2522 τῆς
1351 2470 1534 2525 ἐξορίας]
1566 2471 1718 2523 Dialog.

185 2528 443 2584 Φλωρέντιος,
473 2541 544 2567 seu
576 2526 668 2580 περὶ
698 2529 867 2579 σοφίας,
900 2528 996 2569 Cod.
1016 2529 1110 2578 Reg
1133 2529 1256 2570 3284
1276 2527 1347 2570 sol.
1365 2527 1462 2572 246.
1482 2542 1518 2570 v.
1552 2524 1720 2581 Μητρό-

180 2587 310 2640 δωρος
333 2585 406 2657 μὲν
432 2585 587 2634 ἐκεῖνος
612 2584 686 2652 (ita
714 2585 798 2623 illic
819 2591 991 2625 vocatur
1008 2580 1264 2637 Metochites)
1296 2583 1321 2626 ὅ
1346 2600 1529 2638 περιττος
1556 2602 1631 2637 την
1652 2598 1719 2626 σο-

179 2644 307 2694 φίαν,
338 2660 369 2685 ω
394 2644 486 2694 φίλε
515 2637 781 2696 Κριτόβουλε,
812 2640 952 2695 ἐπειδη
976 2659 1025 2683 τα
1055 2644 1130 2695 τῆς
1154 2640 1374 2710 ἡγεμονίας
1396 2642 1436 2691 ἐς
1459 2642 1717 2696 ἹΙρακλείδας

178 2698 242 2771 (id
275 2708 333 2740 est
359 2701 410 2740 ad
433 2699 708 2740 Andronicum
735 2699 951 2754 iuniorem)
982 2696 1340 2772 μετακεκύβευται,
1373 2698 1613 2753 δεδήμευται
1643 2698 1717 2752 μὲν

177 2773 255 2811 την
284 2754 452 2808 οὐσίαν,
496 2753 606 2799 πάνυ
635 2772 698 2798 τοι
732 2758 922 2810 πλείστην
962 2753 1113 2799 ουσαν
1164 2752 1287 2805 αὐτὸς
1317 2752 1359 2796 δ’
1389 2756 1455 2798 ἐπὶ
1485 2759 1602 2798 δυοῖν
1632 2757 1717 2806 ἐξο-

177 2817 419 2869 στρακίζεται
446 2819 534 2857 τοῖν
564 2814 779 2855 ἐνιαυτοῖν.
824 2814 959 2855 ἔπειτα
994 2811 1230 2856 ἐπανελθων
1276 2814 1433 2864 οἴκαδε,
1473 2814 1543 2855 καὶ
1569 2811 1713 2869 μικρὸν

172 2870 377 2925 ἐπιβιους,
417 2868 664 2925 ἐτελεύτησε,
705 2868 839 2920 νόσοις
867 2873 1048 2928 βαρείαις
1075 2887 1119 2914 το
1150 2874 1266 2925 σωμα
1296 2872 1563 2926 δαπανηθείς.
1619 2872 1706 2911 Ita-
