1754 3164
200 151 294 203 125
300 155 328 202 8
718 156 1194 204 ANNOTATIONES.

307 267 368 306 Ita
397 265 556 319 quidem
584 263 874 318 Hippocrates3
915 278 1032 317 quem
1065 265 1123 304 sic
1155 271 1295 305 contra
1327 264 1591 318 Apocaucus:

410 342 512 417 Ἐγω“
544 347 688 396 σοφων
717 340 900 400 κράτιστε
929 360 1010 386 των
1038 343 1331 399 ὖμνουμένων,

413 400 492 446 'Aah
521 403 733 473 διαρθρων
763 406 847 450 τοῖς
876 406 1082 457 λογισμοῖς
1110 401 1284 457 τὴν*).

413 459 498 501 Καὶ
517 475 602 519 την
631 456 727 500 καθ’
755 458 865 528 ἡμᾶς
894 460 933 501 ἐ’“
914 458 1100 514 ςερευ**)
1133 489 1311 504 .....

409 515 476 567 Ἐξ
504 519 556 569 ’ῆς
586 521 736 571 μαθεῖν
764 514 957 571 πάρεστιν
987 517 1157 568 ἐνθέους
1185 513 1357 585 λόγους,

417 578 592 624 Πολλοῖς
623 573 696 627 μὲν
727 574 843 642 ἔσχον
873 575 1049 627 ἐντυχεῖν
1080 578 1221 628 σοφῶν
1251 571 1404 629 λόγοις,

413 636 583 704 ,Sotpa'iq⁸
596 628 900 674 οἶναπτύσσουσι
928 630 1004 685 τὴν
1016 631 1104 691 ***)
1109 663 1287 674 .....

415 687 518 760 Παρ’
550 691 609 730 ὥν
639 686 831 744 ἄφορμας
865 692 1050 742 δαψιλεῖς
1074 692 1129 743 ’ἡν
1159 686 1403 758 λαμβάνειν,

409 744 530 817 Προς
556 750 702 800 θαῦμα
730 750 804 788 τοῦ
833 749 1042 796 κτίσαντος
1072 744 1264 801 α’ρὅτοις
1285 744 1465 817 τρόποις.

409 801 518 845 Ἐπεὶ
551 803 594 845 δὲ
622 821 705 846 των
735 817 819 845 σων
849 800 1027 846 ευκλεων
1057 802 1379 856 σπουδασιιάτων

377 872 381 875 ’
414 859 554 910 Πολύς
584 871 644 910 τις
674 861 779 916 ἕρῤει
808 859 1021 916 θαύματος
1044 862 1178 918 γέμων
1207 859 1345 935 λόγος,

411 919 482 967 Ὡς
510 922 584 972 τῆς
616 919 659 960 ἐν
688 918 790 973 ημῖν
818 923 891 961 τοῦ
920 923 1027 960 θεοῦ
1056 922 1313 987 τεχνουργίας

418 974 523 1025 Τους
552 974 771 1030 μυστικους
798 980 1044 1031 τρανοῦντος
1078 974 1287 1045 ἐμφύτους
1312 973 1480 1031 λόγους,

414 1031 559 1075 Πολυν
588 1032 661 1087 μὲν
690 1034 805 1105 ε’σχον
835 1035 1013 1088 ἐντυχεῖν
1043 1033 1203 1084 τούτοις
1232 1031 1395 1086 πόθον,

410 1095 630 1146 Λαμπραΐς
651 1088 718 1133 ἐπ’
748 1088 884 1141 αυτοῖς
914 1092 1127 1147 ἐντρυφῶν
1156 1096 1242 1142 ταῖς
1272 1092 1414 1134 ἐλπίσι.

302 1197 405 1235 Tum
424 1195 531 1235 idem
556 1195 775 1235 interiectis
799 1196 955 1249 aliquot
975 1196 1178 1247 versibus,

406 1272 517 1317 Ἐπεὶ
548 1273 592 1317 δὲ
621 1274 690 1316 καὶ
719 1274 889 1316 νένευκα
918 1274 1061 1318 λοιπον
1091 1273 1194 1331 πρὸς
1224 1272 1399 1326 πόνους,

409 1333 661 1387 Ὡρμημένος
691 1329 855 1386 τάχιστα
889 1337 1080 1388 πληροῦν
1107 1332 1178 1375 τόν
1209 1329 1368 1383 πόθον,

409 1391 493 1431 Καὶ
524 1389 575 1444 δή
607 1389 829 1444 προσέσχον
860 1390 1038 1444 ἐμμελῶς
1065 1395 1150 1440 τοῖς
1178 1392 1374 1462 βιβλίοις,

411 1447 496 1488 Καὶ
524 1445 599 1502 τὴν
621 1445 720 1500 ’ὅλην
750 1448 906 1489 δέδωκα
933 1452 985 1505 τῇ
1012 1447 1129 1515 τέχνῃ
1160 1449 1316 1516 σχέσιν·

407 1501 525 1546 Ἀλλοὶ
555 1522 599 1547 το
640 1503 785 1547 λοιπον
813 1507 873 1555 τίς
903 1502 1148 1560 παραστήσει
1175 1501 1318 1561 λόγος,

188 1585 359 1636 Reliqua
384 1585 555 1635 omitte,
589 1599 690 1638 quae
713 1593 752 1624 et
772 1586 891 1625 nimis
917 1587 1041 1625 multa
1071 1593 1189 1633 sunt,
1223 1592 1261 1624 et
1282 1586 1333 1625 ad
1355 1586 1584 1625 institutum
1599 1583 1730 1622 minus

188 1642 407 1694 pertinent.
465 1644 591 1682 Porro
615 1644 877 1696 Apocaucum
899 1644 1078 1696 legendis
1099 1616 1346 1683 Medicorum
1368 1643 1529 1696 scriptis
1549 1642 1731 1681 deditum

189 1699 337 1750 fuisse,
370 1701 560 1740 discimus
586 1701 706 1740 etiam
727 1715 777 1739 ex
801 1702 1013 1748 Actuario‚
1048 1702 1119 1754 qui
1146 1715 1238 1740 suos
1257 1702 1306 1740 de
1326 1701 1516 1740 Methodo
1541 1698 1730 1739 medendi

186 1757 316 1796 libros
338 1758 395 1809 ei,
425 1759 477 1798 ad
499 1758 784 1812 Hyperboreos
804 1759 973 1811 Scythas
990 1760 1121 1810 legato
1144 1760 1275 1810 eunti,
1305 1758 1568 1812 nuncupavit.
1628 1756 1729 1797 Vide

185 1815 442 1855 Lambecium
474 1817 525 1855 de
545 1815 797 1855 Bibliotheca
820 1817 976 1856 Caesar.
997 1817 1068 1855 lib.
1089 1817 1154 1855 VI.
1172 1830 1261 1869 pag.
1289 1819 1384 1859 113.
1441 1829 1595 1855 nowm.

306 1875 402 1926 Pag.
433 1874 530 1924 577,
560 1878 598 1917 6.
659 1873 741 1914 Καὶ
769 1872 845 1927 τὴν
865 1869 1151 1928 προσήκουσαν
1181 1873 1274 1928 περὶ
1292 1869 1420 1915 αὐτὸν
1442 1871 1726 1929 δορυφορίαν]

188 1929 237 1969 Id
257 1930 389 1982 ipsum
410 1931 534 1970 tradit
556 1932 718 1971 Cantac.
741 1931 811 1972 lib.
837 1932 867 1970 I.
890 1945 978 1984 cap.
996 1930 1028 1969 I.
1084 1945 1262 1970 DUGANG.

305 1990 399 2041 Pag.
431 1989 527 2038 577,
559 1993 598 2032 7.
662 1985 874 2038 Φονεύσας
894 1986 966 2030 τόν
989 1988 1181 2043 βασιλέα]
1214 1987 1610 2031 Cantacuz.1ib.111.
1634 2001 1719 2040 cap.

190 2046 254 2088 13.
304 2058 480 2086 DUCANG.

302 2099 404 2155 Pag·
435 2104 532 2153 577,
563 2107 604 2146 9.
654 2098 715 2142 H
733 2105 792 2158 τῷ
816 2104 920 2159 θείῳ
940 2105 1016 2144 τοῦ
1037 2101 1234 2156 βασιλέως
1264 2102 1588 2158 Κωνσταντίνῳ]
1619 2102 1723 2141 Filio

187 2158 365 2197 secundo
386 2160 520 2212 genito
548 2144 775 2200 Andronici
804 2161 972 2201 senioris
1003 2160 1100 2214 imp.
1133 2161 1183 2200 de
1211 2173 1291 2213 quo
1325 2160 1368 2199 in
1389 2161 1724 2213 Fami1.Byzant.

186 2229 362 2258 DUGANG.

300 2272 401 2329 Pag·
431 2273 529 2326 577,
560 2277 626 2318 10
674 2270 736 2315 H
745 2272 1011 2332 Συργιαννη]
1044 2275 1166 2314 Cuius
1187 2275 1257 2315 ille
1280 2274 1593 2315 studiosissimus
1623 2280 1721 2315 erat.

187 2344 360 2373 nummo.

304 2391 399 2441 Pag.
429 2388 526 2435 578.
550 2390 598 2430 6.
657 2387 1023 2443 Καντακουζηνον,
1067 2392 1269 2431 συνωθων
1299 2405 1349 2430 τα
1385 2386 1567 2445 ἐρυθρα]
1610 2389 1722 2429 Idem

187 2452 324 2486 narrat
344 2447 557 2486 Cantacuz.
581 2445 651 2484 lib.
669 2446 719 2486 Π.
735 2461 829 2515 cap.
848 2450 917 2491 40.
942 2462 1029 2500 pag.
1047 2451 1141 2490 337.
1199 2460 1376 2486 numm}-

304 2506 398 2557 Pag.
429 2503 526 2553 578,
556 2507 595 2545 7
652 2499 851 2558 Ἀναγκην
872 2504 1063 2553 πολλακις
1083 2501 1365 2560 ἐπενεγκόντος
1391 2506 1467 2545 τοῦ
1492 2501 1720 2558 βασιλέως]

164 2560 403 2602 ’(ΖειηῑειουΖ.
425 2560 528 2600 Hist.
552 2560 620 2600 lib.
640 2560 689 2600 II.
714 2575 800 2614 cap.
819 2563 890 2605 IX.
913 2570 952 2602 et
970 2563 1076 2602 XIV.
1133 2576 1287 2604 1301V1N.

299 2617 398 2671 Pssg·
428 2620 524 2666 578,
554 2621 624 2661 23.
657 2616 749 2667 Τὰς
769 2619 883 2662 ἐννέα
903 2621 1131 2673 πενθίμους
1149 2619 1317 2689 ἡμέρας]
1338 2620 1602 2659 Cantacuzen.
1620 2632 1718 2671 μετα

188 2672 232 2715 δὲ
251 2690 326 2729 την
344 2672 515 2728 ἐννᾶτην
537 2678 617 2716 τῶν
646 2674 711 2716 ἐπὶ
731 2681 815 2726 τοῖς
833 2675 1128 2732 τετελευτηκόσι
1154 2673 1348 2732 συνήθως
1374 2675 1602 2731 γενομένων
1636 2675 1719 2716 ἱλα-

277 2763 315 2808 Ἴ
336 2764 473 2807 κτίσιν,
497 2763 633 2811 opinor.
680 2775 814 2802 ΒοῐνῐΝ.

276 2810 335 2849 *Ἴ
360 2811 458 2845 Fort.
483 2810 682 2855 ἐξερευνῶν
707 2811 895 2849 σύνθεσιν.
943 2824 1082 2849 1³01le-

276 2856 340 2899 m)
363 2857 459 2893 Fert.
486 2856 591 2905 ἡμων
610 2856 738 2904 φύσιν.
765 2870 900 2897 noxvm.
