1754 3164
226 127 251 173 1
261 124 358 174 186
721 128 1205 175 ΑΝΝΟΤΑΤΙΟΝΕΒ.

221 253 342 278 manu
363 251 449 277 mea
471 236 622 276 Leonis
648 232 856 287 Cinnami,
887 233 1094 276 absolurus
1124 234 1229 290 (cum
1259 231 1462 291 Deo)'die
1491 235 1617 280 XIV.
1652 254 1752 277 men-

220 297 277 335 sis
306 293 475 344 Martii,
511 291 736 333 Indictione
758 292 839 336 IV.
869 291 932 332 die
953 291 1053 333 VII.
1084 294 1210 333 Anno
1235 293 1312 334 VJ.
1333 293 1753 335 MDCCLXXXIV

220 350 503 406 imperantibus
534 350 655 391 Dom.
685 349 894 392 Micha'dle
929 350 1048 391 Duca
1077 349 1239 404 Angelo
1283 349 1479 392 Comneno
1515 368 1615 393 novo
1651 351 1754 393 Con-

220 411 412 458 stantino,
445 406 658 447 Theodora
688 406 986 461 religiosissima
1014 407 1226 461 Augusta,
1261 409 1386 449 Dom.
1414 408 1655 450 Andronico
1681 408 1754 450 Co·-

219 481 358 506 mneno
395 463 662 519 Palaeologo‚
709 475 745 504 et
783 464 958 505 ANNA
999 464 1296 519 religiosissima
1335 466 1537 521 Augusta.
1596 469 1693 507 Erat
1729 468 1754 507 is

221 537 349 563 annus
374 522 526 562 Christi
548 523 835 563 MCCLXXVI.
856 523 998 562 aetatis
1019 530 1151 562 autem
1171 524 1398 563 Andronici
1430 524 1577 567 va.
1611 539 1750 564 notvm

335 584 432 634 Pag.
466 583 570 631 167,
601 581 671 624 24.
702 576 1045 634 Διαπρεσβεύεται
1074 578 1178 635 πρός
1206 579 1276 622 τόν
1306 582 1412 636 ῥῆγα
1441 584 1514 636 τῆς
1542 577 1754 635 Ἱσπανίας]

220 638 344 677 Cuius
363 645 448 678 erat
471 636 640 694 ἐκγόνη,
671 639 805 691 inquit
823 638 1113 691 Pachymeres:
1144 639 1295 692 quippe
1315 639 1483 678 Beatrix
1511 652 1616 679 uxor
1640 641 1754 679 Guil-

219 696 314 735 elmi
345 697 408 736 VI.
452 696 697 735 Marchionis
730 697 1047 746 Montisserrati,
1113 697 1303 736 Guilelmi
1340 698 1667 736 Monferratensis
1716 712 1754 737 ac

217 753 582 794 Thessalonicensis
614 756 718 806 regis
745 754 839 804 filii,
881 761 922 795 et
959 761 1088 794 mater
1119 755 1299 794 Iolantae
1334 768 1406 794 seu
1432 756 1564 794 [renes
1598 756 1754 794 alterius

216 811 441 851 Andronici
465 812 561 865 imp.
594 813 759 864 uxoris,
799 812 883 852 filia
915 813 995 852 fuit
1023 812 1180 852 Alfonsi
1206 814 1313 865 regis
1346 813 1562 864 Castellae‚
1594 827 1667 852 seu
1692 813 1754 852 Hi-

218 871 393 923 spaniae.
451 884 630 910 DUGANG.

331 927 432 982 Pag.
466 931 570 978 168,
600 931 640 971 8.
674 927 783 981 Πρὶν
809 925 853 970 τὸ
872 924 1086 980 ἐνδόσιμον
1111 926 1322 981 εἰληφέναι
1341 925 1453 983 παρὰ
1476 930 1550 968 τοῦ
1574 923 1754 980 Πάππα]

216 985 280 1024 Ex
305 984 504 1024 hocloco
540 986 663 1025 infert
696 986 870 1025 Allatius
903 986 973 1025 lib.
1009 986 1060 1027 ss.
1104 986 1153 1024 de
1185 986 1399 1037 utriusque
1433 986 1533 1026 eccl.
1575 1000 1754 1024 consens.

217 1057 308 1096 cap.
337 1043 445 1083 XIV.
476 1057 514 1083 n.
539 1047 575 1086 1.
608 1058 694 1083 eam
723 1044 900 1096 viguisse
928 1051 1015 1083 tum
1046 1043 1399 1094 consuetudinem,
1430 1050 1477 1083 ut
1503 1044 1656 1082 Latinis
1679 1058 1754 1082 non

215 1101 376 1140 licuerit
405 1100 657 1140 matrimonia
686 1102 788 1140 inire
819 1116 909 1141 cum
943 1102 1126 1151 Graecis,
1175 1101 1255 1140 nisi
1284 1115 1439 1140 summo
1472 1101 1661 1153 pontifice
1691 1116 1754 1140 an.

214 1165 375 1199 nuente.
438 1158 530 1206 Quo
559 1160 705 1199 referri
734 1166 867 1212 potest
907 1159 1018 1211 quod
1048 1159 1174 1198 tradit
1203 1158 1427 1199 Matthaeus
1456 1159 1632 1198 Pax-isius
1670 1173 1754 1211 pag.

215 1216 315 1259 418.
337 1215 433 1258 431.
465 1222 505 1254 et
524 1215 619 1260 453.
651 1231 767 1269 aegre
799 1218 1014 1256 admodum
1044 1217 1186 1255 tulisse
1217 1231 1416 1256 summum
1437 1217 1680 1269 pontificem,
1713 1231 1754 1256 ac

213 1287 296 1312 non
326 1274 449 1313 semel
479 1274 682 1314 obiectum
711 1275 917 1315 Friderico
950 1275 997 1314 Il.
1027 1275 1126 1327 imp.
1157 1275 1268 1326 quod
1296 1274 1420 1313 filiam
1452 1288 1563 1313 suam
1595 1274 1754 1314 notham

213 1332 392 1382 Annam,
423 1345 494 1370 seu
523 1338 569 1370 ut
598 1332 667 1371 alii
698 1341 864 1381 vocant,
898 1333 1187 1380 Constantiam,
1218 1332 1258 1370 in
1287 1346 1458 1372 uxorem
1490 1332 1664 1371 dedisset
1693 1333 1754 1371 Io-

214 1389 310 1428 anni
340 1389 530 1428 Vatatzae
570 1390 809 1442 imperatori
838 1389 1302 1443 Constantinopolitano.
1361 1389 1512 1429 Scribit
1550 1396 1754 1443 praeterea

212 1446 482 1499 Pachymeres
510 1447 580 1486 lib.
610 1447 680 1486 IX.
713 1462 800 1501 cap.
831 1449 876 1489 V.
907 1448 1184 1488 Andronicum
1214 1448 1498 1499 Palaeologum
1528 1449 1623 1500 imp.
1654 1461 1754 1486 uxo-

212 1517 298 1544 rem
325 1503 408 1543 filio
431 1503 621 1544 Michaeli
647 1520 789 1545 recens
817 1506 1054 1559 imperatori
1078 1506 1319 1556 inaugurato
1342 1511 1615 1558 quaerentem,
1649 1506 1754 1544 obla-

211 1567 294 1601 tam
324 1562 402 1600 sibi
434 1563 568 1601 Caroli
596 1564 702 1615 regis
732 1564 892 1604 Siciliae
923 1565 1078 1617 neptim
1110 1577 1156 1602 ac
1185 1563 1369 1616 Philippi
1397 1563 1605 1602 Tarentini
1633 1563 1754 1602 filiam

213 1620 415 1670 abnuisse,
446 1617 522 1674 τὴν
555 1616 634 1662 nimi
658 1624 733 1662 τοῦ
763 1618 925 1663 Πάππα
953 1626 1028 1677 τῆς
1054 1618 1206 1674 Ῥώμης
1239 1617 1515 1674 ὖπειδόμενον
1543 1620 1754 1674 ’ὑπερηφα-

195 1679 330 1729 -vc'ocv,
365 1677 437 1717 sed
468 1684 508 1718 et
536 1678 641 1730 regis
674 1679 803 1732 Cypri
831 1680 985 1731 filiam,
1026 1679 1137 1732 quod
1165 1679 1200 1718 is
1232 1678 1384 1731 absque
1414 1678 1619 1731 pontificis
1649 1692 1754 1717 sum-

212 1735 270 1774 mi
299 1736 469 1775 consilio
501 1743 540 1776 et
570 1737 761 1777 facultate
791 1736 865 1777 has
890 1738 1051 1791 nuptias
1082 1751 1273 1790 peragere
1302 1737 1448 1775 nollet:
1479 1734 1525 1778 τό
1557 1732 1600 1777 δ’
1627 1730 1681 1788 ’ἦν
1709 1731 1753 1777 τό

211 1790 297 1835 ‘timo‘
332 1794 462 1850 βουλῇ
487 1794 558 1835 καὶ
583 1791 751 1848 θελήσει
777 1798 849 1850 τῆς
871 1794 972 1837 navo}
1002 1792 1156 1849 Ῥώμην
1184 1795 1397 1848 ἐκκλησίας
1425 1792 1469 1836 τὸ
1499 1791 1754 1848 συνάλλαγμα

211 1847 541 1906 διαπράττεσθαι.
576 1866 752 1895 onemo.

330 1911 427 1962 Peg.
459 1911 562 1961 168,
594 1914 661 1953 12.
713 1905 790 1951 ᾖἨν
814 1909 857 1952 δὲ
877 1909 902 1952 ὅ
922 1907 1106 1963 βασιλεῦς
1135 1911 1357 1962 τηνικαῦτα
1385 1911 1458 1958 τῆς
1487 1907 1591 1962 ήλικ.
1620 1907 1754 1961 τρίτον

211 1964 285 2007 καὶ
314 1964 492 2009 εἰκοστὸν
522 1967 609 2016 ἔτος
637 1964 840 2022 ἆμείβων]
885 1968 1054 2007 Wollius
1083 1973 1284 2017 verterat,
1326 1965 1488 2020 Agebat
1520 1970 1602 2004 'ium
1634 1967 1754 2018 impe-

213 2032 327 2062 rator
360 2039 505 2064 annum
539 2026 693 2065 tertium
732 2036 768 2065 et
806 2027 1048 2079 vigesimum.
1106 2026 1189 2077 Ego
1228 2024 1356 2074 verti,
1398 2021 1632 2063 Excedebat
1671 2032 1753 2061 tum

211 2081 308 2133 imp.
342 2095 511 2131 annum,
543 2089 618 2122 etc.
673 2083 957 2135 Praeterquam
989 2083 1092 2122 enim
1124 2083 1237 2135 quod
1270 2097 1316 2122 ea
1342 2087 1403 2120 est
1426 2081 1489 2120 vis
1509 2081 1621 2119 verbi
1642 2075 1754 2132 (ἱμεί-

211 2138 324 2190 βειν,
358 2137 641 2192 chronologiae
669 2141 798 2194 ipsius
832 2141 935 2180 ratio
966 2141 1076 2180 favet
1104 2147 1264 2179 nostrae
1295 2138 1635 2190 interpretationi.
1677 2138 1753 2175 Im-

212 2208 278 2233 mo
309 2194 584 2237 Andronicum
614 2198 899 2251 imperatorem
930 2214 1052 2238 annos
1082 2199 1233 2238 XXlV.
1271 2197 1485 2236 excessisse
1517 2200 1677 2247 oportet
1706 2208 1751 2233 eo

211 2257 408 2304 tempore,
439 2269 519 2305 quo
551 2256 765 2295 secundam
797 2271 965 2296 uxorem
995 2257 1128 2307 duxit,
1159 2256 1193 2294 si
1225 2255 1387 2307 quidem
1419 2267 1505 2292 eam
1525 2254 1641 2291 duxit
1659 2257 1752 2305 post

213 2309 368 2348 obitum
400 2312 525 2363 patris
555 2313 617 2351 sui
645 2313 876 2365 Michaelis3
909 2315 980 2367 qui
1008 2313 1090 2352 filio
1123 2313 1354 2352 Andronico
1383 2311 1463 2349 iam
1494 2317 1590 2349 nato
1622 2311 1753 2363 impe-

211 2381 303 2407 rare
333 2377 541 2422 coeperat,
572 2370 866 2425 imperavitque
896 2386 1021 2411 annos
1050 2371 1197 2412 XXIV.
1226 2376 1274 2409 ut
1303 2375 1459 2409 constat
1488 2381 1539 2407 ex
1561 2368 1664 2407 serie
1680 2368 1752 2405 im-

211 2431 443 2478 peratorum
474 2427 770 2480 chronologica.
806 2443 962 2471 1301vm.

328 2486 422 2538 Pag.
445 2488 539 2537 168,
562 2486 627 2529 15·
665 2483 776 2528 Ἐπεὶ
797 2484 836 2528 δ’
859 2484 1019 2542 ὥσπερ]
1056 2486 1292 2539 Pachymer.
1319 2484 1392 2523 lib.
1413 2482 1501 2523 VII.
1531 2496 1617 2535 cap.
1644 2480 1748 2520 XLI.

210 2554 390 2581 nucsne.

330 2602 428 2653 Pag.
461 2601 563 2650 169,
591 2603 631 2642 2.
681 2601 785 2653 Περί
811 2617 892 2643 που
921 2597 1020 2650 τούς
1048 2596 1259 2654 πρόποδας
1287 2601 1363 2641 τοῦ
1390 2593 1618 2648 Ὀλύμπου]
1649 2596 1748 2635 Pru-

212 2669 299 2694 sam
329 2657 462 2709 primo
491 2658 711 2710 relegatum
739 2659 916 2698 Veccum
946 2658 1087 2698 scribit
1105 2657 1342 2710 Pachymer.
1365 2656 1435 2696 lib.
1459 2654 1543 2693 VII.
1568 2667 1657 2705 cap.
1675 2652 1747 2691 XI.

212 2713 360 2753 deinde
379 2721 475 2767 post
494 2713 575 2754 hoc
601 2715 872 2767 colloquium,
905 2717 949 2755 in
974 2730 1107 2756 arcem
1128 2730 1151 2755 a
1172 2715 1324 2755 dextris
1345 2711 1588 2765 ingredienti
1617 2710 1749 2748 sinum

211 2769 478 2821 Astacenum,
521 2772 588 2812 cui
624 2786 770 2812 nomen
801 2788 823 2813 a
853 2775 893 2815 S.
925 2773 1118 2826 Gregorio
1157 2779 1254 2814 erat.
1313 2772 1423 2811 Idem
1462 2783 1551 2822 cap.
1581 2765 1747 2806 XXXV.

210 2834 314 2868 extr.
358 2829 583 2870 Accusatus
621 2837 756 2871 autem
792 2831 872 2871 fuit
908 2831 983 2872 sub
1021 2844 1194 2872 mensem
1236 2830 1354 2871 Febr.
1394 2827 1479 2869 VII.
1516 2825 1660 2866 indict.
1700 2835 1747 2863 ac
