<?xml version="1.0" encoding="UTF-8"?>
<!DOCTYPE html PUBLIC "-//W3C//DTD XHTML 1.0 Transitional//EN"
    "http://www.w3.org/TR/xhtml1/DTD/xhtml1-transitional.dtd">
<html xmlns="http://www.w3.org/1999/xhtml" xml:lang="en" lang="en">
 <head>
  <title>
</title>
<meta http-equiv="Content-Type" content="text/html;charset=utf-8" />
  <meta name='ocr-system' content='tesseract 3.04.00' />
  <meta name='ocr-capabilities' content='ocr_page ocr_carea ocr_par ocr_line ocrx_word'/>
</head>
<body>
  <div class='ocr_page' id='page_1' title='image "./corpusscriptorum39niebuoft_0737.png"; bbox 0 0 1754 3164; ppageno 0'>
   <div class='ocr_carea' id='block_1_1' title="bbox 562 107 1580 164">
    <p class='ocr_par' dir='ltr' id='par_1_1' title="bbox 562 107 1580 164">
     <span class='ocr_line' id='line_1_1' title="bbox 562 107 1580 164; baseline -0.002 0"><span class='ocrx_word' id='word_1_1' title='bbox 562 107 1042 164; x_wconf 74' lang='lat' dir='ltr'><strong>ANNOTA‘HONES.</strong></span> <span class='ocrx_word' id='word_1_2' title='bbox 1450 112 1580 162; x_wconf 76' lang='lat'><strong>1295</strong></span> 
     </span>
    </p>
   </div>
   <div class='ocr_carea' id='block_1_2' title="bbox 39 222 1576 621">
    <p class='ocr_par' dir='ltr' id='par_1_2' title="bbox 40 222 1576 389">
     <span class='ocr_line' id='line_1_2' title="bbox 153 222 1576 283; baseline 0.003 -19"><span class='ocrx_word' id='word_1_3' title='bbox 153 223 251 278; x_wconf 71' lang='lat' dir='ltr'><strong>Peg.</strong></span> <span class='ocrx_word' id='word_1_4' title='bbox 285 225 392 275; x_wconf 87' lang='lat'><strong>905,</strong></span> <span class='ocrx_word' id='word_1_5' title='bbox 421 228 462 267; x_wconf 88' lang='lat'><strong>9.</strong></span> <span class='ocrx_word' id='word_1_6' title='bbox 520 222 758 279; x_wconf 77' lang='grc' dir='ltr'><strong><em>Ἀρξᾶμενος</em></strong></span> <span class='ocrx_word' id='word_1_7' title='bbox 784 222 825 266; x_wconf 84' lang='grc' dir='ltr'><strong>δ’</strong></span> <span class='ocrx_word' id='word_1_8' title='bbox 861 224 1027 267; x_wconf 75' lang='grc' dir='ltr'><strong><em>ἄνωθεν</em></strong></span> <span class='ocrx_word' id='word_1_9' title='bbox 1073 223 1246 283; x_wconf 71' lang='grc' dir='ltr'><strong><em>διεξῄει,</em></strong></span> <span class='ocrx_word' id='word_1_10' title='bbox 1283 228 1372 275; x_wconf 70' lang='grc' dir='ltr'><strong>πῶς</strong></span> <span class='ocrx_word' id='word_1_11' title='bbox 1400 223 1576 283; x_wconf 80' lang='grc' dir='ltr'><strong><em>διαβόλῳ</em></strong></span> 
     </span>
     <span class='ocr_line' id='line_1_3' title="bbox 42 281 1576 338; baseline 0.002 -18"><span class='ocrx_word' id='word_1_12' title='bbox 42 281 147 333; x_wconf 71' lang='grc' dir='ltr'><strong>οἱα]</strong></span> <span class='ocrx_word' id='word_1_13' title='bbox 179 282 291 321; x_wconf 84' lang='lat' dir='ltr'><strong>Hanc</strong></span> <span class='ocrx_word' id='word_1_14' title='bbox 311 283 584 323; x_wconf 82' lang='lat' dir='ltr'><strong>Cantacuzeni</strong></span> <span class='ocrx_word' id='word_1_15' title='bbox 610 284 828 323; x_wconf 88' lang='lat' dir='ltr'><strong>orationem</strong></span> <span class='ocrx_word' id='word_1_16' title='bbox 857 284 999 323; x_wconf 86' lang='lat' dir='ltr'><strong>confer</strong></span> <span class='ocrx_word' id='word_1_17' title='bbox 1018 297 1111 323; x_wconf 85' lang='lat' dir='ltr'><strong>cum</strong></span> <span class='ocrx_word' id='word_1_18' title='bbox 1136 284 1345 338; x_wconf 87' lang='lat' dir='ltr'><strong>prooemio</strong></span> <span class='ocrx_word' id='word_1_19' title='bbox 1366 283 1482 323; x_wconf 84' lang='lat' dir='ltr'><strong>Tomi</strong></span> <span class='ocrx_word' id='word_1_20' title='bbox 1504 285 1576 323; x_wconf 89' lang='lat' dir='ltr'><strong>Pa-</strong></span> 
     </span>
     <span class='ocr_line' id='line_1_4' title="bbox 40 339 891 389; baseline 0.006 -12"><span class='ocrx_word' id='word_1_21' title='bbox 40 339 229 389; x_wconf 80' lang='lat' dir='ltr'><strong>lamitici,</strong></span> <span class='ocrx_word' id='word_1_22' title='bbox 258 355 279 378; x_wconf 92' lang='lat' dir='ltr'><strong>a</strong></span> <span class='ocrx_word' id='word_1_23' title='bbox 301 340 538 380; x_wconf 80' lang='lat' dir='ltr'><strong>Combefisio</strong></span> <span class='ocrx_word' id='word_1_24' title='bbox 568 341 678 383; x_wconf 86' lang='lat' dir='ltr'><strong>editi.</strong></span> <span class='ocrx_word' id='word_1_25' title='bbox 736 355 891 383; x_wconf 74' lang='lat' dir='ltr'><strong>BOIVIN.</strong></span> 
     </span>
    </p>

    <p class='ocr_par' dir='ltr' id='par_1_3' title="bbox 39 397 1573 494">
     <span class='ocr_line' id='line_1_5' title="bbox 154 397 1573 453; baseline 0.003 -17"><span class='ocrx_word' id='word_1_26' title='bbox 154 400 258 450; x_wconf 70' lang='lat' dir='ltr'><strong>Peg.</strong></span> <span class='ocrx_word' id='word_1_27' title='bbox 287 399 392 448; x_wconf 88' lang='grc'><strong>905,</strong></span> <span class='ocrx_word' id='word_1_28' title='bbox 421 402 490 441; x_wconf 80' lang='grc'><strong>23.</strong></span> <span class='ocrx_word' id='word_1_29' title='bbox 516 398 704 453; x_wconf 82' lang='grc' dir='ltr'>Ἑτέραν]</span> <span class='ocrx_word' id='word_1_30' title='bbox 734 397 1018 451; x_wconf 89' lang='lat' dir='ltr'><strong>Philosophica</strong></span> <span class='ocrx_word' id='word_1_31' title='bbox 1036 398 1204 449; x_wconf 88' lang='lat' dir='ltr'><strong>scilicet,</strong></span> <span class='ocrx_word' id='word_1_32' title='bbox 1233 413 1315 438; x_wconf 88' lang='lat' dir='ltr'><strong>non</strong></span> <span class='ocrx_word' id='word_1_33' title='bbox 1335 399 1573 452; x_wconf 83' lang='lat' dir='ltr'><strong>dogmatica.</strong></span> 
     </span>
     <span class='ocr_line' id='line_1_6' title="bbox 39 467 188 494; baseline 0.007 -1"><span class='ocrx_word' id='word_1_34' title='bbox 39 467 188 494; x_wconf 72' lang='lat' dir='ltr'><strong>BOIVIN.</strong></span> 
     </span>
    </p>

    <p class='ocr_par' dir='ltr' id='par_1_4' title="bbox 39 509 1573 621">
     <span class='ocr_line' id='line_1_7' title="bbox 151 509 1573 568; baseline 0.004 -18"><span class='ocrx_word' id='word_1_35' title='bbox 151 510 249 564; x_wconf 76' lang='lat' dir='ltr'><strong>Pag.</strong></span> <span class='ocrx_word' id='word_1_36' title='bbox 277 514 385 562; x_wconf 89' lang='lat'><strong>906,</strong></span> <span class='ocrx_word' id='word_1_37' title='bbox 417 516 456 555; x_wconf 90' lang='lat'><strong>1.</strong></span> <span class='ocrx_word' id='word_1_38' title='bbox 514 509 732 566; x_wconf 84' lang='grc' dir='ltr'><strong><em>Ἐκείνοις]</em></strong></span> <span class='ocrx_word' id='word_1_39' title='bbox 777 513 979 566; x_wconf 84' lang='lat' dir='ltr'><strong>Gregorae</strong></span> <span class='ocrx_word' id='word_1_40' title='bbox 1018 513 1110 567; x_wconf 87' lang='lat' dir='ltr'><strong>ipsi.</strong></span> <span class='ocrx_word' id='word_1_41' title='bbox 1169 513 1259 562; x_wconf 85' lang='lat' dir='ltr'><strong>Qua</strong></span> <span class='ocrx_word' id='word_1_42' title='bbox 1291 513 1342 553; x_wconf 85' lang='lat' dir='ltr'><strong>de</strong></span> <span class='ocrx_word' id='word_1_43' title='bbox 1373 528 1420 555; x_wconf 87' lang='lat' dir='ltr'><strong>re</strong></span> <span class='ocrx_word' id='word_1_44' title='bbox 1450 528 1573 568; x_wconf 88' lang='lat' dir='ltr'><strong>supra</strong></span> 
     </span>
     <span class='ocr_line' id='line_1_8' title="bbox 39 568 601 621; baseline 0.007 -14"><span class='ocrx_word' id='word_1_45' title='bbox 39 568 110 608; x_wconf 90' lang='lat' dir='ltr'><strong>lib.</strong></span> <span class='ocrx_word' id='word_1_46' title='bbox 130 569 182 607; x_wconf 89' lang='grc' dir='ltr'><strong>ΙΙ.</strong></span> <span class='ocrx_word' id='word_1_47' title='bbox 203 581 293 621; x_wconf 82' lang='lat' dir='ltr'><strong>cap.</strong></span> <span class='ocrx_word' id='word_1_48' title='bbox 321 573 387 611; x_wconf 83' lang='grc'><strong>10.</strong></span> <span class='ocrx_word' id='word_1_49' title='bbox 446 584 601 611; x_wconf 71' lang='lat' dir='ltr'><strong>sulm.</strong></span> 
     </span>
    </p>
   </div>
   <div class='ocr_carea' id='block_1_3' title="bbox 38 634 1573 806">
    <p class='ocr_par' dir='ltr' id='par_1_5' title="bbox 38 634 1573 806">
     <span class='ocr_line' id='line_1_9' title="bbox 151 634 1573 696; baseline 0.001 -19"><span class='ocrx_word' id='word_1_50' title='bbox 151 639 255 690; x_wconf 81' lang='lat' dir='ltr'><strong>Pag.</strong></span> <span class='ocrx_word' id='word_1_51' title='bbox 285 639 392 687; x_wconf 90' lang='grc'><strong>910,</strong></span> <span class='ocrx_word' id='word_1_52' title='bbox 425 641 493 680; x_wconf 87' lang='grc'><strong>19.</strong></span> <span class='ocrx_word' id='word_1_53' title='bbox 538 634 667 693; x_wconf 63' lang='grc' dir='ltr'><strong><em>’Ὅπερ</em></strong></span> <span class='ocrx_word' id='word_1_54' title='bbox 698 635 751 679; x_wconf 70' lang='grc' dir='ltr'><strong>ἄν</strong></span> <span class='ocrx_word' id='word_1_55' title='bbox 777 638 822 680; x_wconf 80' lang='grc' dir='ltr'><strong>ἐν</strong></span> <span class='ocrx_word' id='word_1_56' title='bbox 851 636 985 692; x_wconf 83' lang='grc' dir='ltr'><strong><em>Καρός</em></strong></span> <span class='ocrx_word' id='word_1_57' title='bbox 1011 635 1116 680; x_wconf 79' lang='grc' dir='ltr'><strong><em>εἶναι</em></strong></span> <span class='ocrx_word' id='word_1_58' title='bbox 1141 637 1305 695; x_wconf 76' lang='grc' dir='ltr'><strong><em>κωλύσῃ</em></strong></span> <span class='ocrx_word' id='word_1_59' title='bbox 1334 638 1485 696; x_wconf 74' lang='grc' dir='ltr'><strong><em>μοίρᾳ]</em></strong></span> <span class='ocrx_word' id='word_1_60' title='bbox 1518 640 1573 679; x_wconf 86' lang='lat' dir='ltr'><strong>De</strong></span> 
     </span>
     <span class='ocr_line' id='line_1_10' title="bbox 38 694 1572 749; baseline 0.004 -17"><span class='ocrx_word' id='word_1_61' title='bbox 38 694 269 733; x_wconf 87' lang='lat' dir='ltr'><strong>hominibus</strong></span> <span class='ocrx_word' id='word_1_62' title='bbox 295 696 647 749; x_wconf 85' lang='lat' dir='ltr'><strong>contemptissimis</strong></span> <span class='ocrx_word' id='word_1_63' title='bbox 677 695 758 736; x_wconf 91' lang='lat' dir='ltr'><strong>dici</strong></span> <span class='ocrx_word' id='word_1_64' title='bbox 779 695 893 737; x_wconf 87' lang='lat' dir='ltr'><strong>solet.</strong></span> <span class='ocrx_word' id='word_1_65' title='bbox 931 696 990 736; x_wconf 87' lang='lat' dir='ltr'><strong>lta</strong></span> <span class='ocrx_word' id='word_1_66' title='bbox 1011 695 1189 735; x_wconf 82' lang='lat' dir='ltr'><strong>Achilles</strong></span> <span class='ocrx_word' id='word_1_67' title='bbox 1209 697 1259 737; x_wconf 83' lang='lat' dir='ltr'><strong>de</strong></span> <span class='ocrx_word' id='word_1_68' title='bbox 1278 697 1572 749; x_wconf 84' lang='lat' dir='ltr'>Agamemnone</span> 
     </span>
     <span class='ocr_line' id='line_1_11' title="bbox 39 752 410 806; baseline 0.003 -16"><span class='ocrx_word' id='word_1_69' title='bbox 39 752 148 806; x_wconf 87' lang='lat' dir='ltr'><strong>apud</strong></span> <span class='ocrx_word' id='word_1_70' title='bbox 171 752 410 801; x_wconf 83' lang='lat' dir='ltr'><strong>Homerum,</strong></span> 
     </span>
    </p>
   </div>
   <div class='ocr_carea' id='block_1_4' title="bbox 93 828 1572 968">
    <p class='ocr_par' dir='ltr' id='par_1_6' title="bbox 93 828 1572 968">
     <span class='ocr_line' id='line_1_12' title="bbox 93 828 1514 891; baseline 0.002 -18"><span class='ocrx_word' id='word_1_71' title='bbox 93 828 244 886; x_wconf 76' lang='grc' dir='ltr'><strong><em>Ἐχθροέ</em></strong></span> <span class='ocrx_word' id='word_1_72' title='bbox 273 830 318 873; x_wconf 79' lang='grc' dir='ltr'><strong>δέ</strong></span> <span class='ocrx_word' id='word_1_73' title='bbox 346 847 417 885; x_wconf 86' lang='grc' dir='ltr'><strong><em>μοι</em></strong></span> <span class='ocrx_word' id='word_1_74' title='bbox 444 835 519 874; x_wconf 83' lang='grc' dir='ltr'><strong>τοῦ</strong></span> <span class='ocrx_word' id='word_1_75' title='bbox 546 834 678 888; x_wconf 73' lang='grc' dir='ltr'><strong><em>δῶρα·</em></strong></span> <span class='ocrx_word' id='word_1_76' title='bbox 707 833 780 874; x_wconf 86' lang='grc' dir='ltr'><strong>τίω</strong></span> <span class='ocrx_word' id='word_1_77' title='bbox 810 831 854 873; x_wconf 79' lang='grc' dir='ltr'><strong>δέ</strong></span> <span class='ocrx_word' id='word_1_78' title='bbox 880 848 951 885; x_wconf 87' lang='grc' dir='ltr'><strong><em>μιν</em></strong></span> <span class='ocrx_word' id='word_1_79' title='bbox 979 833 1024 874; x_wconf 83' lang='grc' dir='ltr'><strong>ἕν</strong></span> <span class='ocrx_word' id='word_1_80' title='bbox 1054 831 1192 888; x_wconf 75' lang='grc' dir='ltr'><strong><em>Καρός</em></strong></span> <span class='ocrx_word' id='word_1_81' title='bbox 1220 833 1328 891; x_wconf 79' lang='grc' dir='ltr'><strong><em>αἴσῃ.</em></strong></span> <span class='ocrx_word' id='word_1_82' title='bbox 1356 848 1514 876; x_wconf 67' lang='lat' dir='ltr'><strong>aowin.</strong></span> 
     </span>
     <span class='ocr_line' id='line_1_13' title="bbox 154 909 1572 968; baseline 0.002 -16"><span class='ocrx_word' id='word_1_83' title='bbox 154 914 251 965; x_wconf 71' lang='lat' dir='ltr'><strong>Peg.</strong></span> <span class='ocrx_word' id='word_1_84' title='bbox 280 914 360 955; x_wconf 87' lang='lat'><strong>911</strong></span> <span class='ocrx_word' id='word_1_85' title='bbox 374 942 387 963; x_wconf 91' lang='lat'><em>‚</em></span> <span class='ocrx_word' id='word_1_86' title='bbox 419 915 486 955; x_wconf 86' lang='lat'><strong>13.</strong></span> <span class='ocrx_word' id='word_1_87' title='bbox 549 909 702 954; x_wconf 75' lang='grc' dir='ltr'><strong><em>Φάσκει</em></strong></span> <span class='ocrx_word' id='word_1_88' title='bbox 722 917 762 954; x_wconf 90' lang='grc' dir='ltr'><strong><em>Γ</em></strong></span> <span class='ocrx_word' id='word_1_89' title='bbox 755 909 971 968; x_wconf 86' lang='grc' dir='ltr'><strong><em>ρηγόριος]</em></strong></span> <span class='ocrx_word' id='word_1_90' title='bbox 1006 914 1173 966; x_wconf 87' lang='lat' dir='ltr'><strong>Gregor.</strong></span> <span class='ocrx_word' id='word_1_91' title='bbox 1196 914 1384 955; x_wconf 82' lang='lat' dir='ltr'><strong>Nazianz.</strong></span> <span class='ocrx_word' id='word_1_92' title='bbox 1407 916 1520 955; x_wconf 86' lang='lat' dir='ltr'><strong>Orat.</strong></span> <span class='ocrx_word' id='word_1_93' title='bbox 1538 917 1572 955; x_wconf 89' lang='grc' dir='ltr'><strong>Ι.</strong></span> 
     </span>
    </p>
   </div>
   <div class='ocr_carea' id='block_1_5' title="bbox 33 982 1573 2854">
    <p class='ocr_par' dir='ltr' id='par_1_7' title="bbox 37 982 190 1008">
     <span class='ocr_line' id='line_1_14' title="bbox 37 982 190 1008; baseline 0 -1"><span class='ocrx_word' id='word_1_94' title='bbox 37 982 190 1008; x_wconf 66' lang='lat' dir='ltr'><strong>nomm.</strong></span> 
     </span>
    </p>

    <p class='ocr_par' dir='ltr' id='par_1_8' title="bbox 36 1023 1573 1309">
     <span class='ocr_line' id='line_1_15' title="bbox 150 1023 1573 1082; baseline 0.001 -17"><span class='ocrx_word' id='word_1_95' title='bbox 150 1025 255 1079; x_wconf 76' lang='lat' dir='ltr'><strong>Pag.</strong></span> <span class='ocrx_word' id='word_1_96' title='bbox 286 1027 392 1076; x_wconf 87' lang='lat'><strong>915,</strong></span> <span class='ocrx_word' id='word_1_97' title='bbox 421 1026 462 1069; x_wconf 82' lang='lat'><strong>4.</strong></span> <span class='ocrx_word' id='word_1_98' title='bbox 526 1023 610 1079; x_wconf 81' lang='grc' dir='ltr'><strong>Τὴν</strong></span> <span class='ocrx_word' id='word_1_99' title='bbox 635 1028 819 1080; x_wconf 83' lang='grc' dir='ltr'><strong><em>Λεσβίαν</em></strong></span> <span class='ocrx_word' id='word_1_100' title='bbox 848 1024 1091 1080; x_wconf 75' lang='grc' dir='ltr'><strong><em>οἰκοδομήν,</em></strong></span> <span class='ocrx_word' id='word_1_101' title='bbox 1129 1024 1161 1080; x_wconf 78' lang='grc' dir='ltr'><em>ἢ</em></span> <span class='ocrx_word' id='word_1_102' title='bbox 1190 1032 1274 1077; x_wconf 86' lang='grc' dir='ltr'><strong><em>τοῖς</em></strong></span> <span class='ocrx_word' id='word_1_103' title='bbox 1302 1029 1437 1077; x_wconf 75' lang='grc' dir='ltr'><strong><em>λίθοις</em></strong></span> <span class='ocrx_word' id='word_1_104' title='bbox 1466 1027 1573 1082; x_wconf 87' lang='lat' dir='ltr'><strong>etc.]</strong></span> 
     </span>
     <span class='ocr_line' id='line_1_16' title="bbox 36 1082 1570 1139; baseline 0.004 -18"><span class='ocrx_word' id='word_1_105' title='bbox 36 1083 104 1122; x_wconf 87' lang='lat' dir='ltr'><strong>sic</strong></span> <span class='ocrx_word' id='word_1_106' title='bbox 132 1084 176 1123; x_wconf 88' lang='grc' dir='ltr'><strong>Ι).</strong></span> <span class='ocrx_word' id='word_1_107' title='bbox 199 1083 374 1122; x_wconf 82' lang='lat' dir='ltr'><strong>Basilius</strong></span> <span class='ocrx_word' id='word_1_108' title='bbox 402 1083 454 1122; x_wconf 91' lang='lat' dir='ltr'><strong>ad</strong></span> <span class='ocrx_word' id='word_1_109' title='bbox 486 1090 651 1136; x_wconf 86' lang='lat' dir='ltr'><strong>nepotes</strong></span> <span class='ocrx_word' id='word_1_110' title='bbox 683 1099 772 1137; x_wconf 88' lang='lat' dir='ltr'><strong>cap.</strong></span> <span class='ocrx_word' id='word_1_111' title='bbox 794 1085 859 1123; x_wconf 82' lang='lat' dir='ltr'><strong>Vl.</strong></span> <span class='ocrx_word' id='word_1_112' title='bbox 888 1082 992 1125; x_wconf 75' lang='grc' dir='ltr'><strong><em>κατοὲ</em></strong></span> <span class='ocrx_word' id='word_1_113' title='bbox 1016 1082 1092 1137; x_wconf 78' lang='grc' dir='ltr'><strong>τὴν</strong></span> <span class='ocrx_word' id='word_1_114' title='bbox 1117 1083 1311 1138; x_wconf 75' lang='grc' dir='ltr'><strong><em>Δωρικήν</em></strong></span> <span class='ocrx_word' id='word_1_115' title='bbox 1337 1087 1570 1139; x_wconf 78' lang='grc' dir='ltr'><strong><em>παροιμίαν,</em></strong></span> 
     </span>
     <span class='ocr_line' id='line_1_17' title="bbox 38 1138 1571 1195; baseline 0.001 -14"><span class='ocrx_word' id='word_1_116' title='bbox 38 1138 112 1182; x_wconf 70' lang='grc' dir='ltr'><strong>τόν</strong></span> <span class='ocrx_word' id='word_1_117' title='bbox 153 1141 276 1182; x_wconf 85' lang='grc' dir='ltr'><strong><em>λίθον</em></strong></span> <span class='ocrx_word' id='word_1_118' title='bbox 315 1141 410 1182; x_wconf 82' lang='grc' dir='ltr'><strong><em>ποτὶ</em></strong></span> <span class='ocrx_word' id='word_1_119' title='bbox 456 1139 534 1194; x_wconf 73' lang='grc' dir='ltr'><strong>τήν</strong></span> <span class='ocrx_word' id='word_1_120' title='bbox 568 1138 747 1195; x_wconf 75' lang='grc' dir='ltr'><strong><em>σπάρτον</em></strong></span> <span class='ocrx_word' id='word_1_121' title='bbox 780 1139 964 1195; x_wconf 67' lang='grc' dir='ltr'><strong>ἄγοντας.</strong></span> <span class='ocrx_word' id='word_1_122' title='bbox 1030 1141 1132 1180; x_wconf 86' lang='lat' dir='ltr'><strong>Item</strong></span> <span class='ocrx_word' id='word_1_123' title='bbox 1169 1142 1430 1193; x_wconf 82' lang='lat' dir='ltr'><strong>Plutarchus,</strong></span> <span class='ocrx_word' id='word_1_124' title='bbox 1471 1140 1571 1193; x_wconf 76' lang='grc' dir='ltr'><strong><em>πρὸς</em></strong></span> 
     </span>
     <span class='ocr_line' id='line_1_18' title="bbox 38 1195 1569 1254; baseline -0.001 -15"><span class='ocrx_word' id='word_1_125' title='bbox 38 1195 203 1254; x_wconf 75' lang='grc' dir='ltr'><strong><em>στάθμῃ</em></strong></span> <span class='ocrx_word' id='word_1_126' title='bbox 231 1198 380 1250; x_wconf 80' lang='grc' dir='ltr'><strong><em>πέτρον</em></strong></span> <span class='ocrx_word' id='word_1_127' title='bbox 408 1198 620 1247; x_wconf 82' lang='grc' dir='ltr'><strong><em>τίθεσθαι,</em></strong></span> <span class='ocrx_word' id='word_1_128' title='bbox 657 1196 752 1252; x_wconf 80' lang='grc' dir='ltr'><strong><em>μήτι</em></strong></span> <span class='ocrx_word' id='word_1_129' title='bbox 781 1196 881 1250; x_wconf 78' lang='grc' dir='ltr'><strong><em>πρὸς</em></strong></span> <span class='ocrx_word' id='word_1_130' title='bbox 906 1198 1036 1254; x_wconf 77' lang='grc' dir='ltr'><strong><em>πέτρῳ</em></strong></span> <span class='ocrx_word' id='word_1_131' title='bbox 1063 1196 1262 1252; x_wconf 76' lang='grc' dir='ltr'><strong><em>στάθμην.</em></strong></span> <span class='ocrx_word' id='word_1_132' title='bbox 1321 1202 1467 1239; x_wconf 82' lang='lat' dir='ltr'><strong>Sensus</strong></span> <span class='ocrx_word' id='word_1_133' title='bbox 1497 1207 1569 1250; x_wconf 84' lang='lat' dir='ltr'><strong>est,</strong></span> 
     </span>
     <span class='ocr_line' id='line_1_19' title="bbox 38 1253 1289 1309; baseline 0.001 -14"><span class='ocrx_word' id='word_1_134' title='bbox 38 1266 214 1309; x_wconf 72' lang='lat' dir='ltr'><strong>oportere</strong></span> <span class='ocrx_word' id='word_1_135' title='bbox 231 1272 272 1294; x_wconf 86' lang='lat' dir='ltr'><strong>se</strong></span> <span class='ocrx_word' id='word_1_136' title='bbox 290 1253 447 1309; x_wconf 79' lang='lat' dir='ltr'><strong>regulis,</strong></span> <span class='ocrx_word' id='word_1_137' title='bbox 477 1270 556 1294; x_wconf 81' lang='lat' dir='ltr'><strong>non</strong></span> <span class='ocrx_word' id='word_1_138' title='bbox 572 1255 730 1309; x_wconf 79' lang='lat' dir='ltr'><strong>regulas</strong></span> <span class='ocrx_word' id='word_1_139' title='bbox 748 1255 826 1295; x_wconf 81' lang='lat' dir='ltr'><strong>sibi</strong></span> <span class='ocrx_word' id='word_1_140' title='bbox 840 1254 1075 1296; x_wconf 74' lang='lat' dir='ltr'><strong>submittere.</strong></span> <span class='ocrx_word' id='word_1_141' title='bbox 1133 1271 1289 1299; x_wconf 73' lang='lat' dir='ltr'><strong>nowm.</strong></span> 
     </span>
    </p>

    <p class='ocr_par' dir='ltr' id='par_1_9' title="bbox 33 1308 1568 1532">
     <span class='ocr_line' id='line_1_20' title="bbox 152 1308 1568 1366; baseline -0.001 -13"><span class='ocrx_word' id='word_1_142' title='bbox 152 1311 254 1366; x_wconf 73' lang='lat' dir='ltr'><strong>Peg.</strong></span> <span class='ocrx_word' id='word_1_143' title='bbox 283 1313 390 1362; x_wconf 87' lang='lat'><strong>915,</strong></span> <span class='ocrx_word' id='word_1_144' title='bbox 424 1315 489 1355; x_wconf 87' lang='lat'><strong>18.</strong></span> <span class='ocrx_word' id='word_1_145' title='bbox 542 1309 660 1366; x_wconf 70' lang='grc' dir='ltr'><strong><em>Ἐγώ,</em></strong></span> <span class='ocrx_word' id='word_1_146' title='bbox 700 1312 823 1366; x_wconf 84' lang='grc' dir='ltr'><strong><em>φησὶ,</em></strong></span> <span class='ocrx_word' id='word_1_147' title='bbox 861 1309 939 1354; x_wconf 69' lang='grc' dir='ltr'><strong>ἐπ’</strong></span> <span class='ocrx_word' id='word_1_148' title='bbox 964 1308 1142 1364; x_wconf 75' lang='grc' dir='ltr'><strong><em>ἐμαυτοῦ</em></strong></span> <span class='ocrx_word' id='word_1_149' title='bbox 1170 1318 1279 1355; x_wconf 75' lang='grc' dir='ltr'><strong><em>λαλῶ</em></strong></span> <span class='ocrx_word' id='word_1_150' title='bbox 1303 1310 1447 1363; x_wconf 69' lang='grc' dir='ltr'><strong><em>οὐδὲν,</em></strong></span> <span class='ocrx_word' id='word_1_151' title='bbox 1476 1308 1568 1353; x_wconf 70' lang='grc' dir='ltr'><strong>ἀλλ’</strong></span> 
     </span>
     <span class='ocr_line' id='line_1_21' title="bbox 33 1365 1567 1424; baseline -0.001 -14"><span class='ocrx_word' id='word_1_152' title='bbox 33 1365 232 1422; x_wconf 53' lang='lat' dir='ltr'><strong>zaneto]</strong></span> <span class='ocrx_word' id='word_1_153' title='bbox 272 1371 360 1408; x_wconf 84' lang='lat' dir='ltr'><strong>Non</strong></span> <span class='ocrx_word' id='word_1_154' title='bbox 392 1384 436 1408; x_wconf 89' lang='lat' dir='ltr'><strong>ea</strong></span> <span class='ocrx_word' id='word_1_155' title='bbox 468 1371 554 1421; x_wconf 87' lang='lat' dir='ltr'><strong>ipsa</strong></span> <span class='ocrx_word' id='word_1_156' title='bbox 585 1377 679 1409; x_wconf 87' lang='lat' dir='ltr'><strong>sunt</strong></span> <span class='ocrx_word' id='word_1_157' title='bbox 709 1371 857 1420; x_wconf 87' lang='lat' dir='ltr'><strong>verba,</strong></span> <span class='ocrx_word' id='word_1_158' title='bbox 896 1384 998 1422; x_wconf 89' lang='lat' dir='ltr'><strong>quae</strong></span> <span class='ocrx_word' id='word_1_159' title='bbox 1025 1370 1213 1421; x_wconf 87' lang='lat' dir='ltr'><strong>leguntur</strong></span> <span class='ocrx_word' id='word_1_160' title='bbox 1242 1371 1349 1424; x_wconf 84' lang='lat' dir='ltr'><strong>apud</strong></span> <span class='ocrx_word' id='word_1_161' title='bbox 1382 1371 1567 1409; x_wconf 83' lang='lat' dir='ltr'><strong>Ioannem</strong></span> 
     </span>
     <span class='ocr_line' id='line_1_22' title="bbox 37 1427 1568 1480; baseline -0.001 -15"><span class='ocrx_word' id='word_1_162' title='bbox 37 1441 127 1478; x_wconf 85' lang='lat' dir='ltr'><strong>cap.</strong></span> <span class='ocrx_word' id='word_1_163' title='bbox 151 1427 259 1467; x_wconf 77' lang='lat' dir='ltr'><strong>le.</strong></span> <span class='ocrx_word' id='word_1_164' title='bbox 281 1441 320 1466; x_wconf 78' lang='lat' dir='ltr'><strong>v.</strong></span> <span class='ocrx_word' id='word_1_165' title='bbox 345 1430 411 1469; x_wconf 89' lang='lat'><strong>10.</strong></span> <span class='ocrx_word' id='word_1_166' title='bbox 445 1428 645 1478; x_wconf 88' lang='lat' dir='ltr'><strong>Gregoras</strong></span> <span class='ocrx_word' id='word_1_167' title='bbox 673 1442 754 1466; x_wconf 89' lang='lat' dir='ltr'><strong>non</strong></span> <span class='ocrx_word' id='word_1_168' title='bbox 774 1427 853 1466; x_wconf 87' lang='lat' dir='ltr'><strong>hoe</strong></span> <span class='ocrx_word' id='word_1_169' title='bbox 881 1427 973 1466; x_wconf 91' lang='lat' dir='ltr'><strong>loco</strong></span> <span class='ocrx_word' id='word_1_170' title='bbox 1005 1427 1157 1476; x_wconf 88' lang='lat' dir='ltr'><strong>solum,</strong></span> <span class='ocrx_word' id='word_1_171' title='bbox 1188 1429 1259 1468; x_wconf 89' lang='lat' dir='ltr'><strong>sed</strong></span> <span class='ocrx_word' id='word_1_172' title='bbox 1291 1435 1331 1468; x_wconf 89' lang='lat' dir='ltr'><strong>et</strong></span> <span class='ocrx_word' id='word_1_173' title='bbox 1358 1428 1455 1466; x_wconf 86' lang='lat' dir='ltr'><strong>alibi</strong></span> <span class='ocrx_word' id='word_1_174' title='bbox 1472 1441 1568 1480; x_wconf 90' lang='lat' dir='ltr'><strong>pas-</strong></span> 
     </span>
     <span class='ocr_line' id='line_1_23' title="bbox 38 1483 851 1532; baseline 0.005 -10"><span class='ocrx_word' id='word_1_175' title='bbox 38 1483 137 1532; x_wconf 87' lang='lat' dir='ltr'><strong>sim,</strong></span> <span class='ocrx_word' id='word_1_176' title='bbox 164 1485 379 1523; x_wconf 77' lang='lat' dir='ltr'><strong>memoriae</strong></span> <span class='ocrx_word' id='word_1_177' title='bbox 398 1484 516 1522; x_wconf 86' lang='lat' dir='ltr'><strong>nimis</strong></span> <span class='ocrx_word' id='word_1_178' title='bbox 541 1484 646 1525; x_wconf 78' lang='lat' dir='ltr'><strong>fidit.</strong></span> <span class='ocrx_word' id='word_1_179' title='bbox 699 1499 851 1526; x_wconf 67' lang='lat' dir='ltr'><strong>BOIVIN.</strong></span> 
     </span>
    </p>

    <p class='ocr_par' dir='ltr' id='par_1_10' title="bbox 37 1536 1567 1883">
     <span class='ocr_line' id='line_1_24' title="bbox 150 1536 1567 1595; baseline -0.005 -11"><span class='ocrx_word' id='word_1_180' title='bbox 150 1543 255 1594; x_wconf 74' lang='lat' dir='ltr'><strong>Peg·</strong></span> <span class='ocrx_word' id='word_1_181' title='bbox 285 1545 392 1591; x_wconf 89' lang='lat'><strong>916,</strong></span> <span class='ocrx_word' id='word_1_182' title='bbox 427 1541 493 1584; x_wconf 84' lang='lat'><strong>14.</strong></span> <span class='ocrx_word' id='word_1_183' title='bbox 551 1541 613 1582; x_wconf 80' lang='grc' dir='ltr'><strong>Εἴ</strong></span> <span class='ocrx_word' id='word_1_184' title='bbox 628 1557 688 1590; x_wconf 87' lang='grc' dir='ltr'><strong>τις</strong></span> <span class='ocrx_word' id='word_1_185' title='bbox 710 1542 811 1595; x_wconf 69' lang='grc' dir='ltr'><strong><em>ὑμῖν</em></strong></span> <span class='ocrx_word' id='word_1_186' title='bbox 834 1536 1122 1594; x_wconf 66' lang='grc' dir='ltr'><strong><em>εὐαγγελίζεται</em></strong></span> <span class='ocrx_word' id='word_1_187' title='bbox 1144 1544 1246 1589; x_wconf 87' lang='lat' dir='ltr'><strong>etc.]</strong></span> <span class='ocrx_word' id='word_1_188' title='bbox 1276 1542 1327 1581; x_wconf 87' lang='lat' dir='ltr'><strong>Et</strong></span> <span class='ocrx_word' id='word_1_189' title='bbox 1346 1541 1447 1579; x_wconf 88' lang='lat' dir='ltr'><strong>baec</strong></span> <span class='ocrx_word' id='word_1_190' title='bbox 1467 1554 1567 1592; x_wconf 85' lang='lat' dir='ltr'><strong>quo-</strong></span> 
     </span>
     <span class='ocr_line' id='line_1_25' title="bbox 38 1597 1565 1650; baseline -0.001 -14"><span class='ocrx_word' id='word_1_191' title='bbox 38 1612 118 1650; x_wconf 90' lang='lat' dir='ltr'><strong>que</strong></span> <span class='ocrx_word' id='word_1_192' title='bbox 149 1599 376 1650; x_wconf 85' lang='lat' dir='ltr'><strong>Gregoras,</strong></span> <span class='ocrx_word' id='word_1_193' title='bbox 403 1598 536 1636; x_wconf 82' lang='lat' dir='ltr'><strong>fallaci</strong></span> <span class='ocrx_word' id='word_1_194' title='bbox 566 1602 780 1638; x_wconf 86' lang='lat' dir='ltr'><strong>memoriae</strong></span> <span class='ocrx_word' id='word_1_195' title='bbox 812 1599 998 1640; x_wconf 84' lang='lat' dir='ltr'><strong>confisus.</strong></span> <span class='ocrx_word' id='word_1_196' title='bbox 1055 1599 1156 1637; x_wconf 88' lang='lat' dir='ltr'><strong>Nam</strong></span> <span class='ocrx_word' id='word_1_197' title='bbox 1185 1599 1292 1650; x_wconf 90' lang='lat' dir='ltr'><strong>apud</strong></span> <span class='ocrx_word' id='word_1_198' title='bbox 1321 1599 1484 1636; x_wconf 83' lang='lat' dir='ltr'><strong>Paulum</strong></span> <span class='ocrx_word' id='word_1_199' title='bbox 1514 1597 1565 1634; x_wconf 89' lang='lat' dir='ltr'><strong>ad</strong></span> 
     </span>
     <span class='ocr_line' id='line_1_26' title="bbox 40 1651 1567 1708; baseline 0 -14"><span class='ocrx_word' id='word_1_200' title='bbox 40 1657 170 1694; x_wconf 87' lang='lat' dir='ltr'><strong>Galat.</strong></span> <span class='ocrx_word' id='word_1_201' title='bbox 193 1669 279 1708; x_wconf 87' lang='lat' dir='ltr'><strong>cap.</strong></span> <span class='ocrx_word' id='word_1_202' title='bbox 302 1657 333 1695; x_wconf 87' lang='lat'><strong>1.</strong></span> <span class='ocrx_word' id='word_1_203' title='bbox 362 1669 482 1694; x_wconf 84' lang='lat' dir='ltr'><strong>versu</strong></span> <span class='ocrx_word' id='word_1_204' title='bbox 504 1662 645 1695; x_wconf 79' lang='lat' dir='ltr'><strong>octavo</strong></span> <span class='ocrx_word' id='word_1_205' title='bbox 664 1657 831 1708; x_wconf 82' lang='lat' dir='ltr'><strong>legitur:</strong></span> <span class='ocrx_word' id='word_1_206' title='bbox 855 1651 976 1696; x_wconf 69' lang='grc' dir='ltr'><strong>Ἀλλά</strong></span> <span class='ocrx_word' id='word_1_207' title='bbox 996 1655 1067 1698; x_wconf 80' lang='grc' dir='ltr'><strong>καὶ</strong></span> <span class='ocrx_word' id='word_1_208' title='bbox 1088 1653 1160 1696; x_wconf 75' lang='grc' dir='ltr'><strong>ἐὰν</strong></span> <span class='ocrx_word' id='word_1_209' title='bbox 1179 1654 1320 1707; x_wconf 74' lang='grc' dir='ltr'><strong><em>ἡμεῖς,</em></strong></span> <span class='ocrx_word' id='word_1_210' title='bbox 1348 1651 1378 1708; x_wconf 80' lang='grc' dir='ltr'><em>ἢ</em></span> <span class='ocrx_word' id='word_1_211' title='bbox 1401 1652 1567 1708; x_wconf 71' lang='grc' dir='ltr'><strong><em>ἄγγελος</em></strong></span> 
     </span>
     <span class='ocr_line' id='line_1_27' title="bbox 37 1707 1566 1768; baseline -0.003 -13"><span class='ocrx_word' id='word_1_212' title='bbox 37 1713 78 1763; x_wconf 79' lang='grc' dir='ltr'><strong>ἐξ</strong></span> <span class='ocrx_word' id='word_1_213' title='bbox 102 1709 282 1766; x_wconf 81' lang='grc' dir='ltr'><strong><em>ον’ρανοῦ</em></strong></span> <span class='ocrx_word' id='word_1_214' title='bbox 302 1709 596 1768; x_wconf 75' lang='grc' dir='ltr'><strong><em>εὖαγγελίζηται</em></strong></span> <span class='ocrx_word' id='word_1_215' title='bbox 623 1712 739 1766; x_wconf 70' lang='grc' dir='ltr'><strong><em>ὑμῖν,</em></strong></span> <span class='ocrx_word' id='word_1_216' title='bbox 770 1709 870 1766; x_wconf 86' lang='grc' dir='ltr'><strong><em>παρ’</em></strong></span> <span class='ocrx_word' id='word_1_217' title='bbox 900 1710 923 1754; x_wconf 76' lang='grc' dir='ltr'>ὃ</span> <span class='ocrx_word' id='word_1_218' title='bbox 948 1708 1291 1767; x_wconf 62' lang='grc' dir='ltr'><strong><em>εὐηγγελισάμεθα</em></strong></span> <span class='ocrx_word' id='word_1_219' title='bbox 1310 1710 1434 1764; x_wconf 69' lang='grc' dir='ltr'><strong><em>ύμῖν,</em></strong></span> <span class='ocrx_word' id='word_1_220' title='bbox 1464 1707 1566 1751; x_wconf 72' lang='grc' dir='ltr'><strong><em>οἶνοί-</em></strong></span> 
     </span>
     <span class='ocr_line' id='line_1_28' title="bbox 37 1764 1566 1824; baseline -0.002 -13"><span class='ocrx_word' id='word_1_221' title='bbox 37 1776 147 1823; x_wconf 88' lang='grc' dir='ltr'><strong><em>·θεμα</em></strong></span> <span class='ocrx_word' id='word_1_222' title='bbox 168 1771 278 1811; x_wconf 76' lang='grc' dir='ltr'><strong><em>ἔστω.</em></strong></span> <span class='ocrx_word' id='word_1_223' title='bbox 338 1771 468 1809; x_wconf 85' lang='lat' dir='ltr'><strong>versu</strong></span> <span class='ocrx_word' id='word_1_224' title='bbox 494 1777 623 1809; x_wconf 86' lang='lat' dir='ltr'><strong>autem</strong></span> <span class='ocrx_word' id='word_1_225' title='bbox 643 1785 774 1822; x_wconf 90' lang='lat' dir='ltr'><strong>nono,</strong></span> <span class='ocrx_word' id='word_1_226' title='bbox 804 1771 845 1812; x_wconf 86' lang='grc' dir='ltr'><strong><em>εἴ</em></strong></span> <span class='ocrx_word' id='word_1_227' title='bbox 858 1786 918 1819; x_wconf 89' lang='grc' dir='ltr'><strong>τις</strong></span> <span class='ocrx_word' id='word_1_228' title='bbox 945 1769 1055 1823; x_wconf 76' lang='grc' dir='ltr'><strong><em>ὑμᾶς</em></strong></span> <span class='ocrx_word' id='word_1_229' title='bbox 1073 1766 1378 1824; x_wconf 71' lang='grc' dir='ltr'><strong><em>εὐαγγελίζεται,</em></strong></span> <span class='ocrx_word' id='word_1_230' title='bbox 1409 1764 1508 1823; x_wconf 88' lang='grc' dir='ltr'><strong><em>παρ’</em></strong></span> <span class='ocrx_word' id='word_1_231' title='bbox 1540 1764 1566 1809; x_wconf 74' lang='grc' dir='ltr'>ὃ</span> 
     </span>
     <span class='ocr_line' id='line_1_29' title="bbox 37 1823 862 1883; baseline -0.005 -13"><span class='ocrx_word' id='word_1_232' title='bbox 37 1825 305 1883; x_wconf 77' lang='grc' dir='ltr'><strong><em>παρελάβετε,</em></strong></span> <span class='ocrx_word' id='word_1_233' title='bbox 335 1823 525 1880; x_wconf 68' lang='grc' dir='ltr'><strong><em>ἀνάθεμα</em></strong></span> <span class='ocrx_word' id='word_1_234' title='bbox 546 1827 657 1868; x_wconf 75' lang='grc' dir='ltr'><strong><em>ἔστω.</em></strong></span> <span class='ocrx_word' id='word_1_235' title='bbox 710 1842 862 1868; x_wconf 73' lang='lat' dir='ltr'><strong>noivm.</strong></span> 
     </span>
    </p>

    <p class='ocr_par' dir='ltr' id='par_1_11' title="bbox 150 1882 1563 1941">
     <span class='ocr_line' id='line_1_30' title="bbox 150 1882 1563 1941; baseline -0.004 -16"><span class='ocrx_word' id='word_1_236' title='bbox 150 1888 255 1939; x_wconf 70' lang='lat' dir='ltr'><strong>Peg.</strong></span> <span class='ocrx_word' id='word_1_237' title='bbox 284 1888 392 1934; x_wconf 88' lang='lat'><strong>918,</strong></span> <span class='ocrx_word' id='word_1_238' title='bbox 424 1884 489 1927; x_wconf 87' lang='grc'><strong>14.</strong></span> <span class='ocrx_word' id='word_1_239' title='bbox 549 1889 588 1924; x_wconf 85' lang='grc' dir='ltr'><strong>Γ</strong></span> <span class='ocrx_word' id='word_1_240' title='bbox 581 1885 782 1941; x_wconf 74' lang='grc' dir='ltr'><strong><em>ρηγορίῳ]</em></strong></span> <span class='ocrx_word' id='word_1_241' title='bbox 811 1886 856 1924; x_wconf 87' lang='lat' dir='ltr'><strong>In</strong></span> <span class='ocrx_word' id='word_1_242' title='bbox 878 1885 1071 1923; x_wconf 85' lang='lat' dir='ltr'><strong>Eneomio</strong></span> <span class='ocrx_word' id='word_1_243' title='bbox 1092 1885 1134 1924; x_wconf 90' lang='lat' dir='ltr'><strong>S.</strong></span> <span class='ocrx_word' id='word_1_244' title='bbox 1156 1882 1373 1922; x_wconf 79' lang='lat' dir='ltr'><strong>Athanasii.</strong></span> <span class='ocrx_word' id='word_1_245' title='bbox 1411 1894 1563 1920; x_wconf 62' lang='lat' dir='ltr'><strong>nonus.</strong></span> 
     </span>
    </p>

    <p class='ocr_par' dir='ltr' id='par_1_12' title="bbox 37 1939 1564 2568">
     <span class='ocr_line' id='line_1_31' title="bbox 151 1939 1563 1998; baseline -0.004 -16"><span class='ocrx_word' id='word_1_246' title='bbox 151 1941 250 1996; x_wconf 74' lang='lat' dir='ltr'><strong>Peg.</strong></span> <span class='ocrx_word' id='word_1_247' title='bbox 281 1945 383 1992; x_wconf 89' lang='lat'><strong>919,</strong></span> <span class='ocrx_word' id='word_1_248' title='bbox 412 1945 452 1984; x_wconf 83' lang='lat'><strong>2·</strong></span> <span class='ocrx_word' id='word_1_249' title='bbox 511 1945 550 1982; x_wconf 94' lang='grc' dir='ltr'><strong>Γ</strong></span> <span class='ocrx_word' id='word_1_250' title='bbox 545 1940 731 1998; x_wconf 85' lang='grc' dir='ltr'><strong><em>ρηγόριος</em></strong></span> <span class='ocrx_word' id='word_1_251' title='bbox 758 1942 780 1984; x_wconf 78' lang='grc' dir='ltr'>ὁ</span> <span class='ocrx_word' id='word_1_252' title='bbox 805 1940 986 1994; x_wconf 74' lang='grc' dir='ltr'><strong><em>Δριμΰς]</em></strong></span> <span class='ocrx_word' id='word_1_253' title='bbox 1024 1941 1289 1993; x_wconf 86' lang='lat' dir='ltr'><strong>Pachymeres</strong></span> <span class='ocrx_word' id='word_1_254' title='bbox 1318 1940 1361 1978; x_wconf 89' lang='lat' dir='ltr'><strong>in</strong></span> <span class='ocrx_word' id='word_1_255' title='bbox 1386 1939 1563 1977; x_wconf 82' lang='lat' dir='ltr'><strong>Historia</strong></span> 
     </span>
     <span class='ocr_line' id='line_1_32' title="bbox 37 1996 1560 2052; baseline -0.006 -10"><span class='ocrx_word' id='word_1_256' title='bbox 37 1999 261 2039; x_wconf 74' lang='lat' dir='ltr'><strong>Andronici</strong></span> <span class='ocrx_word' id='word_1_257' title='bbox 280 1999 349 2038; x_wconf 72' lang='lat' dir='ltr'><strong>lib.</strong></span> <span class='ocrx_word' id='word_1_258' title='bbox 373 1999 457 2038; x_wconf 85' lang='lat' dir='ltr'><strong>VII.</strong></span> <span class='ocrx_word' id='word_1_259' title='bbox 477 2013 563 2052; x_wconf 88' lang='lat' dir='ltr'><strong>cap.</strong></span> <span class='ocrx_word' id='word_1_260' title='bbox 588 2003 653 2043; x_wconf 88' lang='lat'><strong>15.</strong></span> <span class='ocrx_word' id='word_1_261' title='bbox 682 2007 819 2039; x_wconf 83' lang='lat' dir='ltr'><strong>narrat</strong></span> <span class='ocrx_word' id='word_1_262' title='bbox 843 1998 1064 2051; x_wconf 87' lang='lat' dir='ltr'><strong>quendam,</strong></span> <span class='ocrx_word' id='word_1_263' title='bbox 1093 2003 1356 2049; x_wconf 79' lang='lat' dir='ltr'><strong>cognomento</strong></span> <span class='ocrx_word' id='word_1_264' title='bbox 1379 1996 1560 2047; x_wconf 81' lang='lat' dir='ltr'><strong>Drimyn,</strong></span> 
     </span>
     <span class='ocr_line' id='line_1_33' title="bbox 38 2053 1564 2108; baseline -0.004 -12"><span class='ocrx_word' id='word_1_265' title='bbox 38 2058 254 2097; x_wconf 75' lang='lat' dir='ltr'><strong>sacerdotii</strong></span> <span class='ocrx_word' id='word_1_266' title='bbox 275 2056 507 2108; x_wconf 81' lang='lat' dir='ltr'><strong>dignitatem</strong></span> <span class='ocrx_word' id='word_1_267' title='bbox 534 2070 675 2097; x_wconf 83' lang='lat' dir='ltr'><strong>ausum</strong></span> <span class='ocrx_word' id='word_1_268' title='bbox 698 2058 777 2096; x_wconf 91' lang='lat' dir='ltr'><strong>sibi</strong></span> <span class='ocrx_word' id='word_1_269' title='bbox 794 2070 994 2108; x_wconf 86' lang='lat' dir='ltr'><strong>arrogare,</strong></span> <span class='ocrx_word' id='word_1_270' title='bbox 1023 2056 1271 2108; x_wconf 87' lang='lat' dir='ltr'><strong>eundemque</strong></span> <span class='ocrx_word' id='word_1_271' title='bbox 1292 2068 1334 2094; x_wconf 86' lang='lat' dir='ltr'><strong>se</strong></span> <span class='ocrx_word' id='word_1_272' title='bbox 1353 2053 1401 2092; x_wconf 89' lang='lat' dir='ltr'><strong>ab</strong></span> <span class='ocrx_word' id='word_1_273' title='bbox 1420 2054 1564 2091; x_wconf 88' lang='lat' dir='ltr'><strong>Lasca·</strong></span> 
     </span>
     <span class='ocr_line' id='line_1_34' title="bbox 37 2111 1563 2165; baseline -0.003 -12"><span class='ocrx_word' id='word_1_274' title='bbox 37 2116 152 2154; x_wconf 85' lang='lat' dir='ltr'><strong>ribus</strong></span> <span class='ocrx_word' id='word_1_275' title='bbox 176 2115 393 2153; x_wconf 88' lang='lat' dir='ltr'><strong>oriundum</strong></span> <span class='ocrx_word' id='word_1_276' title='bbox 419 2113 689 2165; x_wconf 84' lang='lat' dir='ltr'><strong>iactitantem,</strong></span> <span class='ocrx_word' id='word_1_277' title='bbox 719 2129 847 2153; x_wconf 88' lang='lat' dir='ltr'><strong>novas</strong></span> <span class='ocrx_word' id='word_1_278' title='bbox 876 2127 941 2152; x_wconf 88' lang='lat' dir='ltr'><strong>res</strong></span> <span class='ocrx_word' id='word_1_279' title='bbox 972 2114 1162 2155; x_wconf 65' lang='lat' dir='ltr'><strong>molitum,</strong></span> <span class='ocrx_word' id='word_1_280' title='bbox 1186 2126 1292 2163; x_wconf 88' lang='lat' dir='ltr'><strong>esse,</strong></span> <span class='ocrx_word' id='word_1_281' title='bbox 1329 2124 1378 2149; x_wconf 87' lang='lat' dir='ltr'><strong>ac</strong></span> <span class='ocrx_word' id='word_1_282' title='bbox 1403 2111 1563 2149; x_wconf 85' lang='lat' dir='ltr'><strong>demum</strong></span> 
     </span>
     <span class='ocr_line' id='line_1_35' title="bbox 40 2166 1561 2224; baseline -0.004 -14"><span class='ocrx_word' id='word_1_283' title='bbox 40 2173 316 2211; x_wconf 84' lang='lat' dir='ltr'><strong>coniuratione</strong></span> <span class='ocrx_word' id='word_1_284' title='bbox 352 2170 598 2223; x_wconf 88' lang='lat' dir='ltr'><strong>deprehensa</strong></span> <span class='ocrx_word' id='word_1_285' title='bbox 636 2173 809 2211; x_wconf 87' lang='lat' dir='ltr'><strong>carceris</strong></span> <span class='ocrx_word' id='word_1_286' title='bbox 843 2171 1030 2224; x_wconf 86' lang='lat' dir='ltr'><strong>perpetui</strong></span> <span class='ocrx_word' id='word_1_287' title='bbox 1069 2184 1238 2223; x_wconf 89' lang='lat' dir='ltr'><strong>poenam</strong></span> <span class='ocrx_word' id='word_1_288' title='bbox 1276 2168 1457 2207; x_wconf 87' lang='lat' dir='ltr'><strong>subiisse.</strong></span> <span class='ocrx_word' id='word_1_289' title='bbox 1513 2166 1561 2204; x_wconf 86' lang='lat' dir='ltr'><strong>In</strong></span> 
     </span>
     <span class='ocr_line' id='line_1_36' title="bbox 40 2223 1561 2281; baseline -0.006 -12"><span class='ocrx_word' id='word_1_290' title='bbox 40 2243 131 2270; x_wconf 87' lang='lat' dir='ltr'><strong>eum</strong></span> <span class='ocrx_word' id='word_1_291' title='bbox 155 2236 287 2268; x_wconf 82' lang='lat' dir='ltr'><strong>exstat</strong></span> <span class='ocrx_word' id='word_1_292' title='bbox 307 2227 514 2267; x_wconf 81' lang='lat' dir='ltr'><strong>Athanasii</strong></span> <span class='ocrx_word' id='word_1_293' title='bbox 534 2229 785 2281; x_wconf 82' lang='lat' dir='ltr'><strong>patriarchae</strong></span> <span class='ocrx_word' id='word_1_294' title='bbox 807 2225 978 2281; x_wconf 80' lang='grc' dir='ltr'><strong><em>Γρᾶμμα</em></strong></span> <span class='ocrx_word' id='word_1_295' title='bbox 1004 2223 1319 2279; x_wconf 76' lang='grc' dir='ltr'><strong><em>στηλιτευτικὸν,</em></strong></span> <span class='ocrx_word' id='word_1_296' title='bbox 1349 2224 1464 2264; x_wconf 87' lang='lat' dir='ltr'><strong>cuius</strong></span> <span class='ocrx_word' id='word_1_297' title='bbox 1486 2236 1561 2261; x_wconf 86' lang='lat' dir='ltr'><strong>su-</strong></span> 
     </span>
     <span class='ocr_line' id='line_1_37' title="bbox 39 2282 1562 2340; baseline -0.005 -15"><span class='ocrx_word' id='word_1_298' title='bbox 39 2301 114 2340; x_wconf 83' lang='lat' dir='ltr'><strong>pra</strong></span> <span class='ocrx_word' id='word_1_299' title='bbox 134 2287 383 2325; x_wconf 83' lang='lat' dir='ltr'><strong>meminimus</strong></span> <span class='ocrx_word' id='word_1_300' title='bbox 404 2286 454 2324; x_wconf 89' lang='lat' dir='ltr'><strong>ad</strong></span> <span class='ocrx_word' id='word_1_301' title='bbox 475 2299 564 2338; x_wconf 85' lang='lat' dir='ltr'><strong>pag.</strong></span> <span class='ocrx_word' id='word_1_302' title='bbox 587 2290 679 2329; x_wconf 88' lang='lat'><strong>110.</strong></span> <span class='ocrx_word' id='word_1_303' title='bbox 697 2287 743 2328; x_wconf 91' lang='grc' dir='ltr'><strong>Β.</strong></span> <span class='ocrx_word' id='word_1_304' title='bbox 798 2286 984 2325; x_wconf 87' lang='lat' dir='ltr'><strong>Fortasse</strong></span> <span class='ocrx_word' id='word_1_305' title='bbox 1005 2286 1039 2323; x_wconf 86' lang='lat' dir='ltr'><strong>is</strong></span> <span class='ocrx_word' id='word_1_306' title='bbox 1060 2285 1146 2337; x_wconf 84' lang='lat' dir='ltr'><strong>ipse</strong></span> <span class='ocrx_word' id='word_1_307' title='bbox 1172 2291 1243 2333; x_wconf 82' lang='lat' dir='ltr'><strong>est,</strong></span> <span class='ocrx_word' id='word_1_308' title='bbox 1273 2296 1391 2335; x_wconf 85' lang='lat' dir='ltr'><strong>quem</strong></span> <span class='ocrx_word' id='word_1_309' title='bbox 1414 2282 1562 2330; x_wconf 80' lang='lat' dir='ltr'><strong>Grego-</strong></span> 
     </span>
     <span class='ocr_line' id='line_1_38' title="bbox 38 2338 1562 2396; baseline -0.005 -14"><span class='ocrx_word' id='word_1_310' title='bbox 38 2358 108 2383; x_wconf 80' lang='lat' dir='ltr'><strong>ras</strong></span> <span class='ocrx_word' id='word_1_311' title='bbox 129 2343 208 2382; x_wconf 89' lang='lat' dir='ltr'><strong>hoc</strong></span> <span class='ocrx_word' id='word_1_312' title='bbox 231 2345 321 2383; x_wconf 86' lang='lat' dir='ltr'><strong>loco</strong></span> <span class='ocrx_word' id='word_1_313' title='bbox 341 2343 574 2396; x_wconf 86' lang='lat' dir='ltr'><strong>magistrum</strong></span> <span class='ocrx_word' id='word_1_314' title='bbox 592 2345 774 2383; x_wconf 86' lang='lat' dir='ltr'><strong>Palamae</strong></span> <span class='ocrx_word' id='word_1_315' title='bbox 795 2343 903 2382; x_wconf 83' lang='lat' dir='ltr'><strong>facit.</strong></span> <span class='ocrx_word' id='word_1_316' title='bbox 959 2342 1042 2381; x_wconf 86' lang='lat' dir='ltr'><strong>Nec</strong></span> <span class='ocrx_word' id='word_1_317' title='bbox 1062 2342 1205 2391; x_wconf 86' lang='lat' dir='ltr'><strong>obstat,</strong></span> <span class='ocrx_word' id='word_1_318' title='bbox 1241 2339 1352 2393; x_wconf 87' lang='lat' dir='ltr'><strong>quod</strong></span> <span class='ocrx_word' id='word_1_319' title='bbox 1374 2338 1441 2390; x_wconf 89' lang='lat' dir='ltr'><strong>qui</strong></span> <span class='ocrx_word' id='word_1_320' title='bbox 1462 2349 1562 2375; x_wconf 85' lang='lat' dir='ltr'><strong>con·</strong></span> 
     </span>
     <span class='ocr_line' id='line_1_39' title="bbox 40 2396 1560 2454; baseline -0.007 -14"><span class='ocrx_word' id='word_1_321' title='bbox 40 2407 104 2440; x_wconf 85' lang='lat' dir='ltr'><strong>tra</strong></span> <span class='ocrx_word' id='word_1_322' title='bbox 132 2402 414 2454; x_wconf 83' lang='lat' dir='ltr'><strong>imperatorem</strong></span> <span class='ocrx_word' id='word_1_323' title='bbox 445 2401 690 2452; x_wconf 88' lang='lat' dir='ltr'><strong>coniuravit,</strong></span> <span class='ocrx_word' id='word_1_324' title='bbox 727 2401 762 2439; x_wconf 89' lang='lat' dir='ltr'><strong>is</strong></span> <span class='ocrx_word' id='word_1_325' title='bbox 793 2401 842 2439; x_wconf 92' lang='lat' dir='ltr'><strong>ab</strong></span> <span class='ocrx_word' id='word_1_326' title='bbox 869 2399 1085 2438; x_wconf 84' lang='lat' dir='ltr'><strong>Athanasio</strong></span> <span class='ocrx_word' id='word_1_327' title='bbox 1116 2399 1283 2438; x_wconf 82' lang='lat' dir='ltr'><strong>Ioannes</strong></span> <span class='ocrx_word' id='word_1_328' title='bbox 1319 2396 1560 2434; x_wconf 81' lang='lat' dir='ltr'><strong>nominetur.</strong></span> 
     </span>
     <span class='ocr_line' id='line_1_40' title="bbox 40 2450 1561 2506; baseline -0.003 -10"><span class='ocrx_word' id='word_1_329' title='bbox 40 2458 179 2496; x_wconf 81' lang='lat' dir='ltr'><strong>Potuit</strong></span> <span class='ocrx_word' id='word_1_330' title='bbox 198 2460 301 2497; x_wconf 89' lang='lat' dir='ltr'><strong>enim</strong></span> <span class='ocrx_word' id='word_1_331' title='bbox 323 2459 485 2498; x_wconf 89' lang='lat' dir='ltr'><strong>cucullo</strong></span> <span class='ocrx_word' id='word_1_332' title='bbox 512 2459 672 2499; x_wconf 85' lang='lat' dir='ltr'><strong>tandem</strong></span> <span class='ocrx_word' id='word_1_333' title='bbox 692 2457 837 2497; x_wconf 87' lang='lat' dir='ltr'><strong>induto</strong></span> <span class='ocrx_word' id='word_1_334' title='bbox 862 2470 1009 2497; x_wconf 88' lang='lat' dir='ltr'><strong>nomen</strong></span> <span class='ocrx_word' id='word_1_335' title='bbox 1037 2462 1215 2506; x_wconf 84' lang='lat' dir='ltr'><strong>mutare,</strong></span> <span class='ocrx_word' id='word_1_336' title='bbox 1245 2468 1293 2493; x_wconf 86' lang='lat' dir='ltr'><strong>ac</strong></span> <span class='ocrx_word' id='word_1_337' title='bbox 1311 2467 1388 2506; x_wconf 88' lang='lat' dir='ltr'><strong>pro</strong></span> <span class='ocrx_word' id='word_1_338' title='bbox 1411 2450 1561 2490; x_wconf 71' lang='lat' dir='ltr'><strong>Ioanne</strong></span> 
     </span>
     <span class='ocr_line' id='line_1_41' title="bbox 41 2513 1536 2568; baseline -0.001 -14"><span class='ocrx_word' id='word_1_339' title='bbox 41 2515 123 2554; x_wconf 87' lang='lat' dir='ltr'><strong>diei</strong></span> <span class='ocrx_word' id='word_1_340' title='bbox 150 2513 373 2568; x_wconf 77' lang='lat' dir='ltr'><strong>Gregorius.</strong></span> <span class='ocrx_word' id='word_1_341' title='bbox 421 2529 575 2556; x_wconf 70' lang='lat' dir='ltr'><strong>nomm.</strong></span> <span class='ocrx_word' id='word_1_342' title='bbox 1527 2561 1536 2568; x_wconf 91' lang='lat'><strong>.</strong></span> 
     </span>
    </p>

    <p class='ocr_par' dir='ltr' id='par_1_13' title="bbox 42 2563 1566 2854">
     <span class='ocr_line' id='line_1_42' title="bbox 153 2563 1558 2625; baseline -0.007 -10"><span class='ocrx_word' id='word_1_343' title='bbox 153 2574 256 2625; x_wconf 78' lang='lat' dir='ltr'><strong>Pag-</strong></span> <span class='ocrx_word' id='word_1_344' title='bbox 287 2575 390 2621; x_wconf 81' lang='lat'><strong>923,</strong></span> <span class='ocrx_word' id='word_1_345' title='bbox 422 2577 465 2617; x_wconf 87' lang='grc'><strong>3.</strong></span> <span class='ocrx_word' id='word_1_346' title='bbox 519 2572 564 2613; x_wconf 91' lang='lat' dir='ltr'><strong>‘O</strong></span> <span class='ocrx_word' id='word_1_347' title='bbox 588 2576 675 2620; x_wconf 84' lang='grc' dir='ltr'><strong><em>ταῖς</em></strong></span> <span class='ocrx_word' id='word_1_348' title='bbox 708 2570 925 2625; x_wconf 68' lang='grc' dir='ltr'><strong><em>ὑπεροχαῖς</em></strong></span> <span class='ocrx_word' id='word_1_349' title='bbox 953 2570 1035 2624; x_wconf 87' lang='grc' dir='ltr'><strong><em>είμι</em></strong></span> <span class='ocrx_word' id='word_1_350' title='bbox 1067 2571 1149 2609; x_wconf 76' lang='grc' dir='ltr'><strong>τῶν</strong></span> <span class='ocrx_word' id='word_1_351' title='bbox 1177 2567 1303 2618; x_wconf 73' lang='grc' dir='ltr'><strong><em>τιμῶν</em></strong></span> <span class='ocrx_word' id='word_1_352' title='bbox 1330 2563 1434 2614; x_wconf 87' lang='lat' dir='ltr'><strong>etc.]</strong></span> <span class='ocrx_word' id='word_1_353' title='bbox 1465 2563 1558 2600; x_wconf 79' lang='lat' dir='ltr'><strong>Flut</strong></span> 
     </span>
     <span class='ocr_line' id='line_1_43' title="bbox 42 2617 1561 2674; baseline -0.008 -7"><span class='ocrx_word' id='word_1_354' title='bbox 42 2629 274 2668; x_wconf 87' lang='lat' dir='ltr'><strong>Barlaamus</strong></span> <span class='ocrx_word' id='word_1_355' title='bbox 294 2630 426 2669; x_wconf 86' lang='lat' dir='ltr'><strong>Abbas</strong></span> <span class='ocrx_word' id='word_1_356' title='bbox 453 2629 685 2669; x_wconf 88' lang='lat' dir='ltr'><strong>monasterii</strong></span> <span class='ocrx_word' id='word_1_357' title='bbox 711 2630 751 2667; x_wconf 89' lang='lat' dir='ltr'><strong>S.</strong></span> <span class='ocrx_word' id='word_1_358' title='bbox 781 2627 997 2667; x_wconf 82' lang='lat' dir='ltr'><strong>Salvatoris</strong></span> <span class='ocrx_word' id='word_1_359' title='bbox 1017 2624 1315 2674; x_wconf 78' lang='lat' dir='ltr'><strong>constantinop.</strong></span> <span class='ocrx_word' id='word_1_360' title='bbox 1372 2619 1481 2658; x_wconf 84' lang='lat' dir='ltr'><strong>Idem</strong></span> <span class='ocrx_word' id='word_1_361' title='bbox 1510 2617 1561 2656; x_wconf 86' lang='lat' dir='ltr'><strong>ad</strong></span> 
     </span>
     <span class='ocr_line' id='line_1_44' title="bbox 42 2677 1563 2739; baseline -0.007 -15"><span class='ocrx_word' id='word_1_362' title='bbox 42 2699 188 2738; x_wconf 88' lang='lat' dir='ltr'><strong>papam</strong></span> <span class='ocrx_word' id='word_1_363' title='bbox 209 2686 366 2738; x_wconf 88' lang='lat' dir='ltr'><strong>legatus</strong></span> <span class='ocrx_word' id='word_1_364' title='bbox 396 2688 471 2727; x_wconf 88' lang='lat' dir='ltr'><strong>ivit</strong></span> <span class='ocrx_word' id='word_1_365' title='bbox 496 2702 558 2728; x_wconf 90' lang='lat' dir='ltr'><strong>an.</strong></span> <span class='ocrx_word' id='word_1_366' title='bbox 591 2686 682 2725; x_wconf 79' lang='lat' dir='ltr'><strong>Chr.</strong></span> <span class='ocrx_word' id='word_1_367' title='bbox 713 2685 1043 2725; x_wconf 82' lang='lat' dir='ltr'><strong>MCCCXXXIX.</strong></span> <span class='ocrx_word' id='word_1_368' title='bbox 1083 2681 1182 2721; x_wconf 87' lang='lat' dir='ltr'><strong>Vide</strong></span> <span class='ocrx_word' id='word_1_369' title='bbox 1217 2678 1434 2718; x_wconf 80' lang='lat' dir='ltr'><strong>Odoricum</strong></span> <span class='ocrx_word' id='word_1_370' title='bbox 1459 2677 1563 2739; x_wconf 49' lang='lat' dir='ltr'><strong>Rag-</strong></span> 
     </span>
     <span class='ocr_line' id='line_1_45' title="bbox 42 2732 1566 2794; baseline -0.007 -14"><span class='ocrx_word' id='word_1_371' title='bbox 42 2743 208 2782; x_wconf 87' lang='lat' dir='ltr'><strong>naldum</strong></span> <span class='ocrx_word' id='word_1_372' title='bbox 234 2743 285 2782; x_wconf 90' lang='lat' dir='ltr'><strong>ad</strong></span> <span class='ocrx_word' id='word_1_373' title='bbox 306 2757 395 2783; x_wconf 91' lang='lat' dir='ltr'><strong>eum</strong></span> <span class='ocrx_word' id='word_1_374' title='bbox 417 2759 586 2793; x_wconf 86' lang='lat' dir='ltr'><strong>annum,</strong></span> <span class='ocrx_word' id='word_1_375' title='bbox 616 2757 725 2783; x_wconf 87' lang='lat' dir='ltr'><strong>num.</strong></span> <span class='ocrx_word' id='word_1_376' title='bbox 753 2745 818 2785; x_wconf 87' lang='lat'><strong>19.</strong></span> <span class='ocrx_word' id='word_1_377' title='bbox 837 2749 876 2785; x_wconf 84' lang='lat' dir='ltr'><strong>et</strong></span> <span class='ocrx_word' id='word_1_378' title='bbox 897 2756 978 2794; x_wconf 83' lang='lat' dir='ltr'><strong>seq.</strong></span> <span class='ocrx_word' id='word_1_379' title='bbox 1022 2739 1124 2780; x_wconf 84' lang='lat' dir='ltr'><strong>Vide</strong></span> <span class='ocrx_word' id='word_1_380' title='bbox 1152 2744 1191 2777; x_wconf 85' lang='lat' dir='ltr'><strong>et</strong></span> <span class='ocrx_word' id='word_1_381' title='bbox 1213 2737 1476 2775; x_wconf 84' lang='lat' dir='ltr'><strong>Cantacuzen.</strong></span> <span class='ocrx_word' id='word_1_382' title='bbox 1495 2732 1566 2771; x_wconf 68' lang='lat'><strong>112-</strong></span> 
     </span>
     <span class='ocr_line' id='line_1_46' title="bbox 45 2799 823 2854; baseline 0.001 -16"><span class='ocrx_word' id='word_1_383' title='bbox 45 2807 141 2839; x_wconf 88' lang='lat' dir='ltr'><strong>stor.</strong></span> <span class='ocrx_word' id='word_1_384' title='bbox 164 2799 233 2838; x_wconf 88' lang='lat' dir='ltr'><strong>lib.</strong></span> <span class='ocrx_word' id='word_1_385' title='bbox 251 2800 303 2839; x_wconf 89' lang='lat' dir='ltr'><strong>ll.</strong></span> <span class='ocrx_word' id='word_1_386' title='bbox 330 2815 414 2854; x_wconf 90' lang='lat' dir='ltr'><strong>cap.</strong></span> <span class='ocrx_word' id='word_1_387' title='bbox 437 2802 627 2840; x_wconf 73' lang='lat' dir='ltr'><strong>XXXIX.</strong></span> <span class='ocrx_word' id='word_1_388' title='bbox 669 2813 823 2839; x_wconf 69' lang='lat' dir='ltr'><strong>nonvtx.</strong></span> 
     </span>
    </p>
   </div>
  </div>
 </body>
</html>
