1794 3172
357 153 675 204 HISTORIAE
696 157 1077 205 ‚BYZANTINAE
1103 157 1245 207 XXII.
1261 161 1302 209 4.
1426 152 1558 205 1051

79 267 231 310 τοῦτον
250 266 518 323 διατεθῆναι,
546 265 724 325 τὴν·τῆς
745 268 849 325 ἐμῆς
869 267 1001 321 οἰκίας
1019 266 1151 321 εὗθῦς
1168 265 1433 326 θεασάμενον
1452 287 1560 329 συμ-
1569 288 1608 322 A.
1629 290 1669 323 c,
1687 289 1775 327 1351

77 334 217 393 φορὰν
250 335 320 379 καὶ
350 335 429 392 τὴν
457 335 603 394 καινὴν
629 339 889 400 τραγῳδίαν,
927 339 996 382 καὶ
1020 338 1091 382 διὰ
1116 343 1241 384 τοῦτο
1272 339 1380 384 καθ’
1408 336 1775 387 ἓαυτὸνῘωΡ·Ῑο·Ο““·

74 402 291 461 γενόμενον
312 404 379 448 ἐπὶ
399 403 550 450 τούτου
575 408 751 451 καθίσαι
769 411 847 452 τοῦ
865 404 1102 464 σχήματος,
1134 406 1269 467 ἡσυχῇ
1291 407 1435 462 πάθος
1462 410 1553 472 (ἕν-
1561 384 1738 463 otacuz.5

74 473 149 524 τὸς
175 473 253 525 τὰς
280 472 501 531 αἰσθήσεις
520 476 578 527 εἷς
595 475 648 520 τὰ
676 481 752 533 τῆς
777 481 919 533 ψυχῆς
944 475 1163 536 α’πόρρητα
1190 478 1452 540 στρέψαντα)
1486 483 1558 524 καὶ

45 543 154 594 δτιὶς
174 547 251 599 τῆς
271 541 399 600 τύχης
417 545 462 588 ἐν
480 549 540 605 νῷ
560 550 803 601 συνορῶντα
824 544 1066 602 ’μεταβολάς
1079 559 1090 571 ·
1126 550 1216 599 πῶς
1246 544 1270 591 ὅ
1298 548 1351 592 τὰ
1382 553 1554 594 πλεῖστα

73 610 360 670 φθεγξάμενος
398 611 509 665 οἶκος
548 613 768 672 ἄφθογγος
805 616 1001 674 ἐξαίφνης
1037 616 1242 673 κατέστης
1291 618 1360 661 καὶ
1390 622 1480 670 πῶς
1507 620 1554 663 αἶ

61 685 155 726 -τῶν
187 680 249 725 ἀεὶ
273 680 528 740 προσιόντων
560 683 708 728 ἄλλοτ’
742 684 881 729 ἄλλων
909 689 1054 743 σοφῶν
1084 686 1301 730 συναυλίαι
1333 688 1404 731 καὶ
1436 692 1552 746 λογι-

69 752 140 794 καὶ
162 750 410 810 πανηγύρεις
438 754 508 796 καὶ
537 753 592 798 τὰ
624 754 755 810 σεμνὰ
783 758 868 798 τῶν
894 753 1065 812 ἀγώνων
1089 756 1251 799 ἐκείνων
1278 757 1550 812 παλαίσματα

69 822 235 878 φροῦδα
255 820 417 879 γέγονεν
436 822 480 866 ἐν
499 827 672 880 βραχεῖς
707 825 777 867 καὶ
795 828 886 875 πῶς
910 824 950 868 οἱ
967 828 1052 868 τῶν
1075 829 1386 881 μαθηματικῶν
1405 832 1587 884 πηγῶνῙ)

13 892 59 929 10
67 888 306 945 ἇταμίευτοι
325 889 474 949 ῥύακες
485 897 559 936 νῦν
569 892 798 948 ἄταμίευτα
815 898 996 950 σιγῶσαν
1013 893 1091 950 τὴν
1102 894 1276 952 ἐρημίαν
1287 893 1519 952 ἠλλάξαντο
1530 917 1549 955 3

65 960 134 1002 καὶ
154 964 244 1010 πῶς
265 960 306 1003 οἱ
332 965 418 1004 τῶν
439 959 702 1018 πολλαχόθεν
732 962 920 1020 ἀποριῶν
947 964 1015 1007 καὶ
1036 961 1193 1008 λύσεων
1209 968 1285 1020 τῆς
1307 963 1546 1022 ἀστροθεᾶ-
1620 975 1679 1024 j

62 1045 193 1083 μονος
219 1030 372 1087 σοφίας
399 1030 562 1075 δίαυλοι
581 1035 656 1076 νῦν
687 1032 730 1076 ἐν
747 1039 835 1083 τοῖς
853 1036 929 1089 τῆς
947 1030 1086 1089 λήθης
1112 1030 1347 1091 ἐκρύβησαν
1365 1032 1543 1092 τάφοις,·

63 1098 156 1152 ἐμοὶ
185 1099 262 1153 μὲν
289 1094 364 1143 οὖν
392 1100 557 1145 τοιαῦτ’
588 1101 728 1145 ἐδίδου
758 1101 808 1145 τό
841 1106 983 1158 σχῆμα
1015 1106 1092 1146 τοῦ
1126 1104 1251 1160 φίλου
1286 1104 1539 1160 λογίζεσθαι,

62 1168 132 1209 καὶ
151 1166 231 1212 ὅσα
256 1168 381 1213 πλείω
401 1167 565 1221 τούτοις
586 1170 736 1216 ἕπεται.
809 1170 904 1231 (Β.)
940 1169 1023 1216 Διὸ
1055 1173 1125 1215 καὶ
1155 1172 1284 1229 λέγειν
1313 1170 1543 1231 ἀρξάμενος

4 1247 52 1284 15
62 1234 183 1294 ἔγωγε
216 1239 308 1295 περὶ
338 1238 416 1294 μὲν
440 1243 526 1284 τῶν
548 1237 757 1299 ἡμετέρων
773 1237 923 1297 ἥκιστά
951 1256 1021 1295 σε,
1055 1242 1188 1299 φίλων
1218 1240 1360 1298 ἄριστε
1367 1275 1383 1296 ,
1411 1247 1541 1298 χαλε-

59 1307 216 1350 παίνειν
233 1305 415 1365 ἔφασκον
433 1306 534 1352 εἶναι
545 1309 696 1367 χρεῶν,
717 1310 800 1354 ἐπεὶ
818 1310 949 1366 μηδὲν
965 1314 1051 1355 τῶν
1068 1311 1112 1353 ἐν
1130 1311 1212 1371 βίῳ
1228 1315 1423 1368 χρηστῶν
1440 1312 1578 1367 εἶμι-Ε

57 1375 127 1432 γές
147 1374 241 1420 οὔδ’
261 1375 443 1435 ι’ίκρατον
461 1377 538 1435 ἔχει
557 1379 604 1423 τὸ
618 1386 768 1437 χαῖρον
782 1393 795 1405 ·
830 1379 937 1423 ἀλλὰ
956 1380 1151 1436 μέμικται
1169 1377 1306 1423 πάντα
1335 1380 1441 1438 πρὸς
1462 1386 1540 1425 τοῦ

61 1446 173 1489 Θεοῦ
181 1478 197 1499 ,
229 1445 423 1505 καθάπερ
437 1452 596 1508 χαλινῷ
618 1465 697 1492 τινι
717 1449 793 1505 τὴν
815 1448 1017 1505 διαμονὴν
1034 1453 1109 1493 τοῦ
1129 1455 1294 1507 φρονεῖν
1314 1449 1357 1492 ἐν
1372 1450 1541 1507 μέτροις

57 1514 322 1571 κατέχοντος·
358 1514 461 1560 εἶναι
479 1517 559 1575 γὰρ
589 1514 872 1574 παγχάλεπον,
910 1518 1134 1575 εὖροοῢντα
1164 1524 1258 1568 ταῖς
1284 1516 1539 1575 ἀμωσγέπως

0 1585 403 1641 Ξομακαριζομέναις
432 1583 576 1641 τύχαις
612 1591 690 1629 τοῦ
724 1588 822 1641 βίου
854 1586 989 1642 μένειν
1029 1588 1073 1630 ἐν
1109 1590 1169 1647 τῷ
1196 1590 1433 1630 καθεστῶτι
1459 1591 1535 1631 τοῦ

54 1652 205 1709 ἤθους.
241 1655 332 1711 περὶ
350 1654 396 1697 δὲ
412 1659 491 1698 σοῦ
509 1672 583 1710 μοι
603 1652 835 1710 θαυμάζειν
853 1654 979 1699 ἔπεισι
988 1688 1004 1709 ,
1042 1659 1131 1707 πῶς
1154 1652 1358 1699 τοσούτου
1377 1661 1533 1711 χειμῶ-

51 1739 127 1773 νος
157 1722 212 1766 τὰ
233 1726 308 1779 τῆς
339 1723 556 1780 ἐκκλησίας
582 1721 842 1782 ταράξαντος
878 1723 1093 1781 δόγματα,
1133 1724 1281 1781 ἣκιστα
1320 1723 1529 1781 γινώσκειν
1551 1726 1595 1764 P·
1612 1729 1683 1764 662

52 1798 141 1843 τοῖς
159 1793 297 1850 φίλοις
323 1789 443 1849 ἡμῖν,
479 1790 543 1845 οἷς
560 1793 614 1838 τὰ
630 1791 815 1850 μάλιστα
839 1793 1014 1853 θαρρεἴν
1034 1791 1211 1848 ἐδόκεις,
1252 1792 1371 1838 οὔπω
1398 1795 1529 1839 δέδω-

52 1958 139 2004 quia
158 1957 277 1994 domus
297 1969 395 1995 meae
415 1958 646 1996 mlamimtem
665 1970 859 2007 novamque
875 1958 1087 2007 tragoediam
1103 1958 1340 2006 conspiceret,
1358 1959 1455 1995 visus
1471 1964 1527 1997 eet

52 2005 135 2040 mihi
152 2005 230 2052 plus
253 2005 357 2040 solito
382 2007 609 2051 commoveri,
633 2013 738 2088 ataue
756 2008 836 2042 ideo
864 2007 910 2042 ad
935 2020 973 2042 se
987 2018 1147 2043 reversus
1167 2007 1274 2042 hocce
1290 2007 1444 2053 corporis
1461 2008 1527 2043 ha-

51 2052 127 2087 bitu
149 2051 304 2094 sedisse,
327 2064 450 2088 sensns
470 2058 630 2089 externos
651 2066 672 2089 a
716 2054 820 2089 animi
838 2059 975 2089 secreta
998 2052 1221 2095 convertisse,
1243 2057 1281 2089 et
1298 2064 1373 2089 cnm
1387 2058 1524 2089 nostros

50 2109 153 2133 casus
172 2109 214 2133 ac
232 2098 391 2134 fortunae
407 2099 665 2136 vicissitudines
687 2100 873 2146 tranquilla
890 2104 1003 2136 mente
1020 2100 1292 2142 considerasset,
1311 2100 1349 2135 in
1365 2101 1454 2135 haec
1470 2101 1526 2135 fe-

48 2155 90 2180 re
109 2145 216 2179 verba
235 2145 409 2191 erupisse=
441 2146 620 2187 Quomodo
634 2158 726 2201 quae
743 2151 797 2182 tot
819 2148 962 2182 vocibus
1006 2146 1156 2182 ersonuit
1177 2147 1314 2188 domus,
1336 2147 1524 2193 derepente

48 2191 244 2226 obmutuit?
275 2192 443 2238 quomodo
463 2196 582 2227 coetus
606 2192 677 2235 1111,
703 2193 749 2228 ad
768 2204 853 2239 quos
873 2193 934 2228 alii
996 2194 1047 2228 ‘as
1073 2204 1208 2239 semper
1233 2192 1444 2229 accedebant
1463 2204 1523 2228 sa-

48 2237 207 2284 pientes,
239 2238 405 2284 quomodo
430 2238 618 2274 rationales
651 2239 702 2274 illi
743 2244 928 2274 conventus
958 2245 995 2275 et
1020 2240 1217 2275 veneranda
1241 2239 1302 2274 illa
1333 2239 1520 2274 certamina

48 2283 163 2320 subito
181 2285 425 2320 evanuerunt?
457 2285 623 2331 quomodo
649 2285 906 2331 disciplinarum
925 2286 1056 2327 fontes,
1081 2286 1140 2332 qui
1157 2290 1211 2321 tot
1228 2284 1447 2320 scientiarum
1468 2285 1520 2319 ri-

47 2330 147 2365 vulos
169 2330 322 2365 omnibus
338 2331 548 2374 fundebant,
570 2343 659 2366 nunc
676 2331 712 2366 in
728 2332 931 2377 profundam
957 2336 994 2367 et
1011 2332 1153 2368 tacitam
1179 2331 1397 2367 solitudinem
1426 2342 1519 2366 com-

45 2375 172 2411 mutati
200 2377 309 2412 sunt?
339 2378 507 2424 quomodo
536 2378 684 2424 denique
704 2378 785 2413 illae
808 2379 952 2414 subinde
974 2384 1191 2414 recurrentes
1212 2378 1447 2424 quaestionum
1475 2388 1518 2411 ac

46 2422 252 2457 solutionum
270 2424 572 2459 astronomicarum
586 2424 852 2460 exercitationes
867 2424 934 2460 iam
951 2424 1122 2460 oblivione
1137 2424 1275 2460 deletae
1290 2424 1394 2458 sunt?
1417 2423 1520 2465 haec,

48 2473 87 2503 et
104 2468 172 2503 alia
186 2469 286 2515 plura
300 2470 355 2504 his
371 2470 581 2514 consimilia,
605 2470 687 2506 mihi
704 2470 888 2517 cogitanda
906 2471 1091 2507 obiiciebat
1109 2471 1208 2506 amici
1233 2470 1344 2505 nostri
1366 2469 1516 2503 habitus.

45 2515 133 2560 (11.)
154 2515 279 2561 Itaque
296 2516 391 2562 loqui
414 2528 576 2560 exorsus,
600 2517 836 2560 „calamitates
856 2517 1030 2564 (inquam)
1046 2521 1181 2552 nostras
1201 2528 1307 2562 aegre
1330 2516 1424 2550 ferre
1446 2525 1515 2549 non

43 2561 174 2604 debes,
198 2562 380 2597 amicorum
407 2563 558 2610 optime,
590 2563 861 2610 quandoquidem
894 2564 1022 2599 nullum
1045 2569 1100 2600 est
1118 2564 1186 2598 hac
1210 2564 1248 2598 in
1270 2563 1343 2596 vita
1366 2571 1515 2595 commo-

45 2607 147 2650 dum,
177 2607 270 2654 quod
301 2619 423 2655 puram
448 2615 487 2645 et
510 2610 615 2656 plane
645 2611 812 2645 sinceram
850 2609 1016 2645 laetitiam
1053 2610 1199 2645 afferam
1237 2607 1386 2654 quinimo
1416 2606 1514 2640 Deus

42 2654 156 2689 omnia
182 2654 413 2698 commiscuit,
436 2661 544 2702 atque
571 2656 623 2691 ita
646 2668 709 2692 nos
729 2657 847 2691 fraeno
872 2657 1018 2711 quodam
1043 2659 1200 2697 coel-ceu
1228 2666 1272 2689 ne
1299 2652 1381 2699 quid
1398 2652 1511 2694 nimis,

41 2699 103 2734 sed
123 2699 169 2734 ad
187 2701 455 2737 mediocritatem
471 2714 608 2749 semper
622 2704 808 2749 sapiamus.
852 2703 893 2736 Sl
921 2702 999 2749 quis
1022 2702 1112 2736 enim
1138 2707 1312 2753 utcunque
1334 2698 1512 2780 grosperis

40 2746 200 2781 fortunae
215 2746 357 2782 flatibus
375 2752 514 2790 utatur,
537 2749 569 2783 is
598 2745 702 2784 affimi
727 2760 926 2795 morumque
952 2748 1179 2783 constantiam
1205 2746 1301 2781 diffie
1426 2756 1512 2779 con-

40 2797 169 2827 servat.
214 2792 307 2828 Illud
323 2798 436 2830 autem
452 2795 536 2830 mihi
558 2796 742 2850 permirum
760 2794 906 2838 accidit,
930 2795 1024 2842 quod
1039 2805 1115 2829 cum
1131 2797 1230 2828 tanta
1244 2794 1430 2837 tempestas
1447 2802 1512 2845 ec·

40 2837 168 2876 clesiae
195 2839 358 2886 dogmata
378 2841 612 2888 perturbant,
643 2853 708 2878 nos
736 2841 865 2878 amicos
885 2847 987 2885 tuos,
1016 2840 1139 2888 quibus
1168 2837 1341 2875 confidere
1368 2847 1512 2873 mamme
