1794 3172
352 153 669 200 ffls‘romAE
695 127 1069 200 BYZANTJNAE
1090 154 1229 200 xxn.
1247 160 1287 204 4.
1404 149 1538 199 1065

58 264 169 324 θέρα
188 268 358 323 τροπῆς.
401 263 486 323 χρὴ
514 258 588 308 οὖν
606 261 711 321 μήτε
733 263 995 321 συμβεβηκὸς
1016 263 1081 307 3⁷12
1109 269 1212 310 θεοῦ
1240 265 1394 325 λέγειν,
1430 264 1535 324 μήτε
1557 276 1643 309 A.c.
1662 275 1752 313 1351

60 334 274 392 ποιότητα.
310 337 396 378 τῶν
423 334 504 395 γὰρ
529 333 744 378 συνθέτων
772 338 920 378 ταῦτα.
967 331 1104 377 πάντα
1126 337 1152 379 δ
1159 334 1171 351 ’
1204 333 1284 380 ὅσα
1308 334 1387 392 32⁶³
1420 322 1752 405 &eag’lmgglpicgu-

62 403 183 464 φύσει
210 403 288 460 ἔχει
306 405 374 447 καὶ
396 403 471 446 οὐκ
492 399 732 460 ἕπίκτητα.”
766 401 843 446 εἴτ’
864 398 937 446 οὖν
956 402 1100 447 οὐσίαν
1124 403 1301 460 εἴποιμεν
1321 405 1398 462 τὴν
1421 406 1571 463 ε’νέρ-Ε

59 492 172 531 γειαν
192 471 348 529 ταύτην
365 473 428 515 ἐπὶ
450 477 577 526 θεοῦ,
614 476 690 528 τῆς
712 471 856 523 οὗσίας
878 473 1029 528 ἐκείνης
1050 470 1275 531 διάφορον,
1306 473 1385 519 εἴτε
1413 474 1534 520 ποιό-
1559 460 1599 494 V·
1613 459 1685 498 54⁰

30 548 169 599 5τητα
197 546 507 598 συμβεβηκυῖαν
541 540 752 592 οὗσιωδιῦς
782 541 889 584 κατὰ
921 542 989 595 σὲ,
1027 541 1076 585 τὸ
1105 543 1314 600 σφαλερὸν
1349 543 1530 590 ἀνίατον.

60 612 155 656 οὔτε
176 611 253 669 γὰρ
275 609 350 656 δύο
371 611 516 661 οὐσίας
538 608 717 654 δύναταί
743 627 806 661 τις
833 615 919 655 τῶν
948 610 1126 666 εὐσεβῶν
1147 612 1292 663 θεϊκὰς
1314 612 1530 669 ὀνομάσαι,

58 683 126 725 καὶ
157 679 231 724 δύο
257 680 471 736 ποιητικὰς
499 679 631 737 ἀρχὰς
667 677 742 739 (ὥς
780 679 865 724 ἄνω
894 698 974 723 που
1006 678 1228 736 δεδειχότες
1255 681 1449 742 ἔφθημεν
1487 685 1531 727 ἓν

57 754 231 801 πολλαῖς
251 748 510 793 διδασκάλων
531 747 664 806 ἁγίαις
682 749 881 807 γραφαῖς)
917 749 1011 793 οὔτε
1031 754 1106 805 τῆς
1122 751 1245 801 θειάς
1263 751 1405 803 οὐσίας
1425 753 1571 796 ἐκεί-Ε

56 837 133 876 νης
154 817 324 875 ποιότης
346 819 447 862 ποτὲ
472 823 679 875 νοηθῆναι
701 817 876 862 δύναται
898 817 1123 876 διάφορος,
1159 818 1186 875 ἢ
1218 822 1286 863 καὶ
1315 820 1531 879 οὖσιώδης.

0 894 47 930 10
59 889 106 933 τὸ
133 888 212 946 γὰρ
236 888 431 939 οὐσιῶδες
441 921 455 942 ,
491 889 619 946 μέρος
640 888 783 939 οὗσιάς
805 890 932 946 φασὶν
952 890 995 932 o‘t'
1010 906 1052 932 τε
1071 889 1388 946 τῆςέκκλησίας
1408 894 1534 950 σοφοὶ
1554 900 1596 937 Ρ.
1614 902 1686 938 670

58 956 322 1010 διδάσκαλοι,
360 956 416 1008 ὦς
439 957 632 1015 ἀνωτέρω
653 958 877 1012 δέδεικται,
912 959 979 1001 καὶ
1002 958 1041 1001 οἶ
1059 956 1256 1014 θύραθεν
1273 963 1349 1014 τῆς
1369 960 1538 1018 ἐπιστή-

56 1045 139 1083 μης
162 1031 246 1070 τῶν
267 1025 400 1084 λόγων
425 1025 584 1085 εὖρεταὶ
606 1029 675 1070 καὶ
694 1025 860 1078 κανόνες
881 1029 949 1070 καὶ
974 1025 1177 1082 στάθμαι.
1227 1021 1276 1070 οὗ
1295 1028 1375 1085 γὰρ
1404 1029 1534 1087 ἀφαι-

58 1097 256 1153 ρεθέντος
288 1100 537 1150 κολοβοῦται
575 1096 624 1139 τὸ
664 1095 787 1150 ὅλον,
822 1096 948 1154 μέρος
978 1094 1132 1153 ἀνάγκη
1168 1096 1289 1141 τοῦτ’
1325 1095 1427 1141 εἶναι
1457 1104 1533 1143 τοῦ

57 1165 171 1209 ὅλου.
210 1166 246 1207 εἷ
268 1159 342 1207 οὖν
360 1162 387 1219 ἦ
407 1164 585 1220 ἐνέργεια
605 1165 711 1220 αὗτὴ
730 1166 857 1223 μέρος
885 1167 970 1209 ἐστὶ
994 1171 1069 1221 τῆς
1088 1165 1232 1220 οὐσίας
1252 1166 1357 1210 κατὰ
1380 1168 1438 1221 oe,
1478 1167 1536 1220 ὥς

0 1242 46 1278 15
59 1232 285 1290 οὗσιώδης,
323 1233 408 1276 eine*
429 1236 519 1283 πῶς
549 1232 651 1276 ἄλλο
680 1234 794 1290 παρὰ
818 1235 895 1290 τὴν
921 1235 1093 1288 οὐσίαν,
1130 1233 1157 1290 ἢ
1189 1240 1279 1286 πῶς
1301 1235 1428 1293 μέρος
1457 1241 1533 1281 τοῦ

57 1304 263 1363 ἇμεροῦς;
299 1303 335 1345 εἲ
357 1302 403 1345 δὲ
420 1300 589 1357 ποιότης
607 1299 831 1360 διάφορος,
866 1307 955 1353 πῶς
971 1304 1101 1360 χωρὶς
1120 1301 1385 1360 ὑποκειμένου
1404 1303 1534 1350 δύνα-

54 1391 126 1417 ται
161 1377 369 1429 νοηθῆναι
396 1369 424 1427 ἢ
463 1375 671 1429 φανῆναι,·
715 1371 812 1414 οὐδὲ
851 1371 930 1429 γὰρ
969 1370 1066 1414 ἄνευ
1107 1370 1376 1428 ὑποκειμένου
1410 1377 1568 1433 σχοίηΒ

55 1442 155 1486 ποτ’
181 1441 232 1485 ἂν
251 1440 451 1499 ὓπαρξιν·
487 1439 535 1483 τὸ
566 1440 612 1483 δὲ
644 1439 704 1496 μὴ
731 1437 920 1497 ὑπάρχον
947 1444 1036 1490 πῶς
1062 1439 1188 1496 θεός,·
1226 1440 1328 1503 ὁρᾷς
1353 1448 1442 1494 πῶς
1465 1445 1533 1488 διαὶ

55 1517 134 1568 τῆς
161 1512 360 1569 ἐνεργείας
390 1507 547 1565 ταύτης
576 1510 632 1559 εἷς
664 1508 813 1551 ἆθεΐαν
839 1507 860 1552 ὅ
898 1513 1113 1564 Παλαμᾶς
1138 1508 1296 1553 ἐλαύνει
1330 1512 1429 1562 τοὺς
1459 1518 1533 1557 νῦν

0 1581 238 1637 Ξοᾶμαθεΐς
257 1584 332 1636 τῆς
347 1580 562 1634 ἐκκλησίας
576 1575 839 1635 προστάτας;
865 1577 1032 1621 Ἔπειτα
1056 1582 1145 1628 πῶς
1164 1576 1392 1637 διάφορονς
1416 1581 1531 1635 ,,οὗ-

55 1652 125 1694 δέν
146 1649 270 1708 γὰρ,”
299 1650 416 1706 φησὶ,
439 1651 559 1701 ,,τῶν
581 1645 682 1690 εἶναι
701 1645 926 1704 λεγομένων
943 1646 992 1690 τὸ
1017 1644 1191 1691 σύνολον
1211 1647 1289 1703 ἔχει
1310 1648 1358 1692 τό
1378 1651 1530 1707 κυρίως

56 1718 171 1764 εἶναι,
218 1717 368 1762 οὐκοῦν
389 1716 509 1762 οῦδὲν
537 1719 596 1778 τῷ
617 1719 705 1779 θεῷ
727 1716 775 1760 τὸ
798 1713 997 1774 παράπαν
1015 1716 1059 1769 ἐξ
1078 1715 1212 1761 ἀϊδίου
1235 1722 1531 1777 συνθεωρεῖται

55 1829 243 1867 mutatione
264 1828 431 1864 immunis.
478 1827 571 1863 Hinc
597 1825 635 1863 in
656 1826 731 1863 Deo
755 1839 866 1875 neque
888 1827 1048 1863 accidens
1067 1839 1144 1864 esse
1168 1827 1346 1864 dicendum
1367 1831 1442 1872 est,
1464 1840 1529 1865 ne-

56 1890 126 1923 que
145 1877 365 1922 qualitatem:
389 1877 476 1910 haec
493 1875 581 1910 enim
601 1875 799 1921 compositis
815 1875 953 1910 entibus
973 1876 1199 1911 conveniunt:
1223 1875 1284 1910 sed
1298 1886 1529 1922 quaecumque

54 1923 151 1958 Deus
179 1923 303 1964 habet,
328 1927 408 1957 sunt
430 1922 480 1956 illi
501 1921 691 1962 naturalia,
715 1934 781 1956 non
802 1927 915 1956 autem
934 1921 1160 1958 adventitia.’'
1205 1922 1317 1968 Igitur
1337 1922 1413 1956 sive
1433 1922 1531 1958 dica-

54 1981 129 2004 mus
158 1970 246 2004 hanc
269 1969 336 2004 Dei
361 1967 593 2014 operationem
614 1967 651 2002 in
674 1980 715 2002 eo
745 1980 821 2002 esse
850 1968 1045 2003 distinctam
1071 1981 1092 2004 a
1117 1969 1329 2011 substantia,
1355 1970 1430 2003 sive
1460 1970 1530 2014 (ut

55 2016 251 2060 existimas)
277 2016 475 2061 qualitatem
492 2026 570 2049 esse
585 2015 859 2049 substantialiter
876 2015 1106 2057 accidentem,
1130 2015 1166 2049 in
1188 2026 1339 2050 errorem
1353 2015 1528 2050 insanabi-

53 2061 119 2096 lem
136 2062 373 2107 impingemus.
420 2062 510 2096 Nam
530 2060 659 2106 piorum
680 2073 775 2095 nemo
804 2062 888 2096 duas
907 2066 1024 2107 potest
1047 2061 1116 2097 Dei
1138 2061 1348 2097 substantias
1373 2062 1528 2096 nomina-

53 2119 118 2150 re,
143 2114 179 2143 et
202 2109 270 2142 duo
297 2107 457 2142 effectiva
487 2106 676 2153 principia3
701 2114 741 2142 ut
762 2109 828 2142 iam
859 2114 963 2143 antea
987 2109 1102 2143 multis
1127 2114 1317 2143 sanctorum
1347 2107 1528 2144 doctorum

52 2154 259 2189 testimoniis
288 2154 621 2189 demonstraxfimus.‘
662 2154 786 2200 Neque
814 2166 962 2201 unquam
989 2156 1025 2188 in
1052 2155 1128 2190 Deo
1160 2154 1351 2201 excogitari
1375 2155 1527 2200 qualitas

53 2202 206 2247 poterit,
229 2212 319 2246 quae
334 2213 355 2236 a
374 2201 492 2234 divina
519 2200 714 2234 substantia
734 2200 986 2246 distinguatur,
1012 2207 1074 2236 aut
1094 2212 1183 2247 quae
1209 2201 1255 2235 sit
1278 2200 1525 2236 substantialis.

54 2247 162 2288 Quod
182 2247 269 2282 enim
286 2246 513 2282 substantiale
532 2251 604 2288 est,
630 2257 710 2291 pars
733 2252 787 2281 est
803 2248 1037 2290 substantiae,
1061 2252 1100 2282 ut
1116 2250 1241 2282 docent
1260 2252 1331 2282 tum
1351 2247 1527 2294 sapientes

54 2293 223 2328 ecclesiae
247 2294 426 2335 doctores,
450 2299 522 2328 tum
550 2293 737 2338 scriptores
764 2294 919 2339 profani,
944 2294 1003 2340 qui
1022 2295 1204 2329 verborum
1225 2293 1402 2328 scientiam
1426 2293 1526 2328 adin-

52 2345 243 2383 venerunt3
266 2340 310 2374 nd
327 2351 470 2386 quorum
489 2339 634 2385 proinde
652 2351 799 2374 canones
820 2346 856 2375 et
877 2341 1015 2386 regulas
1035 2352 1077 2375 ea
1102 2340 1347 2387 perpendenda
1363 2344 1427 2374 est.
1472 2338 1523 2372 Et

54 2391 152 2421 certe
168 2387 224 2428 id,
249 2398 316 2433 quo
334 2386 467 2421 sublato
485 2385 661 2420 mutilatur
682 2390 815 2428 totum,
839 2386 946 2421 totius
968 2391 1099 2433 partem
1121 2399 1198 2422 esse
1216 2398 1358 2421 necesse
1379 2390 1444 2419 est.
1480 2384 1521 2418 Si

53 2443 138 2478 ergo
163 2432 240 2478 ipsa
264 2433 442 2478 operatio,
467 2437 590 2478 utpote
612 2431 870 2474 substantialis,
894 2444 939 2467 ex
965 2440 1025 2468 tua
1050 2433 1221 2468 sententia
1250 2444 1332 2478 pars
1356 2437 1410 2466 est
1436 2431 1522 2463 sub-

53 2479 224 2520 stantiae,
247 2478 305 2513 dic
324 2479 423 2513 nobis
447 2489 515 2524 qua
529 2478 665 2513 tandem
685 2478 818 2513 ratione
840 2478 931 2514 aliud
948 2479 996 2515 sit
1017 2491 1038 2515 a
1053 2479 1266 2521 substantia,
1291 2483 1353 2512 aut
1375 2476 1423 2511 sit
1437 2486 1520 2521 pars

53 2523 159 2566 illius,
176 2525 270 2570 quod
290 2526 400 2560 nullas
423 2525 528 2559 habet
553 2525 698 2571 partes?
731 2524 771 2558 Si
791 2536 874 2559 vero
892 2525 962 2560 ista
982 2525 1136 2572 operatio
1157 2526 1306 2572 qualitas
1325 2527 1379 2558 est
1393 2533 1414 2556 a
1438 2521 1523 2555 sub-

54 2571 185 2612 stantia
198 2570 380 2613 distincta,
404 2572 572 2616 quomodo
589 2571 664 2606 sine
680 2571 838 2606 subiecto
857 2571 1004 2617 intelligi
1021 2577 1081 2607 ant
1097 2571 1248 2617 conspici
1266 2567 1408 2616 potest?
1431 2568 1521 2603 Nam

54 2617 129 2651 sine
142 2617 297 2652 subiecto
316 2617 550 2652 exsistentiam
567 2618 694 2652 habere
711 2628 883 2664 nunquam
898 2619 1039 2665 poterit.
1088 2617 1192 2659 Quod
1211 2622 1323 2651 autem
1344 2624 1411 2649 non
1425 2613 1519 2647 exsi-

51 2664 138 2704 stit,
161 2663 328 2708 quomodo
346 2663 443 2698 Deus
465 2663 559 2698 erit?
593 2664 700 2698 Vides
718 2674 787 2709 qua
803 2664 959 2706 ratione,
983 2676 1048 2710 per
1071 2665 1159 2699 hanc
1177 2664 1221 2698 de
1240 2661 1366 2696 divinis
1394 2671 1414 2693 ο
1441 2669 1520 2693 era-

51 2709 203 2744 tionibus
230 2709 441 2755 opinionem,
471 2709 650 2755 imperitos
682 2710 850 2745 ecclesiae
874 2710 1046 2746 antistites
1073 2710 1107 2744 in
1139 2708 1338 2744 atheismum
1362 2706 1412 2740 Pa
1427 2716 1519 2740 amas

50 2755 231 2800 impellat?
261 2756 397 2790 Deinde
418 2767 502 2791 vero
559 2757 594 2790 ui
615 2756 694 2791 fieri
720 2762 855 2801 posset,
886 2763 926 2792 ut
950 2757 1021 2792 ista
1053 2756 1170 2791 divina
1197 2753 1352 2799 operatio
1379 2756 1473 2786 esset
1497 2763 1519 2786 a

51 2799 119 2835 Dei
144 2802 336 2836 substantia
359 2768 556 2837 distincta}
586 2802 638 2836 Ut
657 2803 746 2837 enim
765 2802 815 2838 ait
832 2805 870 2839 S.
887 2802 1082 2845 Maximus,
1107 2812 1247 2844 „eorum
1267 2809 1355 2844 quae
1372 2808 1449 2832 esee
1466 2796 1519 2831 di-
1558 2829 1562 2833 .

49 2852 176 2883 cuntur
193 2848 278 2882 nihil
295 2849 400 2883 habet
424 2848 558 2883 omnino
575 2848 718 2894 proprie
734 2860 826 2886 esse.
870 2849 986 2896 Igitur
1003 2849 1089 2885 nihil
1113 2857 1253 2895 prorsus
1270 2855 1339 2881 m
1352 2855 1427 2880 cum
1443 2842 1518 2878 Deo

143 2905 360 2952 Nicephmn
377 2907 526 2954 angor.
561 2906 636 2943 Vol.
661 2907 711 2942 11.
1186 2897 1243 2939 68
