1794 3172
246 148 346 197 680
649 150 962 196 NICEPHORI
997 146 1320 194 GREGORAE

26 276 61 306 A.
79 272 124 304 M.
144 270 236 307 6852
248 265 344 326 (A.)
384 268 481 309 Τῶν
503 281 546 322 γε
571 262 654 320 μὴν
684 262 768 304 ἐκεῖ
790 264 1069 318 συγκλητικῶν
1097 259 1135 303 οἳ
1163 255 1347 314 μάλιστα
1375 254 1542 305 πάντων
1562 252 1728 314 ι’σχῦον-

70 319 236 401 {wll-3325
247 334 312 387 τες
331 333 401 379 διά
422 353 464 378 τε
504 332 628 389 δόξης
670 331 789 388 ὄγκον
825 333 893 374 καὶ
921 328 1102 374 πλούτου
1128 326 1302 383 δύναμιν
1335 324 1388 386 ἐφ
1406 328 1420 344 ²
1448 328 1585 385 ἕτερον
1614 327 1728 384 ἐτρέ-

247 423 372 451 ποντο
395 402 619 460 βούλευμα.
640 403 708 444 ἵνα
729 400 807 458 γὰρ
831 400 972 450 αὐτοῖς
990 399 1059 442 ἐπ’
1085 398 1225 448 ἀδείας
1248 398 1308 453 εἴη
1331 402 1407 454 τῆς
1426 397 1557 454 ἀρχῆς
1574 413 1728 453 κατορ-

240 480 410 533 χεῒσθαι
446 474 513 516 καὶ
545 471 652 528 ἄγειν
684 472 751 513 καὶ
770 470 904 528 φέρειν
924 469 1044 512 τάκεῖ
1059 466 1283 525 πράγματα
1306 466 1385 523 ὅπη
1407 466 1454 510 τι)
1474 464 1729 521 βουλόμενον

244 544 516 599 ὑποτίθησιν,
552 539 598 584 ίἐν
616 542 659 583 ἐκ
686 544 768 583 τῶν
788 538 930 583 νόθων
960 539 1180 582 Βασιλείου
1202 541 1371 596 βρεφῶν
1393 540 1716 594 προσεποιοῦντο
1734 544 1756 581 5

248 617 375 671 ζητεῖν
398 614 454 662 εἷς
482 611 529 654 τὸ
560 614 635 666 τῆς
668 608 885 666 ἡγεμονίας
911 607 1146 666 πρόσχημα.
1186 605 1287 650 ὅθεν
1316 608 1372 657 εἷς
1392 605 1441 649 τὸ
1463 610 1540 662 τῆς
1560 610 1730 663 Τραπε-

207 686 412 737 Βζοῦντος
430 682 598 724 ἐπίνειον
627 676 986 723 καταπεπλευκότα
1008 678 1079 721 τὸν
1105 676 1328 733 Κομνηνόν
1358 675 1636 730 θεασαμένοις
1669 674 1724 718 τιὶ

246 754 322 809 μὲν
343 750 645 807 βεβουλευμένα
674 751 778 809 δρᾷν
802 750 842 800 ἐς
871 743 1081 805 προῦπτον
1109 746 1238 798 εὐθὺς
1269 746 1317 791 οὗ
1339 743 1455 801 μάλα
1472 743 1599 788 ἐδόκει
1611 778 1625 798 ,
1657 745 1730 788 ἵνα

247 823 307 879 μὴ
339 825 596 880 φωραθεΐσιν
626 818 815 874 ἐμποδῶν
848 816 868 862 ὅ
905 820 1037 875 δῆμος
1059 817 1245 875 γένηται,
1295 814 1516 871 σύμμαχον
1539 814 1641 870 ἔχων
1662 815 1731 856 καὶ

246 892 324 949 τὴν
358 890 451 948 ἄρτι
499 892 952 946 συγκαταπεπλευκυΐαν
989 892 1050 948 τῷ
1088 890 1297 947 Κομνηνῷ
1337 888 1454 929 δυοῖν
1486 887 1730 931 Λατινικῶν
1743 893 1788 930 10

247 966 348 1006 νεῶν
372 958 569 1015 δύναμιν·
608 959 702 1002 ἀλλ’
727 960 769 1001 ἓν
787 962 845 1017 τῷ
868 958 1015 1001 αὐτίκα
1039 955 1112 1009 ξύν
1130 974 1172 1014 γε
1201 964 1293 1008 ταῖς
1312 952 1562 1012 ἀνηκούσαις
1593 959 1732 1008 τιμαῖς

252 1028 463 1086 δεξάμενοι
499 1029 603 1088 ’πρὸς
643 1029 691 1072 τὸ
724 1029 808 1071 ἐκεῖ
837 1027 1000 1086 ἀρχεῖον
1039 1025 1258 1083 ἀνήγαγον.
1300 1025 1518 1082 γενομένης
1538 1024 1581 1067 δ’
1607 1022 1728 1066 ἑσπέ-

254 1118 352 1159 ρας,
390 1099 515 1142 αὐτὸν
541 1100 615 1154 μὲν
648 1096 702 1149 ῶς
724 1099 766 1140 ἒν
786 1098 921 1156 εἱρκτῇ
946 1101 1003 1157 τῷ
1035 1098 1223 1155 παλατίῳ
1245 1096 1529 1139 κατέκλεισαν·
1566 1098 1651 1136 τῶν
1680 1091 1729 1135 δ’

210 1174 242 1210 C
256 1170 368 1229 αὐτῷ
389 1169 688 1227 προσκειμένων
715 1166 869 1223 ὄχλων,
911 1166 999 1211 ὅσοι
1025 1167 1083 1224 μὴ
1105 1169 1280 1226 δρασμῷ
1312 1163 1576 1220 διεσώθησαν
1596 1163 1637 1213 ἒς
1659 1161 1734 1212 τὰς

251 1238 454 1298 τριήρεις,
493 1237 553 1290 οἷς
580 1239 654 1294 μὲν
685 1235 1020 1295 κατακεκόφθαι,
1061 1235 1121 1288 οἷς
1147 1236 1192 1280 δ’
1228 1237 1269 1287 ἐς
1294 1232 1574 1292 δεσμωτήριον
1592 1250 1731 1289 παρα-
1747 1240 1791 1276 15

253 1309 496 1367 πεπέμφθαι
523 1309 742 1366 γεγένηται.
781 1307 906 1351 αὐτὸν
931 1307 975 1351 δ’
1013 1302 1066 1350 αὖ
1098 1308 1139 1358 ἐς
1161 1306 1237 1363 τὴν
1255 1303 1476 1363 ὖστεραίαν
1498 1301 1735 1346 διαπόντιον

127 1383 247 1421 V.345
258 1383 314 1438 τῷ
343 1379 511 1438 έκτομία
540 1385 734 1436 φρουρεῖν
763 1375 1086 1436 ἐπεπόμφεισαν,
1133 1381 1209 1433 τῆς
1239 1380 1322 1420 τῶν
1353 1377 1630 1432 συγκλητικῶν
1659 1372 1734 1427 μὲν

253 1449 414 1492 ἐκείνων
433 1450 610 1506 φατρίας
628 1445 867 1504 ὑπάρχοντα
888 1450 955 1490 καὶ
976 1447 1118 1502 αὐτὸν,
1158 1445 1303 1502 ἔχοντα
1326 1446 1371 1490 δὲ
1388 1445 1462 1501 τὴν
1481 1448 1563 1487 τῶν
1583 1441 1742 1486 οὖτωσί

250 1535 339 1568 πως
359 1518 662 1573 ὠνομασμένων
683 1521 877 1573 Λιμνίων
896 1522 1121 1574 τηνικαῦτα
1142 1514 1384 1575 ἐπιτροπήν·
1422 1509 1480 1558 ὧν
1502 1513 1737 1562 διακοσίους

209 1587 368 1644 Βέγγῦς
399 1588 518 1643 διέχει
551 1586 789 1644 σταδιόυςῆ
824 1578 1164 1645 Τραπεζουντίων
1196 1584 1464 1644 μητρόπολις.
1504 1581 1663 1627 τούτων
1687 1581 1794 1624 δ’20

251 1656 364 1701 οὕτω
384 1658 769 1715 διαπεπραγμένων,
806 1656 887 1701 ὑπὸ
912 1660 1026 1702 δυοῖν
1055 1656 1081 1714 ἢ
1101 1661 1227 1715 τριῶν
1251 1659 1434 1716 διῳκεῖτο
1461 1656 1737 1710 συγκλητικῶν

254 1727 308 1771 τὰ
328 1729 411 1770 ἐκεῖ
426 1725 649 1785 πράγματα
659 1761 672 1781 ,
711 1732 959 1783 πλημμελῶς
979 1729 1055 1784 μὲν
1076 1730 1142 1771 καὶ
1164 1724 1330 1784 λάθρα,
1369 1729 1444 1769 τοῦ
1465 1722 1600 1780 δήμου
1621 1723 1740 1779 σφίσι

255 1798 575 1855 λοιδορουμένου
606 1799 675 1841 καὶ
714 1796 860 1841 στάσιν
903 1799 1063 1856 ἐγείρειν
1103 1797 1171 1841 διὰ
1208 1796 1380 1852 μελέτης
1410 1794 1598 1850 ἴχοντος·
1636 1794 1737 1851 διῳ-

253 1874 366 1919 Ακεῒτο
394 1867 435 1910 δ’
462 1863 547 1911 οὖν.
618 1866 705 1928 (Ε.)
737 1867 847 1912 Ἐπεὶ
866 1869 910 1912 δὲ
930 1875 1016 1920 τοῖς
1033 1867 1105 1913 τὸν
1139 1868 1328 1911 κίνδυνον
1349 1867 1570 1924 διαδρᾶσιν
1592 1864 1740 1906 ἐκεῖνον

264 2024 365 2060 terim
389 2024 418 2059 ii
443 2036 485 2060 ex
511 2026 747 2070 senatoribus,
780 2027 838 2074 qui
865 2026 1009 2063 omnium
1038 2026 1181 2062 maxime
1206 2026 1278 2062 illic
1305 2029 1342 2061 et
1362 2023 1535 2071 dignitate
1562 2024 1598 2057 et
1620 2020 1745 2067 opibus

264 2072 458 2117 pollebant,
489 2073 584 2107 aliud
610 2074 743 2108 consilii
768 2080 945 2121 ceperunt.
993 2075 1044 2110 Ut
1069 2074 1157 2110 enim
1184 2074 1321 2120 impune
1348 2083 1507 2108 summam
1538 2073 1746 2116 potestatem

265 2118 415 2153 ludibrio
440 2119 568 2154 habere
590 2127 752 2165 possent,
778 2133 819 2157 ac
841 2134 898 2157 res
919 2133 1034 2156 omnes
1062 2122 1157 2156 ferre
1184 2127 1220 2156 et
1238 2133 1344 2166 agere
1364 2132 1426 2165 pro
1443 2117 1605 2158 libidine,
1630 2116 1746 2150 infan-

266 2169 336 2200 tem
358 2177 401 2199 ex
425 2166 549 2211 spuriis
567 2167 687 2202 Basilii
706 2168 823 2203 liberis
841 2180 942 2204 unum
968 2173 1132 2214 expetere
1155 2181 1192 2203 se
1210 2169 1430 2208 simularunt,
1456 2165 1510 2201 cui
1527 2164 1663 2199 titulum
1679 2164 1744 2197 im-

264 2211 356 2266 perii
376 2212 560 2266 deferrent.
596 2215 718 2260 Itaque
737 2227 812 2250 cum
832 2216 875 2250 ad
896 2220 1028 2262 portum
1045 2216 1285 2262 Trapezuntis
1303 2214 1482 2260 appulsam
1502 2211 1664 2246 Comneni
1684 2222 1747 2244 na-

264 2269 333 2312 vim
351 2260 539 2304 conspicati
551 2265 678 2303 essent,
703 2274 744 2296 ea
761 2274 850 2307 quae
865 2262 1006 2297 decreta
1016 2263 1153 2298 fuerant
1170 2263 1283 2308 palam
1301 2261 1439 2307 quidem
1459 2265 1495 2294 et
1512 2259 1630 2292 statim
1647 2269 1750 2291 exse-

264 2315 324 2360 qur
339 2316 408 2339 non
426 2305 576 2360 placuit3
600 2319 654 2349 ne,
678 2307 707 2342 si
725 2308 1076 2354 deprehenderentur,
1102 2310 1245 2356 populus
1263 2307 1504 2354 impedimento
1522 2310 1628 2347 esset,
1652 2303 1750 2338 auxi:-

264 2350 583 2407 halremnhablturus
605 2355 707 2388 etiam
725 2355 816 2390 illam
834 2368 978 2399 manum,
1003 2368 1094 2402 quae
1110 2357 1242 2392 duabus
1259 2355 1397 2390 Latinis
1419 2353 1566 2389 navibus
1585 2363 1654 2385 una
1673 2362 1749 2385 curn

264 2397 437 2452 Mxehaele
456 2399 629 2434 Comneno
646 2401 792 2437 advecta
811 2403 939 2437 fuerat.
989 2402 1061 2438 Sed
1076 2404 1170 2439 illum
1190 2416 1210 2438 e
1230 2402 1379 2448 vestigio
1405 2401 1465 2446 (ut
1482 2411 1546 2446 par
1566 2397 1661 2442 erat)
1687 2398 1750 2431 ho-

262 2445 406 2479 norifice
426 2451 604 2491 exceptum
627 2447 662 2481 in
689 2449 851 2493 palatium
871 2450 1055 2486 deducunt.
1103 2451 1259 2497 Vespere
1287 2455 1402 2484 autem
1421 2447 1566 2482 eundem
1587 2445 1622 2479 in
1641 2445 1751 2479 aulam

263 2494 425 2536 tanquam
446 2491 481 2526 in
506 2504 676 2529 carcerem
702 2495 888 2531 includunt.
935 2497 991 2531 Ex
1014 2497 1118 2532 turba
1142 2509 1249 2539 vero,
1282 2507 1353 2542 qua
1379 2498 1455 2529 erat
1477 2493 1646 2538 stipatus,
1670 2489 1751 2537 qni*

266 2548 400 2591 cunque
423 2539 468 2592 ad
486 2539 644 2575 triremes
672 2554 747 2577 sese
770 2543 862 2577 haud
887 2554 1074 2589 recepere,
1098 2543 1125 2578 ii
1144 2543 1267 2590 partim
1293 2541 1405 2583 caesi,
1431 2540 1553 2587 partim
1579 2539 1614 2573 in
1633 2541 1752 2572 custo-

267 2582 344 2636 dias
363 2582 447 2617 dan.
482 2584 607 2639 ’Ipsum
628 2588 831 2623 Michaelem
860 2594 999 2635 postera
1028 2590 1086 2624 die
1106 2590 1193 2626 mari
1221 2588 1416 2636 impositum
1436 2586 1606 2622 Eunucho
1630 2589 1754 2619 custo-

267 2627 428 2684 diendum
449 2635 606 2686 mittunt,
631 2634 690 2679 qui
710 2641 746 2669 et
767 2635 843 2680 ipse
861 2647 937 2670 cum
957 2636 1026 2671 illis
1051 2636 1268 2672 senatoribus
1293 2635 1493 2670 societatem
1519 2633 1693 2673 conterat,
1718 2633 1755 2665 et

268 2686 312 2710 ns
326 2676 580 2729 quosLunmos
598 2686 726 2714 vocant
742 2686 811 2716 tum
829 2683 994 2727 temporis
1007 2688 1191 2729 praeeram
1215 2683 1275 2729 qui
1296 2682 1390 2717 locus
1404 2681 1629 2726 Trapezunte
1647 2677 1757 2712 distat

269 2721 428 2775 ducentls
447 2722 521 2757 fere
537 2726 677 2778 stadiis.
724 2727 789 2761 His
808 2728 857 2763 ita
878 2729 1106 2775 perpetratis,
1131 2742 1154 2765 a
1171 2729 1305 2764 duobus
1327 2728 1377 2762 ibi
1396 2732 1456 2762 aut
1481 2726 1591 2760 tribus
1617 2729 1756 2759 senato-

269 2768 367 2822 r1bus
394 2770 590 2824 respui->hoa
617 2773 940 2817 administrabatur,
974 2787 1155 2822 perperam
1179 2775 1317 2822 quidem
1341 2779 1378 2808 et
1398 2773 1604 2814 clanculum,
1629 2769 1757 2817 populo

271 2825 359 2860 1p81s
387 2820 598 2852 convmante
625 2822 660 2854 et
688 2820 890 2862 seditionem
921 2823 1132 2865 meditante3
1169 2822 1472 2857 administrabatur
1499 2825 1626 2854 tamen.
1673 2817 1758 2862 (V.)

273 2860 463 2908 Postquam
488 2874 570 2899 vero
591 2864 617 2900 ii
641 2866 702 2912 qui
721 2878 764 2902 ex
786 2868 851 2903 hoc
877 2869 1030 2915 periculo
1057 2869 1144 2905 salvi
1166 2873 1351 2906 evaserant
1374 2869 1493 2913 (erant
1511 2870 1626 2902 autem
1644 2875 1686 2900 ex
1703 2863 1760 2898 fa-
